<?xml version="1.0" encoding="UTF-8"?>
<alto xmlns:xsi="http://www.w3.org/2001/XMLSchema-instance"
      xmlns="http://www.loc.gov/standards/alto/ns-v2#"
      xmlns:page="http://schema.primaresearch.org/PAGE/gts/pagecontent/2013-07-15"
      xsi:schemaLocation="http://www.loc.gov/standards/alto/ns-v2# http://www.loc.gov/standards/alto/alto.xsd">
   <Description>
      <MeasurementUnit>pixel</MeasurementUnit>
      <OCRProcessing ID="IdOcr">
         <ocrProcessingStep>
            <processingDateTime>2020-06-19T10:10:02.836-04:00</processingDateTime>
            <processingSoftware>
               <softwareCreator>READ COOP</softwareCreator>
               <softwareName>Transkribus</softwareName>
            </processingSoftware>
         </ocrProcessingStep>
      </OCRProcessing>
   </Description>
   <Tags/>
   <Layout>
      <Page ID="Page1" PHYSICAL_IMG_NR="1" HEIGHT="3318" WIDTH="2286">
         <TopMargin HEIGHT="0" WIDTH="2286" VPOS="0" HPOS="0"/>
         <LeftMargin HEIGHT="3318" WIDTH="0" VPOS="0" HPOS="0"/>
         <RightMargin HEIGHT="3318" WIDTH="0" VPOS="0" HPOS="2286"/>
         <BottomMargin HEIGHT="0" WIDTH="2286" VPOS="3318" HPOS="0"/>
         <PrintSpace HEIGHT="3318" WIDTH="2286" VPOS="0" HPOS="0">
            <TextBlock ID="r1" HEIGHT="2510" WIDTH="773" VPOS="263" HPOS="414">
               <Shape>
                  <Polygon POINTS="414,263 414,2773 1187,2773 1187,263"/>
               </Shape>
               <TextLine ID="r1l2"
                         BASELINE="410"
                         HEIGHT="74"
                         WIDTH="703"
                         VPOS="336"
                         HPOS="479">
                  <String HEIGHT="74" WIDTH="117" VPOS="336" HPOS="456" CONTENT="⁋"/>
                  <SP HEIGHT="74" WIDTH="23" VPOS="336" HPOS="573"/>
                  <String HEIGHT="74"
                          WIDTH="398"
                          VPOS="336"
                          HPOS="502"
                          CONTENT="Distinctionis"/>
                  <SP HEIGHT="74" WIDTH="23" VPOS="336" HPOS="901"/>
                  <String HEIGHT="74"
                          WIDTH="375"
                          VPOS="336"
                          HPOS="807"
                          CONTENT="Decimaeoctauae"/>
               </TextLine>
               <TextLine ID="r1l3"
                         BASELINE="512"
                         HEIGHT="86"
                         WIDTH="334"
                         VPOS="426"
                         HPOS="675">
                  <String HEIGHT="86"
                          WIDTH="267"
                          VPOS="426"
                          HPOS="653"
                          CONTENT="Quaestio"/>
                  <SP HEIGHT="86" WIDTH="22" VPOS="426" HPOS="920"/>
                  <String HEIGHT="86"
                          WIDTH="178"
                          VPOS="426"
                          HPOS="831"
                          CONTENT="Prima."/>
               </TextLine>
               <TextLine ID="r1l4"
                         BASELINE="612"
                         HEIGHT="82"
                         WIDTH="273"
                         VPOS="530"
                         HPOS="919">
                  <String HEIGHT="82"
                          WIDTH="231"
                          VPOS="530"
                          HPOS="898"
                          CONTENT="Agister"/>
                  <SP HEIGHT="82" WIDTH="21" VPOS="530" HPOS="1129"/>
                  <String HEIGHT="82" WIDTH="126" VPOS="530" HPOS="1066" CONTENT="in"/>
                  <SP HEIGHT="82" WIDTH="21" VPOS="530" HPOS="1192"/>
                  <String HEIGHT="82" WIDTH="84" VPOS="530" HPOS="1108" CONTENT="de"/>
               </TextLine>
               <TextLine ID="r1l5"
                         BASELINE="645"
                         HEIGHT="54"
                         WIDTH="277"
                         VPOS="591"
                         HPOS="913">
                  <String HEIGHT="54"
                          WIDTH="228"
                          VPOS="591"
                          HPOS="897"
                          CONTENT="cimaoctaua"/>
                  <SP HEIGHT="54" WIDTH="16" VPOS="591" HPOS="1125"/>
                  <String HEIGHT="54"
                          WIDTH="130"
                          VPOS="591"
                          HPOS="1060"
                          CONTENT="distin"/>
               </TextLine>
               <TextLine ID="r1l6"
                         BASELINE="699"
                         HEIGHT="61"
                         WIDTH="274"
                         VPOS="638"
                         HPOS="912">
                  <String HEIGHT="61"
                          WIDTH="161"
                          VPOS="638"
                          HPOS="896"
                          CONTENT="ctione"/>
                  <SP HEIGHT="61" WIDTH="16" VPOS="638" HPOS="1057"/>
                  <String HEIGHT="61" WIDTH="81" VPOS="638" HPOS="1009" CONTENT="&amp;"/>
                  <SP HEIGHT="61" WIDTH="16" VPOS="638" HPOS="1089"/>
                  <String HEIGHT="61"
                          WIDTH="161"
                          VPOS="638"
                          HPOS="1025"
                          CONTENT="sequente"/>
               </TextLine>
               <TextLine ID="r1l7"
                         BASELINE="742"
                         HEIGHT="60"
                         WIDTH="268"
                         VPOS="682"
                         HPOS="916">
                  <String HEIGHT="60"
                          WIDTH="147"
                          VPOS="682"
                          HPOS="903"
                          CONTENT="tractat"/>
                  <SP HEIGHT="60" WIDTH="13" VPOS="682" HPOS="1050"/>
                  <String HEIGHT="60" WIDTH="80" VPOS="682" HPOS="1010" CONTENT="de"/>
                  <SP HEIGHT="60" WIDTH="13" VPOS="682" HPOS="1090"/>
                  <String HEIGHT="60"
                          WIDTH="147"
                          VPOS="682"
                          HPOS="1037"
                          CONTENT="clauibus."/>
               </TextLine>
               <TextLine ID="r1l8"
                         BASELINE="791"
                         HEIGHT="66"
                         WIDTH="268"
                         VPOS="725"
                         HPOS="912">
                  <String HEIGHT="66" WIDTH="84" VPOS="725" HPOS="895" CONTENT="&amp;"/>
                  <SP HEIGHT="66" WIDTH="17" VPOS="725" HPOS="979"/>
                  <String HEIGHT="66"
                          WIDTH="251"
                          VPOS="725"
                          HPOS="929"
                          CONTENT="conformiter"/>
                  <SP HEIGHT="66" WIDTH="17" VPOS="725" HPOS="1180"/>
                  <String HEIGHT="66" WIDTH="67" VPOS="725" HPOS="1113" CONTENT="ad"/>
               </TextLine>
               <TextLine ID="r1l9"
                         BASELINE="831"
                         HEIGHT="56"
                         WIDTH="266"
                         VPOS="775"
                         HPOS="914">
                  <String HEIGHT="56" WIDTH="94" VPOS="775" HPOS="898" CONTENT="ea"/>
                  <SP HEIGHT="56" WIDTH="16" VPOS="775" HPOS="992"/>
                  <String HEIGHT="56"
                          WIDTH="125"
                          VPOS="775"
                          HPOS="945"
                          CONTENT="quae"/>
                  <SP HEIGHT="56" WIDTH="16" VPOS="775" HPOS="1070"/>
                  <String HEIGHT="56"
                          WIDTH="172"
                          VPOS="775"
                          HPOS="1008"
                          CONTENT="prosequii"/>
               </TextLine>
               <TextLine ID="r1l10"
                         BASELINE="875"
                         HEIGHT="61"
                         WIDTH="266"
                         VPOS="814"
                         HPOS="915">
                  <String HEIGHT="61"
                          WIDTH="133"
                          VPOS="814"
                          HPOS="903"
                          CONTENT="aliquot"/>
                  <SP HEIGHT="61" WIDTH="12" VPOS="814" HPOS="1036"/>
                  <String HEIGHT="61"
                          WIDTH="181"
                          VPOS="814"
                          HPOS="1000"
                          CONTENT="quaestiones"/>
                  <SP HEIGHT="61" WIDTH="12" VPOS="814" HPOS="1181"/>
                  <String HEIGHT="61" WIDTH="48" VPOS="814" HPOS="1133" CONTENT="in"/>
               </TextLine>
               <TextLine ID="r1l11"
                         BASELINE="922"
                         HEIGHT="63"
                         WIDTH="258"
                         VPOS="859"
                         HPOS="919">
                  <String HEIGHT="63" WIDTH="82" VPOS="859" HPOS="907" CONTENT="nac"/>
                  <SP HEIGHT="63" WIDTH="12" VPOS="859" HPOS="989"/>
                  <String HEIGHT="63"
                          WIDTH="188"
                          VPOS="859"
                          HPOS="954"
                          CONTENT="distinctione"/>
                  <SP HEIGHT="63" WIDTH="12" VPOS="859" HPOS="1142"/>
                  <String HEIGHT="63"
                          WIDTH="82"
                          VPOS="859"
                          HPOS="1095"
                          CONTENT="propo"/>
               </TextLine>
               <TextLine ID="r1l12"
                         BASELINE="966"
                         HEIGHT="62"
                         WIDTH="277"
                         VPOS="904"
                         HPOS="906">
                  <String HEIGHT="62"
                          WIDTH="117"
                          VPOS="904"
                          HPOS="891"
                          CONTENT="nam."/>
                  <SP HEIGHT="62" WIDTH="15" VPOS="904" HPOS="1008"/>
                  <String HEIGHT="62"
                          WIDTH="131"
                          VPOS="904"
                          HPOS="964"
                          CONTENT="Primo"/>
                  <SP HEIGHT="62" WIDTH="15" VPOS="904" HPOS="1096"/>
                  <String HEIGHT="62"
                          WIDTH="146"
                          VPOS="904"
                          HPOS="1037"
                          CONTENT="quaeredo"/>
               </TextLine>
               <TextLine ID="r1l13"
                         BASELINE="1013"
                         HEIGHT="65"
                         WIDTH="284"
                         VPOS="948"
                         HPOS="906">
                  <String HEIGHT="65" WIDTH="124" VPOS="948" HPOS="888" CONTENT="cum"/>
                  <SP HEIGHT="65" WIDTH="18" VPOS="948" HPOS="1013"/>
                  <String HEIGHT="65"
                          WIDTH="213"
                          VPOS="948"
                          HPOS="959"
                          CONTENT="Magistro"/>
                  <SP HEIGHT="65" WIDTH="18" VPOS="948" HPOS="1172"/>
                  <String HEIGHT="65" WIDTH="107" VPOS="948" HPOS="1119" CONTENT="in"/>
                  <SP HEIGHT="65" WIDTH="18" VPOS="948" HPOS="1226"/>
                  <String HEIGHT="65" WIDTH="36" VPOS="948" HPOS="1155" CONTENT=""/>
               </TextLine>
               <TextLine ID="r1l14"
                         BASELINE="1054"
                         HEIGHT="63"
                         WIDTH="269"
                         VPOS="991"
                         HPOS="913">
                  <String HEIGHT="63"
                          WIDTH="179"
                          VPOS="991"
                          HPOS="898"
                          CONTENT="capitulo"/>
                  <SP HEIGHT="63" WIDTH="15" VPOS="991" HPOS="1077"/>
                  <String HEIGHT="63"
                          WIDTH="149"
                          VPOS="991"
                          HPOS="1033"
                          CONTENT="quirto"/>
                  <SP HEIGHT="63" WIDTH="15" VPOS="991" HPOS="1182"/>
                  <String HEIGHT="63" WIDTH="60" VPOS="991" HPOS="1122" CONTENT="hu"/>
               </TextLine>
               <TextLine ID="r1l16"
                         BASELINE="1098"
                         HEIGHT="61"
                         WIDTH="269"
                         VPOS="1037"
                         HPOS="913">
                  <String HEIGHT="61"
                          WIDTH="105"
                          VPOS="1037"
                          HPOS="898"
                          CONTENT="ius"/>
                  <SP HEIGHT="61" WIDTH="15" VPOS="1037" HPOS="1003"/>
                  <String HEIGHT="61"
                          WIDTH="239"
                          VPOS="1037"
                          HPOS="943"
                          CONTENT="distinctionis:"/>
               </TextLine>
               <TextLine ID="r1l17"
                         BASELINE="1140"
                         HEIGHT="70"
                         WIDTH="663"
                         VPOS="1070"
                         HPOS="520">
                  <String HEIGHT="70"
                          WIDTH="166"
                          VPOS="1070"
                          HPOS="506"
                          CONTENT="sacerdos"/>
                  <SP HEIGHT="70" WIDTH="14" VPOS="1070" HPOS="672"/>
                  <String HEIGHT="70"
                          WIDTH="152"
                          VPOS="1070"
                          HPOS="631"
                          CONTENT="virtute"/>
                  <SP HEIGHT="70" WIDTH="14" VPOS="1070" HPOS="782"/>
                  <String HEIGHT="70"
                          WIDTH="193"
                          VPOS="1070"
                          HPOS="741"
                          CONTENT="sacramenti"/>
                  <SP HEIGHT="70" WIDTH="14" VPOS="1070" HPOS="934"/>
                  <String HEIGHT="70"
                          WIDTH="221"
                          VPOS="1070"
                          HPOS="893"
                          CONTENT="poenitentiae"/>
                  <SP HEIGHT="70" WIDTH="14" VPOS="1070" HPOS="1114"/>
                  <String HEIGHT="70"
                          WIDTH="124"
                          VPOS="1070"
                          HPOS="1059"
                          CONTENT="aliquid"/>
               </TextLine>
               <TextLine ID="r1l18"
                         BASELINE="1175"
                         HEIGHT="50"
                         WIDTH="757"
                         VPOS="1125"
                         HPOS="426">
                  <String HEIGHT="50"
                          WIDTH="148"
                          VPOS="1125"
                          HPOS="411"
                          CONTENT="tollat"/>
                  <SP HEIGHT="50" WIDTH="15" VPOS="1125" HPOS="560"/>
                  <String HEIGHT="50" WIDTH="89" VPOS="1125" HPOS="515" CONTENT="de"/>
                  <SP HEIGHT="50" WIDTH="15" VPOS="1125" HPOS="604"/>
                  <String HEIGHT="50"
                          WIDTH="148"
                          VPOS="1125"
                          HPOS="560"
                          CONTENT="culpa."/>
                  <SP HEIGHT="50" WIDTH="15" VPOS="1125" HPOS="708"/>
                  <String HEIGHT="50" WIDTH="74" VPOS="1125" HPOS="663" CONTENT="&amp;"/>
                  <SP HEIGHT="50" WIDTH="15" VPOS="1125" HPOS="738"/>
                  <String HEIGHT="50"
                          WIDTH="119"
                          VPOS="1125"
                          HPOS="693"
                          CONTENT="quia"/>
                  <SP HEIGHT="50" WIDTH="15" VPOS="1125" HPOS="812"/>
                  <String HEIGHT="50" WIDTH="89" VPOS="1125" HPOS="767" CONTENT="in"/>
                  <SP HEIGHT="50" WIDTH="15" VPOS="1125" HPOS="856"/>
                  <String HEIGHT="50"
                          WIDTH="237"
                          VPOS="1125"
                          HPOS="812"
                          CONTENT="quartadecima"/>
                  <SP HEIGHT="50" WIDTH="15" VPOS="1125" HPOS="1049"/>
                  <String HEIGHT="50"
                          WIDTH="193"
                          VPOS="1125"
                          HPOS="990"
                          CONTENT="distinctioe"/>
               </TextLine>
               <TextLine ID="r1l19"
                         BASELINE="1229"
                         HEIGHT="59"
                         WIDTH="754"
                         VPOS="1170"
                         HPOS="424">
                  <String HEIGHT="59"
                          WIDTH="133"
                          VPOS="1170"
                          HPOS="409"
                          CONTENT="super"/>
                  <SP HEIGHT="59" WIDTH="15" VPOS="1170" HPOS="542"/>
                  <String HEIGHT="59"
                          WIDTH="103"
                          VPOS="1170"
                          HPOS="498"
                          CONTENT="hoc"/>
                  <SP HEIGHT="59" WIDTH="15" VPOS="1170" HPOS="601"/>
                  <String HEIGHT="59"
                          WIDTH="177"
                          VPOS="1170"
                          HPOS="557"
                          CONTENT="loquutus"/>
                  <SP HEIGHT="59" WIDTH="15" VPOS="1170" HPOS="734"/>
                  <String HEIGHT="59"
                          WIDTH="118"
                          VPOS="1170"
                          HPOS="690"
                          CONTENT="sum:"/>
                  <SP HEIGHT="59" WIDTH="15" VPOS="1170" HPOS="808"/>
                  <String HEIGHT="59"
                          WIDTH="148"
                          VPOS="1170"
                          HPOS="764"
                          CONTENT="paucis"/>
                  <SP HEIGHT="59" WIDTH="15" VPOS="1170" HPOS="912"/>
                  <String HEIGHT="59"
                          WIDTH="222"
                          VPOS="1170"
                          HPOS="868"
                          CONTENT="quaestionem"/>
                  <SP HEIGHT="59" WIDTH="15" VPOS="1170" HPOS="1089"/>
                  <String HEIGHT="59"
                          WIDTH="148"
                          VPOS="1170"
                          HPOS="1030"
                          CONTENT="expediam"/>
               </TextLine>
               <TextLine ID="r1l20"
                         BASELINE="1273"
                         HEIGHT="55"
                         WIDTH="745"
                         VPOS="1218"
                         HPOS="433">
                  <String HEIGHT="55"
                          WIDTH="149"
                          VPOS="1218"
                          HPOS="419"
                          CONTENT="Secundo"/>
                  <SP HEIGHT="55" WIDTH="14" VPOS="1218" HPOS="568"/>
                  <String HEIGHT="55"
                          WIDTH="176"
                          VPOS="1218"
                          HPOS="528"
                          CONTENT="inquiram:"/>
                  <SP HEIGHT="55" WIDTH="14" VPOS="1218" HPOS="704"/>
                  <String HEIGHT="55"
                          WIDTH="108"
                          VPOS="1218"
                          HPOS="663"
                          CONTENT="quid"/>
                  <SP HEIGHT="55" WIDTH="14" VPOS="1218" HPOS="772"/>
                  <String HEIGHT="55"
                          WIDTH="135"
                          VPOS="1218"
                          HPOS="731"
                          CONTENT="possit"/>
                  <SP HEIGHT="55" WIDTH="14" VPOS="1218" HPOS="866"/>
                  <String HEIGHT="55"
                          WIDTH="135"
                          VPOS="1218"
                          HPOS="826"
                          CONTENT="clauis"/>
                  <SP HEIGHT="55" WIDTH="14" VPOS="1218" HPOS="961"/>
                  <String HEIGHT="55"
                          WIDTH="176"
                          VPOS="1218"
                          HPOS="921"
                          CONTENT="ecclesiae"/>
                  <SP HEIGHT="55" WIDTH="14" VPOS="1218" HPOS="1097"/>
                  <String HEIGHT="55" WIDTH="81" VPOS="1218" HPOS="1056" CONTENT="in"/>
                  <SP HEIGHT="55" WIDTH="14" VPOS="1218" HPOS="1137"/>
                  <String HEIGHT="55"
                          WIDTH="95"
                          VPOS="1218"
                          HPOS="1083"
                          CONTENT="excom"/>
               </TextLine>
               <TextLine ID="r1l21"
                         BASELINE="1316"
                         HEIGHT="47"
                         WIDTH="751"
                         VPOS="1269"
                         HPOS="426">
                  <String HEIGHT="47"
                          WIDTH="196"
                          VPOS="1269"
                          HPOS="410"
                          CONTENT="catione."/>
                  <SP HEIGHT="47" WIDTH="16" VPOS="1269" HPOS="606"/>
                  <String HEIGHT="47"
                          WIDTH="147"
                          VPOS="1269"
                          HPOS="557"
                          CONTENT="circa"/>
                  <SP HEIGHT="47" WIDTH="16" VPOS="1269" HPOS="704"/>
                  <String HEIGHT="47"
                          WIDTH="131"
                          VPOS="1269"
                          HPOS="655"
                          CONTENT="quam"/>
                  <SP HEIGHT="47" WIDTH="16" VPOS="1269" HPOS="785"/>
                  <String HEIGHT="47"
                          WIDTH="196"
                          VPOS="1269"
                          HPOS="736"
                          CONTENT="materiam"/>
                  <SP HEIGHT="47" WIDTH="16" VPOS="1269" HPOS="932"/>
                  <String HEIGHT="47"
                          WIDTH="212"
                          VPOS="1269"
                          HPOS="883"
                          CONTENT="triplicem"/>
                  <SP HEIGHT="47" WIDTH="16" VPOS="1269" HPOS="1095"/>
                  <String HEIGHT="47"
                          WIDTH="147"
                          VPOS="1269"
                          HPOS="1030"
                          CONTENT="propone"/>
               </TextLine>
               <TextLine ID="r1l22"
                         BASELINE="1355"
                         HEIGHT="53"
                         WIDTH="751"
                         VPOS="1302"
                         HPOS="432">
                  <String HEIGHT="53" WIDTH="102" VPOS="1302" HPOS="415" CONTENT="re"/>
                  <SP HEIGHT="53" WIDTH="17" VPOS="1302" HPOS="517"/>
                  <String HEIGHT="53"
                          WIDTH="188"
                          VPOS="1302"
                          HPOS="466"
                          CONTENT="intendo"/>
                  <SP HEIGHT="53" WIDTH="17" VPOS="1302" HPOS="654"/>
                  <String HEIGHT="53"
                          WIDTH="273"
                          VPOS="1302"
                          HPOS="603"
                          CONTENT="quaestionem."/>
                  <SP HEIGHT="53" WIDTH="17" VPOS="1302" HPOS="876"/>
                  <String HEIGHT="53"
                          WIDTH="222"
                          VPOS="1302"
                          HPOS="825"
                          CONTENT="Accedendo"/>
                  <SP HEIGHT="53" WIDTH="17" VPOS="1302" HPOS="1046"/>
                  <String HEIGHT="53" WIDTH="102" VPOS="1302" HPOS="995" CONTENT="ad"/>
                  <SP HEIGHT="53" WIDTH="17" VPOS="1302" HPOS="1098"/>
                  <String HEIGHT="53"
                          WIDTH="154"
                          VPOS="1302"
                          HPOS="1029"
                          CONTENT="primam:"/>
               </TextLine>
               <TextLine ID="r1l23"
                         BASELINE="1405"
                         HEIGHT="49"
                         WIDTH="760"
                         VPOS="1356"
                         HPOS="421">
                  <String HEIGHT="49"
                          WIDTH="213"
                          VPOS="1356"
                          HPOS="406"
                          CONTENT="propositus"/>
                  <SP HEIGHT="49" WIDTH="15" VPOS="1356" HPOS="619"/>
                  <String HEIGHT="49"
                          WIDTH="106"
                          VPOS="1356"
                          HPOS="573"
                          CONTENT="est"/>
                  <SP HEIGHT="49" WIDTH="15" VPOS="1356" HPOS="679"/>
                  <String HEIGHT="49"
                          WIDTH="137"
                          VPOS="1356"
                          HPOS="634"
                          CONTENT="talis"/>
                  <SP HEIGHT="49" WIDTH="15" VPOS="1356" HPOS="771"/>
                  <String HEIGHT="49"
                          WIDTH="167"
                          VPOS="1356"
                          HPOS="725"
                          CONTENT="titulus"/>
                  <SP HEIGHT="49" WIDTH="15" VPOS="1356" HPOS="892"/>
                  <String HEIGHT="49"
                          WIDTH="243"
                          VPOS="1356"
                          HPOS="847"
                          CONTENT="quaestionis."/>
                  <SP HEIGHT="49" WIDTH="15" VPOS="1356" HPOS="1090"/>
                  <String HEIGHT="49" WIDTH="91" VPOS="1356" HPOS="1044" CONTENT="An"/>
                  <SP HEIGHT="49" WIDTH="15" VPOS="1356" HPOS="1135"/>
                  <String HEIGHT="49"
                          WIDTH="106"
                          VPOS="1356"
                          HPOS="1075"
                          CONTENT="sacer"/>
               </TextLine>
               <TextLine ID="r1l24"
                         BASELINE="1448"
                         HEIGHT="51"
                         WIDTH="758"
                         VPOS="1397"
                         HPOS="423">
                  <String HEIGHT="51"
                          WIDTH="104"
                          VPOS="1397"
                          HPOS="408"
                          CONTENT="dos"/>
                  <SP HEIGHT="51" WIDTH="15" VPOS="1397" HPOS="512"/>
                  <String HEIGHT="51"
                          WIDTH="223"
                          VPOS="1397"
                          HPOS="468"
                          CONTENT="euangelicus"/>
                  <SP HEIGHT="51" WIDTH="15" VPOS="1397" HPOS="691"/>
                  <String HEIGHT="51"
                          WIDTH="163"
                          VPOS="1397"
                          HPOS="646"
                          CONTENT="virtute"/>
                  <SP HEIGHT="51" WIDTH="15" VPOS="1397" HPOS="809"/>
                  <String HEIGHT="51"
                          WIDTH="208"
                          VPOS="1397"
                          HPOS="765"
                          CONTENT="sacramenti"/>
                  <SP HEIGHT="51" WIDTH="15" VPOS="1397" HPOS="973"/>
                  <String HEIGHT="51"
                          WIDTH="238"
                          VPOS="1397"
                          HPOS="928"
                          CONTENT="poenitentiae"/>
                  <SP HEIGHT="51" WIDTH="15" VPOS="1397" HPOS="1166"/>
                  <String HEIGHT="51"
                          WIDTH="74"
                          VPOS="1397"
                          HPOS="1107"
                          CONTENT="tol"/>
               </TextLine>
               <TextLine ID="r1l25"
                         BASELINE="1493"
                         HEIGHT="59"
                         WIDTH="746"
                         VPOS="1434"
                         HPOS="426">
                  <String HEIGHT="59"
                          WIDTH="107"
                          VPOS="1434"
                          HPOS="411"
                          CONTENT="lat"/>
                  <SP HEIGHT="59" WIDTH="15" VPOS="1434" HPOS="517"/>
                  <String HEIGHT="59"
                          WIDTH="167"
                          VPOS="1434"
                          HPOS="472"
                          CONTENT="aliquid"/>
                  <SP HEIGHT="59" WIDTH="15" VPOS="1434" HPOS="639"/>
                  <String HEIGHT="59" WIDTH="91" VPOS="1434" HPOS="593" CONTENT="de"/>
                  <SP HEIGHT="59" WIDTH="15" VPOS="1434" HPOS="685"/>
                  <String HEIGHT="59"
                          WIDTH="152"
                          VPOS="1434"
                          HPOS="639"
                          CONTENT="culpa."/>
                  <SP HEIGHT="59" WIDTH="15" VPOS="1434" HPOS="791"/>
                  <String HEIGHT="59" WIDTH="76" VPOS="1434" HPOS="746" CONTENT="⁋"/>
                  <SP HEIGHT="59" WIDTH="15" VPOS="1434" HPOS="822"/>
                  <String HEIGHT="59"
                          WIDTH="137"
                          VPOS="1434"
                          HPOS="776"
                          CONTENT="Circa"/>
                  <SP HEIGHT="59" WIDTH="15" VPOS="1434" HPOS="913"/>
                  <String HEIGHT="59"
                          WIDTH="122"
                          VPOS="1434"
                          HPOS="868"
                          CONTENT="hanc"/>
                  <SP HEIGHT="59" WIDTH="15" VPOS="1434" HPOS="989"/>
                  <String HEIGHT="59"
                          WIDTH="228"
                          VPOS="1434"
                          HPOS="944"
                          CONTENT="quaestionem"/>
                  <SP HEIGHT="59" WIDTH="15" VPOS="1434" HPOS="1172"/>
                  <String HEIGHT="59" WIDTH="61" VPOS="1434" HPOS="1111" CONTENT="va"/>
               </TextLine>
               <TextLine ID="r1l26"
                         BASELINE="1528"
                         HEIGHT="48"
                         WIDTH="766"
                         VPOS="1480"
                         HPOS="418">
                  <String HEIGHT="48"
                          WIDTH="133"
                          VPOS="1480"
                          HPOS="401"
                          CONTENT="riae"/>
                  <SP HEIGHT="48" WIDTH="17" VPOS="1480" HPOS="535"/>
                  <String HEIGHT="48"
                          WIDTH="133"
                          VPOS="1480"
                          HPOS="485"
                          CONTENT="sunt"/>
                  <SP HEIGHT="48" WIDTH="17" VPOS="1480" HPOS="618"/>
                  <String HEIGHT="48"
                          WIDTH="233"
                          VPOS="1480"
                          HPOS="568"
                          CONTENT="opiniones."/>
                  <SP HEIGHT="48" WIDTH="17" VPOS="1480" HPOS="801"/>
                  <String HEIGHT="48"
                          WIDTH="117"
                          VPOS="1480"
                          HPOS="751"
                          CONTENT="vna"/>
                  <SP HEIGHT="48" WIDTH="17" VPOS="1480" HPOS="868"/>
                  <String HEIGHT="48"
                          WIDTH="117"
                          VPOS="1480"
                          HPOS="818"
                          CONTENT="est"/>
                  <SP HEIGHT="48" WIDTH="17" VPOS="1480" HPOS="934"/>
                  <String HEIGHT="48"
                          WIDTH="183"
                          VPOS="1480"
                          HPOS="884"
                          CONTENT="Hugonis"/>
                  <SP HEIGHT="48" WIDTH="17" VPOS="1480" HPOS="1067"/>
                  <String HEIGHT="48"
                          WIDTH="100"
                          VPOS="1480"
                          HPOS="1017"
                          CONTENT="de"/>
                  <SP HEIGHT="48" WIDTH="17" VPOS="1480" HPOS="1117"/>
                  <String HEIGHT="48"
                          WIDTH="133"
                          VPOS="1480"
                          HPOS="1051"
                          CONTENT="sancto"/>
               </TextLine>
               <TextLine ID="r1l27"
                         BASELINE="1583"
                         HEIGHT="60"
                         WIDTH="748"
                         VPOS="1523"
                         HPOS="432">
                  <String HEIGHT="60"
                          WIDTH="161"
                          VPOS="1523"
                          HPOS="417"
                          CONTENT="Victore"/>
                  <SP HEIGHT="60" WIDTH="15" VPOS="1523" HPOS="579"/>
                  <String HEIGHT="60"
                          WIDTH="132"
                          VPOS="1523"
                          HPOS="535"
                          CONTENT="libro"/>
                  <SP HEIGHT="60" WIDTH="15" VPOS="1523" HPOS="667"/>
                  <String HEIGHT="60"
                          WIDTH="161"
                          VPOS="1523"
                          HPOS="623"
                          CONTENT="secundo"/>
                  <SP HEIGHT="60" WIDTH="15" VPOS="1523" HPOS="784"/>
                  <String HEIGHT="60" WIDTH="88" VPOS="1523" HPOS="740" CONTENT="de"/>
                  <SP HEIGHT="60" WIDTH="15" VPOS="1523" HPOS="828"/>
                  <String HEIGHT="60"
                          WIDTH="235"
                          VPOS="1523"
                          HPOS="784"
                          CONTENT="sacramentis:"/>
                  <SP HEIGHT="60" WIDTH="15" VPOS="1523" HPOS="1019"/>
                  <String HEIGHT="60"
                          WIDTH="147"
                          VPOS="1523"
                          HPOS="975"
                          CONTENT="parte."/>
                  <SP HEIGHT="60" WIDTH="15" VPOS="1523" HPOS="1121"/>
                  <String HEIGHT="60"
                          WIDTH="117"
                          VPOS="1523"
                          HPOS="1063"
                          CONTENT="xiiii."/>
               </TextLine>
               <TextLine ID="r1l28"
                         BASELINE="1626"
                         HEIGHT="54"
                         WIDTH="754"
                         VPOS="1572"
                         HPOS="426">
                  <String HEIGHT="54"
                          WIDTH="110"
                          VPOS="1572"
                          HPOS="412"
                          CONTENT="cap."/>
                  <SP HEIGHT="54" WIDTH="14" VPOS="1572" HPOS="522"/>
                  <String HEIGHT="54"
                          WIDTH="123"
                          VPOS="1572"
                          HPOS="481"
                          CONTENT="viii."/>
                  <SP HEIGHT="54" WIDTH="14" VPOS="1572" HPOS="604"/>
                  <String HEIGHT="54"
                          WIDTH="165"
                          VPOS="1572"
                          HPOS="563"
                          CONTENT="tenentis"/>
                  <SP HEIGHT="54" WIDTH="14" VPOS="1572" HPOS="728"/>
                  <String HEIGHT="54"
                          WIDTH="110"
                          VPOS="1572"
                          HPOS="686"
                          CONTENT="quod"/>
                  <SP HEIGHT="54" WIDTH="14" VPOS="1572" HPOS="796"/>
                  <String HEIGHT="54" WIDTH="96" VPOS="1572" HPOS="755" CONTENT="per"/>
                  <SP HEIGHT="54" WIDTH="14" VPOS="1572" HPOS="851"/>
                  <String HEIGHT="54"
                          WIDTH="219"
                          VPOS="1572"
                          HPOS="810"
                          CONTENT="contritionem"/>
                  <SP HEIGHT="54" WIDTH="14" VPOS="1572" HPOS="1029"/>
                  <String HEIGHT="54"
                          WIDTH="178"
                          VPOS="1572"
                          HPOS="988"
                          CONTENT="obduratio"/>
                  <SP HEIGHT="54" WIDTH="14" VPOS="1572" HPOS="1166"/>
                  <String HEIGHT="54"
                          WIDTH="69"
                          VPOS="1572"
                          HPOS="1111"
                          CONTENT="seu"/>
               </TextLine>
               <TextLine ID="r1l29"
                         BASELINE="1668"
                         HEIGHT="53"
                         WIDTH="767"
                         VPOS="1615"
                         HPOS="420">
                  <String HEIGHT="53"
                          WIDTH="207"
                          VPOS="1615"
                          HPOS="405"
                          CONTENT="excaecatio"/>
                  <SP HEIGHT="53" WIDTH="15" VPOS="1615" HPOS="612"/>
                  <String HEIGHT="53"
                          WIDTH="162"
                          VPOS="1615"
                          HPOS="568"
                          CONTENT="mentis,"/>
                  <SP HEIGHT="53" WIDTH="15" VPOS="1615" HPOS="730"/>
                  <String HEIGHT="53"
                          WIDTH="162"
                          VPOS="1615"
                          HPOS="686"
                          CONTENT="collata"/>
                  <SP HEIGHT="53" WIDTH="15" VPOS="1615" HPOS="848"/>
                  <String HEIGHT="53"
                          WIDTH="148"
                          VPOS="1615"
                          HPOS="804"
                          CONTENT="gratia"/>
                  <SP HEIGHT="53" WIDTH="15" VPOS="1615" HPOS="951"/>
                  <String HEIGHT="53"
                          WIDTH="192"
                          VPOS="1615"
                          HPOS="907"
                          CONTENT="tollitur:"/>
                  <SP HEIGHT="53" WIDTH="15" VPOS="1615" HPOS="1099"/>
                  <String HEIGHT="53"
                          WIDTH="103"
                          VPOS="1615"
                          HPOS="1054"
                          CONTENT="sed"/>
                  <SP HEIGHT="53" WIDTH="15" VPOS="1615" HPOS="1158"/>
                  <String HEIGHT="53"
                          WIDTH="89"
                          VPOS="1615"
                          HPOS="1099"
                          CONTENT="rea"
                          SUBS_TYPE="HypPart1"
                          SUBS_CONTENT="reatus"/>
                  <HYP CONTENT="-"/>
               </TextLine>
               <TextLine ID="r1l30"
                         BASELINE="1714"
                         HEIGHT="56"
                         WIDTH="769"
                         VPOS="1658"
                         HPOS="418">
                  <String HEIGHT="56"
                          WIDTH="110"
                          VPOS="1658"
                          HPOS="402"
                          CONTENT="tus"
                          SUBS_TYPE="HypPart2"
                          SUBS_CONTENT="reatus"/>
                  <SP HEIGHT="56" WIDTH="16" VPOS="1658" HPOS="512"/>
                  <String HEIGHT="56"
                          WIDTH="188"
                          VPOS="1658"
                          HPOS="465"
                          CONTENT="aeternae"/>
                  <SP HEIGHT="56" WIDTH="16" VPOS="1658" HPOS="653"/>
                  <String HEIGHT="56"
                          WIDTH="235"
                          VPOS="1658"
                          HPOS="606"
                          CONTENT="damnationis"/>
                  <SP HEIGHT="56" WIDTH="16" VPOS="1658" HPOS="842"/>
                  <String HEIGHT="56"
                          WIDTH="126"
                          VPOS="1658"
                          HPOS="795"
                          CONTENT="sine"/>
                  <SP HEIGHT="56" WIDTH="16" VPOS="1658" HPOS="920"/>
                  <String HEIGHT="56"
                          WIDTH="235"
                          VPOS="1658"
                          HPOS="873"
                          CONTENT="confessione"/>
                  <SP HEIGHT="56" WIDTH="16" VPOS="1658" HPOS="1109"/>
                  <String HEIGHT="56"
                          WIDTH="110"
                          VPOS="1658"
                          HPOS="1061"
                          CONTENT="non"/>
                  <SP HEIGHT="56" WIDTH="16" VPOS="1658" HPOS="1171"/>
                  <String HEIGHT="56"
                          WIDTH="78"
                          VPOS="1658"
                          HPOS="1109"
                          CONTENT="de"
                          SUBS_TYPE="HypPart1"
                          SUBS_CONTENT="deletur."/>
                  <HYP CONTENT="-"/>
               </TextLine>
               <TextLine ID="r1l31"
                         BASELINE="1758"
                         HEIGHT="58"
                         WIDTH="766"
                         VPOS="1700"
                         HPOS="415">
                  <String HEIGHT="58"
                          WIDTH="147"
                          VPOS="1700"
                          HPOS="400"
                          CONTENT="letur."
                          SUBS_TYPE="HypPart2"
                          SUBS_CONTENT="deletur."/>
                  <SP HEIGHT="58" WIDTH="15" VPOS="1700" HPOS="548"/>
                  <String HEIGHT="58" WIDTH="74" VPOS="1700" HPOS="503" CONTENT="&amp;"/>
                  <SP HEIGHT="58" WIDTH="15" VPOS="1700" HPOS="577"/>
                  <String HEIGHT="58"
                          WIDTH="103"
                          VPOS="1700"
                          HPOS="533"
                          CONTENT="per"/>
                  <SP HEIGHT="58" WIDTH="15" VPOS="1700" HPOS="636"/>
                  <String HEIGHT="58"
                          WIDTH="206"
                          VPOS="1700"
                          HPOS="592"
                          CONTENT="consequens"/>
                  <SP HEIGHT="58" WIDTH="15" VPOS="1700" HPOS="798"/>
                  <String HEIGHT="58"
                          WIDTH="177"
                          VPOS="1700"
                          HPOS="754"
                          CONTENT="concedit"/>
                  <SP HEIGHT="58" WIDTH="15" VPOS="1700" HPOS="931"/>
                  <String HEIGHT="58"
                          WIDTH="118"
                          VPOS="1700"
                          HPOS="886"
                          CONTENT="quod"/>
                  <SP HEIGHT="58" WIDTH="15" VPOS="1700" HPOS="1004"/>
                  <String HEIGHT="58"
                          WIDTH="162"
                          VPOS="1700"
                          HPOS="960"
                          CONTENT="aliquis"/>
                  <SP HEIGHT="58" WIDTH="15" VPOS="1700" HPOS="1122"/>
                  <String HEIGHT="58"
                          WIDTH="103"
                          VPOS="1700"
                          HPOS="1078"
                          CONTENT="est"/>
                  <SP HEIGHT="58" WIDTH="15" VPOS="1700" HPOS="1181"/>
                  <String HEIGHT="58" WIDTH="59" VPOS="1700" HPOS="1122" CONTENT="re"/>
               </TextLine>
               <TextLine ID="r1l32"
                         BASELINE="1799"
                         HEIGHT="54"
                         WIDTH="754"
                         VPOS="1745"
                         HPOS="417">
                  <String HEIGHT="54"
                          WIDTH="231"
                          VPOS="1745"
                          HPOS="402"
                          CONTENT="conciliatus"/>
                  <SP HEIGHT="54" WIDTH="15" VPOS="1745" HPOS="632"/>
                  <String HEIGHT="54"
                          WIDTH="108"
                          VPOS="1745"
                          HPOS="586"
                          CONTENT="deo"/>
                  <SP HEIGHT="54" WIDTH="15" VPOS="1745" HPOS="694"/>
                  <String HEIGHT="54"
                          WIDTH="108"
                          VPOS="1745"
                          HPOS="648"
                          CONTENT="per"/>
                  <SP HEIGHT="54" WIDTH="15" VPOS="1745" HPOS="756"/>
                  <String HEIGHT="54"
                          WIDTH="185"
                          VPOS="1745"
                          HPOS="709"
                          CONTENT="gratiam:"/>
                  <SP HEIGHT="54" WIDTH="15" VPOS="1745" HPOS="894"/>
                  <String HEIGHT="54" WIDTH="77" VPOS="1745" HPOS="848" CONTENT="&amp;"/>
                  <SP HEIGHT="54" WIDTH="15" VPOS="1745" HPOS="925"/>
                  <String HEIGHT="54"
                          WIDTH="231"
                          VPOS="1745"
                          HPOS="879"
                          CONTENT="nihilominus"/>
                  <SP HEIGHT="54" WIDTH="15" VPOS="1745" HPOS="1109"/>
                  <String HEIGHT="54"
                          WIDTH="108"
                          VPOS="1745"
                          HPOS="1063"
                          CONTENT="est"/>
                  <SP HEIGHT="54" WIDTH="15" VPOS="1745" HPOS="1171"/>
                  <String HEIGHT="54" WIDTH="62" VPOS="1745" HPOS="1109" CONTENT="fi"/>
               </TextLine>
               <TextLine ID="r1l33"
                         BASELINE="1852"
                         HEIGHT="59"
                         WIDTH="763"
                         VPOS="1793"
                         HPOS="423">
                  <String HEIGHT="59"
                          WIDTH="113"
                          VPOS="1793"
                          HPOS="409"
                          CONTENT="lius"/>
                  <SP HEIGHT="59" WIDTH="14" VPOS="1793" HPOS="522"/>
                  <String HEIGHT="59"
                          WIDTH="113"
                          VPOS="1793"
                          HPOS="480"
                          CONTENT="irae"/>
                  <SP HEIGHT="59" WIDTH="14" VPOS="1793" HPOS="593"/>
                  <String HEIGHT="59" WIDTH="71" VPOS="1793" HPOS="550" CONTENT="&amp;"/>
                  <SP HEIGHT="59" WIDTH="14" VPOS="1793" HPOS="621"/>
                  <String HEIGHT="59"
                          WIDTH="170"
                          VPOS="1793"
                          HPOS="578"
                          CONTENT="aeternae"/>
                  <SP HEIGHT="59" WIDTH="14" VPOS="1793" HPOS="748"/>
                  <String HEIGHT="59"
                          WIDTH="226"
                          VPOS="1793"
                          HPOS="706"
                          CONTENT="perditionis:"/>
                  <SP HEIGHT="59" WIDTH="14" VPOS="1793" HPOS="932"/>
                  <String HEIGHT="59" WIDTH="71" VPOS="1793" HPOS="889" CONTENT="&amp;"/>
                  <SP HEIGHT="59" WIDTH="14" VPOS="1793" HPOS="960"/>
                  <String HEIGHT="59" WIDTH="99" VPOS="1793" HPOS="918" CONTENT="ita"/>
                  <SP HEIGHT="59" WIDTH="14" VPOS="1793" HPOS="1016"/>
                  <String HEIGHT="59" WIDTH="99" VPOS="1793" HPOS="974" CONTENT="est"/>
                  <SP HEIGHT="59" WIDTH="14" VPOS="1793" HPOS="1073"/>
                  <String HEIGHT="59"
                          WIDTH="141"
                          VPOS="1793"
                          HPOS="1031"
                          CONTENT="dignus"/>
                  <SP HEIGHT="59" WIDTH="14" VPOS="1793" HPOS="1172"/>
                  <String HEIGHT="59"
                          WIDTH="71"
                          VPOS="1793"
                          HPOS="1115"
                          CONTENT="vi"
                          SUBS_TYPE="HypPart1"
                          SUBS_CONTENT="vita"/>
                  <HYP CONTENT="-"/>
               </TextLine>
               <TextLine ID="r1l34"
                         BASELINE="1894"
                         HEIGHT="62"
                         WIDTH="769"
                         VPOS="1832"
                         HPOS="414">
                  <String HEIGHT="62"
                          WIDTH="78"
                          VPOS="1832"
                          HPOS="401"
                          CONTENT="ta"
                          SUBS_TYPE="HypPart2"
                          SUBS_CONTENT="vita"/>
                  <SP HEIGHT="62" WIDTH="13" VPOS="1832" HPOS="479"/>
                  <String HEIGHT="62"
                          WIDTH="143"
                          VPOS="1832"
                          HPOS="440"
                          CONTENT="eterna:"/>
                  <SP HEIGHT="62" WIDTH="13" VPOS="1832" HPOS="583"/>
                  <String HEIGHT="62"
                          WIDTH="104"
                          VPOS="1832"
                          HPOS="544"
                          CONTENT="quam"/>
                  <SP HEIGHT="62" WIDTH="13" VPOS="1832" HPOS="649"/>
                  <String HEIGHT="62"
                          WIDTH="117"
                          VPOS="1832"
                          HPOS="610"
                          CONTENT="tamen"/>
                  <SP HEIGHT="62" WIDTH="13" VPOS="1832" HPOS="727"/>
                  <String HEIGHT="62" WIDTH="91" VPOS="1832" HPOS="688" CONTENT="per"/>
                  <SP HEIGHT="62" WIDTH="13" VPOS="1832" HPOS="779"/>
                  <String HEIGHT="62"
                          WIDTH="209"
                          VPOS="1832"
                          HPOS="740"
                          CONTENT="impedimentum"/>
                  <SP HEIGHT="62" WIDTH="13" VPOS="1832" HPOS="948"/>
                  <String HEIGHT="62"
                          WIDTH="130"
                          VPOS="1832"
                          HPOS="909"
                          CONTENT="debiti"/>
                  <SP HEIGHT="62" WIDTH="13" VPOS="1832" HPOS="1040"/>
                  <String HEIGHT="62"
                          WIDTH="91"
                          VPOS="1832"
                          HPOS="1001"
                          CONTENT="non"/>
                  <SP HEIGHT="62" WIDTH="13" VPOS="1832" HPOS="1092"/>
                  <String HEIGHT="62"
                          WIDTH="130"
                          VPOS="1832"
                          HPOS="1053"
                          CONTENT="potest"/>
                  <SP HEIGHT="62" WIDTH="13" VPOS="1832" HPOS="1183"/>
                  <String HEIGHT="62" WIDTH="52" VPOS="1832" HPOS="1131" CONTENT="si"/>
               </TextLine>
               <TextLine ID="r1l35"
                         BASELINE="1934"
                         HEIGHT="52"
                         WIDTH="764"
                         VPOS="1882"
                         HPOS="423">
                  <String HEIGHT="52" WIDTH="96" VPOS="1882" HPOS="407" CONTENT="ne"/>
                  <SP HEIGHT="52" WIDTH="16" VPOS="1882" HPOS="503"/>
                  <String HEIGHT="52"
                          WIDTH="239"
                          VPOS="1882"
                          HPOS="455"
                          CONTENT="confessione"/>
                  <SP HEIGHT="52" WIDTH="16" VPOS="1882" HPOS="694"/>
                  <String HEIGHT="52"
                          WIDTH="271"
                          VPOS="1882"
                          HPOS="646"
                          CONTENT="effectualiter"/>
                  <SP HEIGHT="52" WIDTH="16" VPOS="1882" HPOS="916"/>
                  <String HEIGHT="52"
                          WIDTH="207"
                          VPOS="1882"
                          HPOS="869"
                          CONTENT="consequi,"/>
                  <SP HEIGHT="52" WIDTH="16" VPOS="1882" HPOS="1076"/>
                  <String HEIGHT="52"
                          WIDTH="175"
                          VPOS="1882"
                          HPOS="1012"
                          CONTENT="quemadmo"
                          SUBS_TYPE="HypPart1"
                          SUBS_CONTENT="quemadmodum"/>
                  <HYP CONTENT="-"/>
               </TextLine>
               <TextLine ID="r1l36"
                         BASELINE="1976"
                         HEIGHT="51"
                         WIDTH="773"
                         VPOS="1925"
                         HPOS="417">
                  <String HEIGHT="51"
                          WIDTH="120"
                          VPOS="1925"
                          HPOS="400"
                          CONTENT="dum"
                          SUBS_TYPE="HypPart2"
                          SUBS_CONTENT="quemadmodum"/>
                  <SP HEIGHT="51" WIDTH="17" VPOS="1925" HPOS="520"/>
                  <String HEIGHT="51" WIDTH="86" VPOS="1925" HPOS="469" CONTENT="&amp;"/>
                  <SP HEIGHT="51" WIDTH="17" VPOS="1925" HPOS="554"/>
                  <String HEIGHT="51"
                          WIDTH="172"
                          VPOS="1925"
                          HPOS="503"
                          CONTENT="sancti"/>
                  <SP HEIGHT="51" WIDTH="17" VPOS="1925" HPOS="675"/>
                  <String HEIGHT="51"
                          WIDTH="172"
                          VPOS="1925"
                          HPOS="623"
                          CONTENT="patres"/>
                  <SP HEIGHT="51" WIDTH="17" VPOS="1925" HPOS="795"/>
                  <String HEIGHT="51"
                          WIDTH="120"
                          VPOS="1925"
                          HPOS="743"
                          CONTENT="deo"/>
                  <SP HEIGHT="51" WIDTH="17" VPOS="1925" HPOS="864"/>
                  <String HEIGHT="51"
                          WIDTH="240"
                          VPOS="1925"
                          HPOS="812"
                          CONTENT="gratissimi"/>
                  <SP HEIGHT="51" WIDTH="17" VPOS="1925" HPOS="1053"/>
                  <String HEIGHT="51"
                          WIDTH="172"
                          VPOS="1925"
                          HPOS="1001"
                          CONTENT="nullum"/>
                  <SP HEIGHT="51" WIDTH="17" VPOS="1925" HPOS="1173"/>
                  <String HEIGHT="51"
                          WIDTH="86"
                          VPOS="1925"
                          HPOS="1104"
                          CONTENT="ha"
                          SUBS_TYPE="HypPart1"
                          SUBS_CONTENT="habentes"/>
                  <HYP CONTENT="-"/>
               </TextLine>
               <TextLine ID="r1l37"
                         BASELINE="2025"
                         HEIGHT="53"
                         WIDTH="760"
                         VPOS="1972"
                         HPOS="423">
                  <String HEIGHT="53"
                          WIDTH="169"
                          VPOS="1972"
                          HPOS="406"
                          CONTENT="bentes"
                          SUBS_TYPE="HypPart2"
                          SUBS_CONTENT="habentes"/>
                  <SP HEIGHT="53" WIDTH="17" VPOS="1972" HPOS="575"/>
                  <String HEIGHT="53"
                          WIDTH="203"
                          VPOS="1972"
                          HPOS="524"
                          CONTENT="peccatum"/>
                  <SP HEIGHT="53" WIDTH="17" VPOS="1972" HPOS="727"/>
                  <String HEIGHT="53"
                          WIDTH="236"
                          VPOS="1972"
                          HPOS="676"
                          CONTENT="purgandum:"/>
                  <SP HEIGHT="53" WIDTH="17" VPOS="1972" HPOS="913"/>
                  <String HEIGHT="53"
                          WIDTH="220"
                          VPOS="1972"
                          HPOS="862"
                          CONTENT="caelestia"/>
                  <SP HEIGHT="53" WIDTH="17" VPOS="1972" HPOS="1082"/>
                  <String HEIGHT="53"
                          WIDTH="152"
                          VPOS="1972"
                          HPOS="1031"
                          CONTENT="regna"/>
                  <SP HEIGHT="53" WIDTH="17" VPOS="1972" HPOS="1183"/>
                  <String HEIGHT="53" WIDTH="68" VPOS="1972" HPOS="1115" CONTENT="an"/>
               </TextLine>
               <TextLine ID="r1l38"
                         BASELINE="2070"
                         HEIGHT="54"
                         WIDTH="762"
                         VPOS="2016"
                         HPOS="418">
                  <String HEIGHT="54" WIDTH="93" VPOS="2016" HPOS="402" CONTENT="te"/>
                  <SP HEIGHT="54" WIDTH="16" VPOS="2016" HPOS="496"/>
                  <String HEIGHT="54"
                          WIDTH="156"
                          VPOS="2016"
                          HPOS="449"
                          CONTENT="precii"/>
                  <SP HEIGHT="54" WIDTH="16" VPOS="2016" HPOS="605"/>
                  <String HEIGHT="54"
                          WIDTH="249"
                          VPOS="2016"
                          HPOS="558"
                          CONTENT="exsolutionem"/>
                  <SP HEIGHT="54" WIDTH="16" VPOS="2016" HPOS="807"/>
                  <String HEIGHT="54"
                          WIDTH="171"
                          VPOS="2016"
                          HPOS="760"
                          CONTENT="ingredi"/>
                  <SP HEIGHT="54" WIDTH="16" VPOS="2016" HPOS="931"/>
                  <String HEIGHT="54"
                          WIDTH="109"
                          VPOS="2016"
                          HPOS="885"
                          CONTENT="non"/>
                  <SP HEIGHT="54" WIDTH="16" VPOS="2016" HPOS="993"/>
                  <String HEIGHT="54"
                          WIDTH="202"
                          VPOS="2016"
                          HPOS="947"
                          CONTENT="poterant."/>
                  <SP HEIGHT="54" WIDTH="16" VPOS="2016" HPOS="1149"/>
                  <String HEIGHT="54"
                          WIDTH="93"
                          VPOS="2016"
                          HPOS="1087"
                          CONTENT="Haec"/>
               </TextLine>
               <TextLine ID="r1l39"
                         BASELINE="2112"
                         HEIGHT="58"
                         WIDTH="769"
                         VPOS="2054"
                         HPOS="409">
                  <String HEIGHT="58"
                          WIDTH="157"
                          VPOS="2054"
                          HPOS="393"
                          CONTENT="opinio"/>
                  <SP HEIGHT="58" WIDTH="16" VPOS="2054" HPOS="550"/>
                  <String HEIGHT="58"
                          WIDTH="110"
                          VPOS="2054"
                          HPOS="503"
                          CONTENT="est"/>
                  <SP HEIGHT="58" WIDTH="16" VPOS="2054" HPOS="613"/>
                  <String HEIGHT="58"
                          WIDTH="157"
                          VPOS="2054"
                          HPOS="566"
                          CONTENT="multum"/>
                  <SP HEIGHT="58" WIDTH="16" VPOS="2054" HPOS="723"/>
                  <String HEIGHT="58"
                          WIDTH="298"
                          VPOS="2054"
                          HPOS="676"
                          CONTENT="irrationabilis:"/>
                  <SP HEIGHT="58" WIDTH="16" VPOS="2054" HPOS="974"/>
                  <String HEIGHT="58"
                          WIDTH="141"
                          VPOS="2054"
                          HPOS="927"
                          CONTENT="cuius"/>
                  <SP HEIGHT="58" WIDTH="16" VPOS="2054" HPOS="1068"/>
                  <String HEIGHT="58"
                          WIDTH="173"
                          VPOS="2054"
                          HPOS="1005"
                          CONTENT="refutatio"/>
               </TextLine>
               <TextLine ID="r1l40"
                         BASELINE="2158"
                         HEIGHT="59"
                         WIDTH="757"
                         VPOS="2099"
                         HPOS="414">
                  <String HEIGHT="59"
                          WIDTH="163"
                          VPOS="2099"
                          HPOS="399"
                          CONTENT="facilis"/>
                  <SP HEIGHT="59" WIDTH="15" VPOS="2099" HPOS="562"/>
                  <String HEIGHT="59"
                          WIDTH="119"
                          VPOS="2099"
                          HPOS="518"
                          CONTENT="erit"/>
                  <SP HEIGHT="59" WIDTH="15" VPOS="2099" HPOS="637"/>
                  <String HEIGHT="59"
                          WIDTH="178"
                          VPOS="2099"
                          HPOS="592"
                          CONTENT="cuilibet"/>
                  <SP HEIGHT="59" WIDTH="15" VPOS="2099" HPOS="770"/>
                  <String HEIGHT="59"
                          WIDTH="237"
                          VPOS="2099"
                          HPOS="726"
                          CONTENT="intelligenti"/>
                  <SP HEIGHT="59" WIDTH="15" VPOS="2099" HPOS="963"/>
                  <String HEIGHT="59"
                          WIDTH="104"
                          VPOS="2099"
                          HPOS="919"
                          CONTENT="eam"/>
                  <SP HEIGHT="59" WIDTH="15" VPOS="2099" HPOS="1023"/>
                  <String HEIGHT="59"
                          WIDTH="208"
                          VPOS="2099"
                          HPOS="963"
                          CONTENT="relinquendam"/>
               </TextLine>
               <TextLine ID="r1l41"
                         BASELINE="2205"
                         HEIGHT="59"
                         WIDTH="760"
                         VPOS="2146"
                         HPOS="414">
                  <String HEIGHT="59"
                          WIDTH="141"
                          VPOS="2146"
                          HPOS="400"
                          CONTENT="Nullus"/>
                  <SP HEIGHT="59" WIDTH="14" VPOS="2146" HPOS="541"/>
                  <String HEIGHT="59"
                          WIDTH="113"
                          VPOS="2146"
                          HPOS="498"
                          CONTENT="enim"/>
                  <SP HEIGHT="59" WIDTH="14" VPOS="2146" HPOS="611"/>
                  <String HEIGHT="59" WIDTH="99" VPOS="2146" HPOS="569" CONTENT="est"/>
                  <SP HEIGHT="59" WIDTH="14" VPOS="2146" HPOS="667"/>
                  <String HEIGHT="59" WIDTH="84" VPOS="2146" HPOS="625" CONTENT="in"/>
                  <SP HEIGHT="59" WIDTH="14" VPOS="2146" HPOS="710"/>
                  <String HEIGHT="59"
                          WIDTH="155"
                          VPOS="2146"
                          HPOS="667"
                          CONTENT="gratia,"/>
                  <SP HEIGHT="59" WIDTH="14" VPOS="2146" HPOS="822"/>
                  <String HEIGHT="59"
                          WIDTH="113"
                          VPOS="2146"
                          HPOS="780"
                          CONTENT="quin"/>
                  <SP HEIGHT="59" WIDTH="14" VPOS="2146" HPOS="893"/>
                  <String HEIGHT="59" WIDTH="84" VPOS="2146" HPOS="850" CONTENT="si"/>
                  <SP HEIGHT="59" WIDTH="14" VPOS="2146" HPOS="935"/>
                  <String HEIGHT="59" WIDTH="84" VPOS="2146" HPOS="893" CONTENT="in"/>
                  <SP HEIGHT="59" WIDTH="14" VPOS="2146" HPOS="977"/>
                  <String HEIGHT="59" WIDTH="84" VPOS="2146" HPOS="935" CONTENT="ea"/>
                  <SP HEIGHT="59" WIDTH="14" VPOS="2146" HPOS="1019"/>
                  <String HEIGHT="59"
                          WIDTH="169"
                          VPOS="2146"
                          HPOS="977"
                          CONTENT="decedat,"/>
                  <SP HEIGHT="59" WIDTH="14" VPOS="2146" HPOS="1146"/>
                  <String HEIGHT="59"
                          WIDTH="84"
                          VPOS="2146"
                          HPOS="1090"
                          CONTENT="tan"
                          SUBS_TYPE="HypPart1"
                          SUBS_CONTENT="tandem"/>
                  <HYP CONTENT="-"/>
               </TextLine>
               <TextLine ID="r1l42"
                         BASELINE="2241"
                         HEIGHT="53"
                         WIDTH="770"
                         VPOS="2188"
                         HPOS="411">
                  <String HEIGHT="53"
                          WIDTH="115"
                          VPOS="2188"
                          HPOS="395"
                          CONTENT="dem"
                          SUBS_TYPE="HypPart2"
                          SUBS_CONTENT="tandem"/>
                  <SP HEIGHT="53" WIDTH="16" VPOS="2188" HPOS="509"/>
                  <String HEIGHT="53"
                          WIDTH="180"
                          VPOS="2188"
                          HPOS="460"
                          CONTENT="habebit"/>
                  <SP HEIGHT="53" WIDTH="16" VPOS="2188" HPOS="640"/>
                  <String HEIGHT="53"
                          WIDTH="197"
                          VPOS="2188"
                          HPOS="591"
                          CONTENT="gloriam."/>
                  <SP HEIGHT="53" WIDTH="16" VPOS="2188" HPOS="788"/>
                  <String HEIGHT="53" WIDTH="82" VPOS="2188" HPOS="739" CONTENT="⁋"/>
                  <SP HEIGHT="53" WIDTH="16" VPOS="2188" HPOS="821"/>
                  <String HEIGHT="53"
                          WIDTH="131"
                          VPOS="2188"
                          HPOS="771"
                          CONTENT="Alia"/>
                  <SP HEIGHT="53" WIDTH="16" VPOS="2188" HPOS="902"/>
                  <String HEIGHT="53"
                          WIDTH="115"
                          VPOS="2188"
                          HPOS="853"
                          CONTENT="est"/>
                  <SP HEIGHT="53" WIDTH="16" VPOS="2188" HPOS="968"/>
                  <String HEIGHT="53"
                          WIDTH="164"
                          VPOS="2188"
                          HPOS="919"
                          CONTENT="opinio"/>
                  <SP HEIGHT="53" WIDTH="16" VPOS="2188" HPOS="1083"/>
                  <String HEIGHT="53"
                          WIDTH="131"
                          VPOS="2188"
                          HPOS="1034"
                          CONTENT="quae"/>
                  <SP HEIGHT="53" WIDTH="16" VPOS="2188" HPOS="1165"/>
                  <String HEIGHT="53"
                          WIDTH="82"
                          VPOS="2188"
                          HPOS="1099"
                          CONTENT="te"
                          SUBS_TYPE="HypPart1"
                          SUBS_CONTENT="tenet"/>
                  <HYP CONTENT="-"/>
               </TextLine>
               <TextLine ID="r1l43"
                         BASELINE="2293"
                         HEIGHT="57"
                         WIDTH="760"
                         VPOS="2236"
                         HPOS="411">
                  <String HEIGHT="57"
                          WIDTH="102"
                          VPOS="2236"
                          HPOS="396"
                          CONTENT="net"
                          SUBS_TYPE="HypPart2"
                          SUBS_CONTENT="tenet"/>
                  <SP HEIGHT="57" WIDTH="15" VPOS="2236" HPOS="499"/>
                  <String HEIGHT="57"
                          WIDTH="117"
                          VPOS="2236"
                          HPOS="455"
                          CONTENT="quod"/>
                  <SP HEIGHT="57" WIDTH="15" VPOS="2236" HPOS="572"/>
                  <String HEIGHT="57"
                          WIDTH="175"
                          VPOS="2236"
                          HPOS="528"
                          CONTENT="attritio"/>
                  <SP HEIGHT="57" WIDTH="15" VPOS="2236" HPOS="703"/>
                  <String HEIGHT="57"
                          WIDTH="102"
                          VPOS="2236"
                          HPOS="659"
                          CONTENT="cum"/>
                  <SP HEIGHT="57" WIDTH="15" VPOS="2236" HPOS="762"/>
                  <String HEIGHT="57"
                          WIDTH="205"
                          VPOS="2236"
                          HPOS="718"
                          CONTENT="sacramento"/>
                  <SP HEIGHT="57" WIDTH="15" VPOS="2236" HPOS="923"/>
                  <String HEIGHT="57"
                          WIDTH="146"
                          VPOS="2236"
                          HPOS="879"
                          CONTENT="tollit"/>
                  <SP HEIGHT="57" WIDTH="15" VPOS="2236" HPOS="1025"/>
                  <String HEIGHT="57"
                          WIDTH="161"
                          VPOS="2236"
                          HPOS="981"
                          CONTENT="culpam."/>
                  <SP HEIGHT="57" WIDTH="15" VPOS="2236" HPOS="1142"/>
                  <String HEIGHT="57"
                          WIDTH="88"
                          VPOS="2236"
                          HPOS="1083"
                          CONTENT="hanc"/>
               </TextLine>
               <TextLine ID="r1l44"
                         BASELINE="2334"
                         HEIGHT="56"
                         WIDTH="745"
                         VPOS="2278"
                         HPOS="426">
                  <String HEIGHT="56"
                          WIDTH="194"
                          VPOS="2278"
                          HPOS="411"
                          CONTENT="opinionem"/>
                  <SP HEIGHT="56" WIDTH="15" VPOS="2278" HPOS="605"/>
                  <String HEIGHT="56"
                          WIDTH="119"
                          VPOS="2278"
                          HPOS="560"
                          CONTENT="late"/>
                  <SP HEIGHT="56" WIDTH="15" VPOS="2278" HPOS="679"/>
                  <String HEIGHT="56"
                          WIDTH="224"
                          VPOS="2278"
                          HPOS="635"
                          CONTENT="recitauimus"/>
                  <SP HEIGHT="56" WIDTH="15" VPOS="2278" HPOS="858"/>
                  <String HEIGHT="56"
                          WIDTH="104"
                          VPOS="2278"
                          HPOS="813"
                          CONTENT="in."/>
                  <SP HEIGHT="56" WIDTH="15" VPOS="2278" HPOS="918"/>
                  <String HEIGHT="56"
                          WIDTH="149"
                          VPOS="2278"
                          HPOS="873"
                          CONTENT="xiiii."/>
                  <SP HEIGHT="56" WIDTH="15" VPOS="2278" HPOS="1022"/>
                  <String HEIGHT="56"
                          WIDTH="209"
                          VPOS="2278"
                          HPOS="962"
                          CONTENT="distinctione"/>
               </TextLine>
               <TextLine ID="r1l45"
                         BASELINE="2378"
                         HEIGHT="51"
                         WIDTH="761"
                         VPOS="2327"
                         HPOS="411">
                  <String HEIGHT="51" WIDTH="85" VPOS="2327" HPOS="394" CONTENT="&amp;"/>
                  <SP HEIGHT="51" WIDTH="17" VPOS="2327" HPOS="479"/>
                  <String HEIGHT="51"
                          WIDTH="118"
                          VPOS="2327"
                          HPOS="428"
                          CONTENT="eam"/>
                  <SP HEIGHT="51" WIDTH="17" VPOS="2327" HPOS="546"/>
                  <String HEIGHT="51"
                          WIDTH="287"
                          VPOS="2327"
                          HPOS="496"
                          CONTENT="reprobauimus."/>
                  <SP HEIGHT="51" WIDTH="17" VPOS="2327" HPOS="783"/>
                  <String HEIGHT="51" WIDTH="85" VPOS="2327" HPOS="732" CONTENT="⁋"/>
                  <SP HEIGHT="51" WIDTH="17" VPOS="2327" HPOS="817"/>
                  <String HEIGHT="51"
                          WIDTH="169"
                          VPOS="2327"
                          HPOS="766"
                          CONTENT="Tertia"/>
                  <SP HEIGHT="51" WIDTH="17" VPOS="2327" HPOS="935"/>
                  <String HEIGHT="51"
                          WIDTH="118"
                          VPOS="2327"
                          HPOS="885"
                          CONTENT="est"/>
                  <SP HEIGHT="51" WIDTH="17" VPOS="2327" HPOS="1003"/>
                  <String HEIGHT="51"
                          WIDTH="169"
                          VPOS="2327"
                          HPOS="952"
                          CONTENT="opinio"/>
                  <SP HEIGHT="51" WIDTH="17" VPOS="2327" HPOS="1121"/>
                  <String HEIGHT="51"
                          WIDTH="118"
                          VPOS="2327"
                          HPOS="1054"
                          CONTENT="cuius"/>
               </TextLine>
               <TextLine ID="r1l46"
                         BASELINE="2430"
                         HEIGHT="63"
                         WIDTH="764"
                         VPOS="2367"
                         HPOS="420">
                  <String HEIGHT="63"
                          WIDTH="109"
                          VPOS="2367"
                          HPOS="404"
                          CONTENT="dam"/>
                  <SP HEIGHT="63" WIDTH="16" VPOS="2367" HPOS="514"/>
                  <String HEIGHT="63"
                          WIDTH="187"
                          VPOS="2367"
                          HPOS="467"
                          CONTENT="valentis"/>
                  <SP HEIGHT="63" WIDTH="16" VPOS="2367" HPOS="654"/>
                  <String HEIGHT="63"
                          WIDTH="187"
                          VPOS="2367"
                          HPOS="607"
                          CONTENT="theologi"/>
                  <SP HEIGHT="63" WIDTH="16" VPOS="2367" HPOS="794"/>
                  <String HEIGHT="63"
                          WIDTH="203"
                          VPOS="2367"
                          HPOS="747"
                          CONTENT="viuentis:"/>
                  <SP HEIGHT="63" WIDTH="16" VPOS="2367" HPOS="950"/>
                  <String HEIGHT="63"
                          WIDTH="109"
                          VPOS="2367"
                          HPOS="903"
                          CONTENT="qui"/>
                  <SP HEIGHT="63" WIDTH="16" VPOS="2367" HPOS="1012"/>
                  <String HEIGHT="63" WIDTH="94" VPOS="2367" HPOS="966" CONTENT="in"/>
                  <SP HEIGHT="63" WIDTH="16" VPOS="2367" HPOS="1059"/>
                  <String HEIGHT="63"
                          WIDTH="109"
                          VPOS="2367"
                          HPOS="1012"
                          CONTENT="suo"/>
                  <SP HEIGHT="63" WIDTH="16" VPOS="2367" HPOS="1122"/>
                  <String HEIGHT="63"
                          WIDTH="140"
                          VPOS="2367"
                          HPOS="1075"
                          CONTENT="quar-"/>
                  <SP HEIGHT="63" WIDTH="16" VPOS="2367" HPOS="1215"/>
                  <String HEIGHT="63" WIDTH="31" VPOS="2367" HPOS="1153" CONTENT=""/>
               </TextLine>
               <TextLine ID="r1l47"
                         BASELINE="2465"
                         HEIGHT="54"
                         WIDTH="760"
                         VPOS="2411"
                         HPOS="415">
                  <String HEIGHT="54" WIDTH="89" VPOS="2411" HPOS="400" CONTENT="to"/>
                  <SP HEIGHT="54" WIDTH="15" VPOS="2411" HPOS="490"/>
                  <String HEIGHT="54"
                          WIDTH="134"
                          VPOS="2411"
                          HPOS="445"
                          CONTENT="tenet"/>
                  <SP HEIGHT="54" WIDTH="15" VPOS="2411" HPOS="579"/>
                  <String HEIGHT="54"
                          WIDTH="119"
                          VPOS="2411"
                          HPOS="534"
                          CONTENT="quod"/>
                  <SP HEIGHT="54" WIDTH="15" VPOS="2411" HPOS="653"/>
                  <String HEIGHT="54"
                          WIDTH="209"
                          VPOS="2411"
                          HPOS="609"
                          CONTENT="requiritur"/>
                  <SP HEIGHT="54" WIDTH="15" VPOS="2411" HPOS="817"/>
                  <String HEIGHT="54"
                          WIDTH="253"
                          VPOS="2411"
                          HPOS="773"
                          CONTENT="intensissimus"/>
                  <SP HEIGHT="54" WIDTH="15" VPOS="2411" HPOS="1026"/>
                  <String HEIGHT="54"
                          WIDTH="134"
                          VPOS="2411"
                          HPOS="981"
                          CONTENT="actus"/>
                  <SP HEIGHT="54" WIDTH="15" VPOS="2411" HPOS="1115"/>
                  <String HEIGHT="54"
                          WIDTH="119"
                          VPOS="2411"
                          HPOS="1056"
                          CONTENT="volun"
                          SUBS_TYPE="HypPart1"
                          SUBS_CONTENT="voluntatis:"/>
                  <HYP CONTENT="-"/>
               </TextLine>
               <TextLine ID="r1l48"
                         BASELINE="2517"
                         HEIGHT="50"
                         WIDTH="760"
                         VPOS="2467"
                         HPOS="409">
                  <String HEIGHT="50"
                          WIDTH="146"
                          VPOS="2467"
                          HPOS="394"
                          CONTENT="tatis:"
                          SUBS_TYPE="HypPart2"
                          SUBS_CONTENT="voluntatis:"/>
                  <SP HEIGHT="50" WIDTH="15" VPOS="2467" HPOS="541"/>
                  <String HEIGHT="50" WIDTH="73" VPOS="2467" HPOS="497" CONTENT="&amp;"/>
                  <SP HEIGHT="50" WIDTH="15" VPOS="2467" HPOS="570"/>
                  <String HEIGHT="50"
                          WIDTH="102"
                          VPOS="2467"
                          HPOS="526"
                          CONTENT="hoc"/>
                  <SP HEIGHT="50" WIDTH="15" VPOS="2467" HPOS="628"/>
                  <String HEIGHT="50"
                          WIDTH="117"
                          VPOS="2467"
                          HPOS="584"
                          CONTENT="idem"/>
                  <SP HEIGHT="50" WIDTH="15" VPOS="2467" HPOS="701"/>
                  <String HEIGHT="50"
                          WIDTH="132"
                          VPOS="2467"
                          HPOS="657"
                          CONTENT="tenet"/>
                  <SP HEIGHT="50" WIDTH="15" VPOS="2467" HPOS="789"/>
                  <String HEIGHT="50" WIDTH="88" VPOS="2467" HPOS="745" CONTENT="in"/>
                  <SP HEIGHT="50" WIDTH="15" VPOS="2467" HPOS="833"/>
                  <String HEIGHT="50"
                          WIDTH="117"
                          VPOS="2467"
                          HPOS="789"
                          CONTENT="suis"/>
                  <SP HEIGHT="50" WIDTH="15" VPOS="2467" HPOS="906"/>
                  <String HEIGHT="50"
                          WIDTH="219"
                          VPOS="2467"
                          HPOS="862"
                          CONTENT="Quodlibetis"/>
                  <SP HEIGHT="50" WIDTH="15" VPOS="2467" HPOS="1081"/>
                  <String HEIGHT="50"
                          WIDTH="146"
                          VPOS="2467"
                          HPOS="1023"
                          CONTENT="quaestio"/>
               </TextLine>
               <TextLine ID="r1l49"
                         BASELINE="2548"
                         HEIGHT="45"
                         WIDTH="754"
                         VPOS="2503"
                         HPOS="418">
                  <String HEIGHT="45" WIDTH="92" VPOS="2503" HPOS="403" CONTENT="ne"/>
                  <SP HEIGHT="45" WIDTH="15" VPOS="2503" HPOS="495"/>
                  <String HEIGHT="45"
                          WIDTH="154"
                          VPOS="2503"
                          HPOS="449"
                          CONTENT="quinta"/>
                  <SP HEIGHT="45" WIDTH="15" VPOS="2503" HPOS="603"/>
                  <String HEIGHT="45" WIDTH="92" VPOS="2503" HPOS="556" CONTENT="in"/>
                  <SP HEIGHT="45" WIDTH="15" VPOS="2503" HPOS="649"/>
                  <String HEIGHT="45"
                          WIDTH="154"
                          VPOS="2503"
                          HPOS="603"
                          CONTENT="tertio"/>
                  <SP HEIGHT="45" WIDTH="15" VPOS="2503" HPOS="757"/>
                  <String HEIGHT="45"
                          WIDTH="200"
                          VPOS="2503"
                          HPOS="710"
                          CONTENT="articulo:"/>
                  <SP HEIGHT="45" WIDTH="15" VPOS="2503" HPOS="910"/>
                  <String HEIGHT="45"
                          WIDTH="154"
                          VPOS="2503"
                          HPOS="864"
                          CONTENT="ponens"/>
                  <SP HEIGHT="45" WIDTH="15" VPOS="2503" HPOS="1018"/>
                  <String HEIGHT="45"
                          WIDTH="123"
                          VPOS="2503"
                          HPOS="972"
                          CONTENT="hanc"/>
                  <SP HEIGHT="45" WIDTH="15" VPOS="2503" HPOS="1095"/>
                  <String HEIGHT="45"
                          WIDTH="138"
                          VPOS="2503"
                          HPOS="1034"
                          CONTENT="conclu"
                          SUBS_TYPE="HypPart1"
                          SUBS_CONTENT="conclusionem."/>
                  <HYP CONTENT="-"/>
               </TextLine>
               <TextLine ID="r1l50"
                         BASELINE="2596"
                         HEIGHT="52"
                         WIDTH="763"
                         VPOS="2544"
                         HPOS="418">
                  <String HEIGHT="52"
                          WIDTH="182"
                          VPOS="2544"
                          HPOS="401"
                          CONTENT="sionem."
                          SUBS_TYPE="HypPart2"
                          SUBS_CONTENT="conclusionem."/>
                  <SP HEIGHT="52" WIDTH="17" VPOS="2544" HPOS="584"/>
                  <String HEIGHT="52"
                          WIDTH="182"
                          VPOS="2544"
                          HPOS="534"
                          CONTENT="mortale"/>
                  <SP HEIGHT="52" WIDTH="17" VPOS="2544" HPOS="717"/>
                  <String HEIGHT="52"
                          WIDTH="199"
                          VPOS="2544"
                          HPOS="667"
                          CONTENT="peccatum"/>
                  <SP HEIGHT="52" WIDTH="17" VPOS="2544" HPOS="866"/>
                  <String HEIGHT="52"
                          WIDTH="116"
                          VPOS="2544"
                          HPOS="816"
                          CONTENT="non"/>
                  <SP HEIGHT="52" WIDTH="17" VPOS="2544" HPOS="932"/>
                  <String HEIGHT="52"
                          WIDTH="232"
                          VPOS="2544"
                          HPOS="882"
                          CONTENT="remittitur"/>
                  <SP HEIGHT="52" WIDTH="17" VPOS="2544" HPOS="1115"/>
                  <String HEIGHT="52"
                          WIDTH="133"
                          VPOS="2544"
                          HPOS="1048"
                          CONTENT="adulto"/>
               </TextLine>
               <TextLine ID="r1l51"
                         BASELINE="2648"
                         HEIGHT="59"
                         WIDTH="750"
                         VPOS="2589"
                         HPOS="417">
                  <String HEIGHT="59"
                          WIDTH="125"
                          VPOS="2589"
                          HPOS="401"
                          CONTENT="sine"/>
                  <SP HEIGHT="59" WIDTH="16" VPOS="2589" HPOS="526"/>
                  <String HEIGHT="59"
                          WIDTH="141"
                          VPOS="2589"
                          HPOS="480"
                          CONTENT="magno"/>
                  <SP HEIGHT="59" WIDTH="16" VPOS="2589" HPOS="620"/>
                  <String HEIGHT="59"
                          WIDTH="156"
                          VPOS="2589"
                          HPOS="573"
                          CONTENT="dolore"/>
                  <SP HEIGHT="59" WIDTH="16" VPOS="2589" HPOS="730"/>
                  <String HEIGHT="59"
                          WIDTH="250"
                          VPOS="2589"
                          HPOS="683"
                          CONTENT="intellectiui"/>
                  <SP HEIGHT="59" WIDTH="16" VPOS="2589" HPOS="933"/>
                  <String HEIGHT="59"
                          WIDTH="203"
                          VPOS="2589"
                          HPOS="886"
                          CONTENT="appetitus"/>
                  <SP HEIGHT="59" WIDTH="16" VPOS="2589" HPOS="1089"/>
                  <String HEIGHT="59"
                          WIDTH="125"
                          VPOS="2589"
                          HPOS="1042"
                          CONTENT="puta"/>
                  <SP HEIGHT="59" WIDTH="16" VPOS="2589" HPOS="1167"/>
                  <String HEIGHT="59" WIDTH="63" VPOS="2589" HPOS="1105" CONTENT="vo"/>
               </TextLine>
               <TextLine ID="r1l52"
                         BASELINE="2696"
                         HEIGHT="67"
                         WIDTH="749"
                         VPOS="2629"
                         HPOS="424">
                  <String HEIGHT="67"
                          WIDTH="226"
                          VPOS="2629"
                          HPOS="407"
                          CONTENT="luntatis."/>
                  <SP HEIGHT="67" WIDTH="17" VPOS="2629" HPOS="633"/>
                  <String HEIGHT="67" WIDTH="105" VPOS="2629" HPOS="581" CONTENT="Et"/>
                  <SP HEIGHT="67" WIDTH="17" VPOS="2629" HPOS="685"/>
                  <String HEIGHT="67"
                          WIDTH="261"
                          VPOS="2629"
                          HPOS="633"
                          CONTENT="respondendo"/>
                  <SP HEIGHT="67" WIDTH="17" VPOS="2629" HPOS="894"/>
                  <String HEIGHT="67" WIDTH="105" VPOS="2629" HPOS="842" CONTENT="ad"/>
                  <SP HEIGHT="67" WIDTH="17" VPOS="2629" HPOS="947"/>
                  <String HEIGHT="67"
                          WIDTH="192"
                          VPOS="2629"
                          HPOS="894"
                          CONTENT="quoddam"/>
                  <SP HEIGHT="67" WIDTH="17" VPOS="2629" HPOS="1086"/>
                  <String HEIGHT="67"
                          WIDTH="157"
                          VPOS="2629"
                          HPOS="1016"
                          CONTENT="argumen"/>
               </TextLine>
               <TextLine ID="r1l53"
                         BASELINE="2726"
                         HEIGHT="50"
                         WIDTH="763"
                         VPOS="2676"
                         HPOS="421">
                  <String HEIGHT="50" WIDTH="97" VPOS="2676" HPOS="407" CONTENT="tum"/>
                  <SP HEIGHT="50" WIDTH="14" VPOS="2676" HPOS="504"/>
                  <String HEIGHT="50"
                          WIDTH="139"
                          VPOS="2676"
                          HPOS="463"
                          CONTENT="domini"/>
                  <SP HEIGHT="50" WIDTH="14" VPOS="2676" HPOS="601"/>
                  <String HEIGHT="50"
                          WIDTH="250"
                          VPOS="2676"
                          HPOS="560"
                          CONTENT="quodlibetarii,"/>
                  <SP HEIGHT="50" WIDTH="14" VPOS="2676" HPOS="809"/>
                  <String HEIGHT="50"
                          WIDTH="111"
                          VPOS="2676"
                          HPOS="768"
                          CONTENT="quod"/>
                  <SP HEIGHT="50" WIDTH="14" VPOS="2676" HPOS="879"/>
                  <String HEIGHT="50" WIDTH="97" VPOS="2676" HPOS="837" CONTENT="est"/>
                  <SP HEIGHT="50" WIDTH="14" VPOS="2676" HPOS="934"/>
                  <String HEIGHT="50"
                          WIDTH="111"
                          VPOS="2676"
                          HPOS="893"
                          CONTENT="hoc."/>
                  <SP HEIGHT="50" WIDTH="14" VPOS="2676" HPOS="1004"/>
                  <String HEIGHT="50"
                          WIDTH="166"
                          VPOS="2676"
                          HPOS="962"
                          CONTENT="intensio"/>
                  <SP HEIGHT="50" WIDTH="14" VPOS="2676" HPOS="1129"/>
                  <String HEIGHT="50"
                          WIDTH="97"
                          VPOS="2676"
                          HPOS="1087"
                          CONTENT="seu"/>
                  <SP HEIGHT="50" WIDTH="14" VPOS="2676" HPOS="1184"/>
                  <String HEIGHT="50" WIDTH="55" VPOS="2676" HPOS="1129" CONTENT="au"/>
               </TextLine>
               <TextLine ID="r1l54"
                         BASELINE="2798"
                         HEIGHT="83"
                         WIDTH="755"
                         VPOS="2715"
                         HPOS="424">
                  <String HEIGHT="83"
                          WIDTH="160"
                          VPOS="2715"
                          HPOS="409"
                          CONTENT="gmentum"/>
                  <SP HEIGHT="83" WIDTH="15" VPOS="2715" HPOS="569"/>
                  <String HEIGHT="83"
                          WIDTH="102"
                          VPOS="2715"
                          HPOS="526"
                          CONTENT="est"/>
                  <SP HEIGHT="83" WIDTH="15" VPOS="2715" HPOS="627"/>
                  <String HEIGHT="83"
                          WIDTH="247"
                          VPOS="2715"
                          HPOS="584"
                          CONTENT="circumstantia"/>
                  <SP HEIGHT="83" WIDTH="15" VPOS="2715" HPOS="831"/>
                  <String HEIGHT="83"
                          WIDTH="131"
                          VPOS="2715"
                          HPOS="787"
                          CONTENT="actus"/>
                  <SP HEIGHT="83" WIDTH="15" VPOS="2715" HPOS="918"/>
                  <String HEIGHT="83"
                          WIDTH="102"
                          VPOS="2715"
                          HPOS="874"
                          CONTENT="non"/>
                  <SP HEIGHT="83" WIDTH="15" VPOS="2715" HPOS="976"/>
                  <String HEIGHT="83"
                          WIDTH="160"
                          VPOS="2715"
                          HPOS="932"
                          CONTENT="trahens"/>
                  <SP HEIGHT="83" WIDTH="15" VPOS="2715" HPOS="1092"/>
                  <String HEIGHT="83" WIDTH="87" VPOS="2715" HPOS="1048" CONTENT="in"/>
                  <SP HEIGHT="83" WIDTH="15" VPOS="2715" HPOS="1135"/>
                  <String HEIGHT="83"
                          WIDTH="102"
                          VPOS="2715"
                          HPOS="1077"
                          CONTENT="aliam"/>
               </TextLine>
            </TextBlock>
            <TextBlock ID="r2" HEIGHT="2515" WIDTH="795" VPOS="267" HPOS="1235">
               <Shape>
                  <Polygon POINTS="1235,267 1235,2782 2030,2782 2030,267"/>
               </Shape>
               <TextLine ID="r2l2"
                         BASELINE="394"
                         HEIGHT="60"
                         WIDTH="761"
                         VPOS="334"
                         HPOS="1269">
                  <String HEIGHT="60"
                          WIDTH="172"
                          VPOS="334"
                          HPOS="1255"
                          CONTENT="specien,"/>
                  <SP HEIGHT="60" WIDTH="14" VPOS="334" HPOS="1427"/>
                  <String HEIGHT="60" WIDTH="86" VPOS="334" HPOS="1384" CONTENT="vt"/>
                  <SP HEIGHT="60" WIDTH="14" VPOS="334" HPOS="1470"/>
                  <String HEIGHT="60"
                          WIDTH="201"
                          VPOS="334"
                          HPOS="1427"
                          CONTENT="manifestum"/>
                  <SP HEIGHT="60" WIDTH="14" VPOS="334" HPOS="1628"/>
                  <String HEIGHT="60"
                          WIDTH="115"
                          VPOS="334"
                          HPOS="1585"
                          CONTENT="est:"/>
                  <SP HEIGHT="60" WIDTH="14" VPOS="334" HPOS="1700"/>
                  <String HEIGHT="60"
                          WIDTH="129"
                          VPOS="334"
                          HPOS="1657"
                          CONTENT="nulla"/>
                  <SP HEIGHT="60" WIDTH="14" VPOS="334" HPOS="1786"/>
                  <String HEIGHT="60"
                          WIDTH="129"
                          VPOS="334"
                          HPOS="1743"
                          CONTENT="autem"/>
                  <SP HEIGHT="60" WIDTH="14" VPOS="334" HPOS="1872"/>
                  <String HEIGHT="60"
                          WIDTH="215"
                          VPOS="334"
                          HPOS="1815"
                          CONTENT="circumstantia"/>
               </TextLine>
               <TextLine ID="r2l3"
                         BASELINE="441"
                         HEIGHT="53"
                         WIDTH="755"
                         VPOS="388"
                         HPOS="1275">
                  <String HEIGHT="53"
                          WIDTH="126"
                          VPOS="388"
                          HPOS="1259"
                          CONTENT="quae"/>
                  <SP HEIGHT="53" WIDTH="16" VPOS="388" HPOS="1385"/>
                  <String HEIGHT="53"
                          WIDTH="173"
                          VPOS="388"
                          HPOS="1338"
                          CONTENT="speciem"/>
                  <SP HEIGHT="53" WIDTH="16" VPOS="388" HPOS="1511"/>
                  <String HEIGHT="53"
                          WIDTH="110"
                          VPOS="388"
                          HPOS="1464"
                          CONTENT="non"/>
                  <SP HEIGHT="53" WIDTH="16" VPOS="388" HPOS="1574"/>
                  <String HEIGHT="53"
                          WIDTH="157"
                          VPOS="388"
                          HPOS="1527"
                          CONTENT="mutat,"/>
                  <SP HEIGHT="53" WIDTH="16" VPOS="388" HPOS="1684"/>
                  <String HEIGHT="53"
                          WIDTH="157"
                          VPOS="388"
                          HPOS="1637"
                          CONTENT="potest"/>
                  <SP HEIGHT="53" WIDTH="16" VPOS="388" HPOS="1794"/>
                  <String HEIGHT="53"
                          WIDTH="142"
                          VPOS="388"
                          HPOS="1747"
                          CONTENT="actus"/>
                  <SP HEIGHT="53" WIDTH="16" VPOS="388" HPOS="1888"/>
                  <String HEIGHT="53"
                          WIDTH="204"
                          VPOS="388"
                          HPOS="1826"
                          CONTENT="conditionem"/>
               </TextLine>
               <TextLine ID="r2l4"
                         BASELINE="490"
                         HEIGHT="59"
                         WIDTH="763"
                         VPOS="431"
                         HPOS="1267">
                  <String HEIGHT="59" WIDTH="92" VPOS="431" HPOS="1252" CONTENT="in"/>
                  <SP HEIGHT="59" WIDTH="15" VPOS="431" HPOS="1343"/>
                  <String HEIGHT="59"
                          WIDTH="198"
                          VPOS="431"
                          HPOS="1298"
                          CONTENT="infinitum"/>
                  <SP HEIGHT="59" WIDTH="15" VPOS="431" HPOS="1496"/>
                  <String HEIGHT="59"
                          WIDTH="183"
                          VPOS="431"
                          HPOS="1450"
                          CONTENT="meliorem"/>
                  <SP HEIGHT="59" WIDTH="15" VPOS="431" HPOS="1633"/>
                  <String HEIGHT="59"
                          WIDTH="107"
                          VPOS="431"
                          HPOS="1587"
                          CONTENT="vel"/>
                  <SP HEIGHT="59" WIDTH="15" VPOS="431" HPOS="1694"/>
                  <String HEIGHT="59"
                          WIDTH="214"
                          VPOS="431"
                          HPOS="1648"
                          CONTENT="deteriorem"/>
                  <SP HEIGHT="59" WIDTH="15" VPOS="431" HPOS="1862"/>
                  <String HEIGHT="59"
                          WIDTH="168"
                          VPOS="431"
                          HPOS="1816"
                          CONTENT="facere."/>
                  <SP HEIGHT="59" WIDTH="15" VPOS="431" HPOS="1984"/>
                  <String HEIGHT="59"
                          WIDTH="122"
                          VPOS="431"
                          HPOS="1938"
                          CONTENT="ergo"/>
                  <SP HEIGHT="59" WIDTH="15" VPOS="431" HPOS="2061"/>
                  <String HEIGHT="59" WIDTH="31" VPOS="431" HPOS="1999" CONTENT=""/>
               </TextLine>
               <TextLine ID="r2l5"
                         BASELINE="522"
                         HEIGHT="46"
                         WIDTH="761"
                         VPOS="476"
                         HPOS="1263">
                  <String HEIGHT="46" WIDTH="90" VPOS="476" HPOS="1248" CONTENT="si"/>
                  <SP HEIGHT="46" WIDTH="15" VPOS="476" HPOS="1338"/>
                  <String HEIGHT="46"
                          WIDTH="239"
                          VPOS="476"
                          HPOS="1293"
                          CONTENT="displicentia"/>
                  <SP HEIGHT="46" WIDTH="15" VPOS="476" HPOS="1532"/>
                  <String HEIGHT="46"
                          WIDTH="134"
                          VPOS="476"
                          HPOS="1487"
                          CONTENT="magna"/>
                  <SP HEIGHT="46" WIDTH="15" VPOS="476" HPOS="1621"/>
                  <String HEIGHT="46"
                          WIDTH="209"
                          VPOS="476"
                          HPOS="1576"
                          CONTENT="promeretur"/>
                  <SP HEIGHT="46" WIDTH="15" VPOS="476" HPOS="1785"/>
                  <String HEIGHT="46"
                          WIDTH="164"
                          VPOS="476"
                          HPOS="1740"
                          CONTENT="peccati"/>
                  <SP HEIGHT="46" WIDTH="15" VPOS="476" HPOS="1905"/>
                  <String HEIGHT="46"
                          WIDTH="179"
                          VPOS="476"
                          HPOS="1845"
                          CONTENT="deletionem"/>
               </TextLine>
               <TextLine ID="r2l6"
                         BASELINE="577"
                         HEIGHT="57"
                         WIDTH="769"
                         VPOS="520"
                         HPOS="1263">
                  <String HEIGHT="57" WIDTH="73" VPOS="520" HPOS="1248" CONTENT="&amp;"/>
                  <SP HEIGHT="57" WIDTH="15" VPOS="520" HPOS="1321"/>
                  <String HEIGHT="57"
                          WIDTH="174"
                          VPOS="520"
                          HPOS="1278"
                          CONTENT="gratiam:"/>
                  <SP HEIGHT="57" WIDTH="15" VPOS="520" HPOS="1452"/>
                  <String HEIGHT="57"
                          WIDTH="116"
                          VPOS="520"
                          HPOS="1408"
                          CONTENT="idem"/>
                  <SP HEIGHT="57" WIDTH="15" VPOS="520" HPOS="1524"/>
                  <String HEIGHT="57"
                          WIDTH="116"
                          VPOS="520"
                          HPOS="1481"
                          CONTENT="erit"/>
                  <SP HEIGHT="57" WIDTH="15" VPOS="520" HPOS="1597"/>
                  <String HEIGHT="57" WIDTH="87" VPOS="520" HPOS="1553" CONTENT="de"/>
                  <SP HEIGHT="57" WIDTH="15" VPOS="520" HPOS="1640"/>
                  <String HEIGHT="57"
                          WIDTH="232"
                          VPOS="520"
                          HPOS="1597"
                          CONTENT="quantumlibet"/>
                  <SP HEIGHT="57" WIDTH="15" VPOS="520" HPOS="1829"/>
                  <String HEIGHT="57"
                          WIDTH="131"
                          VPOS="520"
                          HPOS="1785"
                          CONTENT="parua"/>
                  <SP HEIGHT="57" WIDTH="15" VPOS="520" HPOS="1916"/>
                  <String HEIGHT="57"
                          WIDTH="174"
                          VPOS="520"
                          HPOS="1858"
                          CONTENT="displicen"
                          SUBS_TYPE="HypPart1"
                          SUBS_CONTENT="displicentia:"/>
                  <HYP CONTENT="-"/>
               </TextLine>
               <TextLine ID="r2l7"
                         BASELINE="612"
                         HEIGHT="48"
                         WIDTH="769"
                         VPOS="564"
                         HPOS="1260">
                  <String HEIGHT="48"
                          WIDTH="106"
                          VPOS="564"
                          HPOS="1247"
                          CONTENT="tia:"
                          SUBS_TYPE="HypPart2"
                          SUBS_CONTENT="displicentia:"/>
                  <SP HEIGHT="48" WIDTH="13" VPOS="564" HPOS="1353"/>
                  <String HEIGHT="48" WIDTH="66" VPOS="564" HPOS="1313" CONTENT="&amp;"/>
                  <SP HEIGHT="48" WIDTH="13" VPOS="564" HPOS="1379"/>
                  <String HEIGHT="48" WIDTH="93" VPOS="564" HPOS="1340" CONTENT="ita"/>
                  <SP HEIGHT="48" WIDTH="13" VPOS="564" HPOS="1432"/>
                  <String HEIGHT="48"
                          WIDTH="159"
                          VPOS="564"
                          HPOS="1393"
                          CONTENT="quaelibs"/>
                  <SP HEIGHT="48" WIDTH="13" VPOS="564" HPOS="1552"/>
                  <String HEIGHT="48"
                          WIDTH="146"
                          VPOS="564"
                          HPOS="1512"
                          CONTENT="videtur"/>
                  <SP HEIGHT="48" WIDTH="13" VPOS="564" HPOS="1658"/>
                  <String HEIGHT="48"
                          WIDTH="159"
                          VPOS="564"
                          HPOS="1618"
                          CONTENT="reponere"/>
                  <SP HEIGHT="48" WIDTH="13" VPOS="564" HPOS="1777"/>
                  <String HEIGHT="48" WIDTH="80" VPOS="564" HPOS="1737" CONTENT="ad"/>
                  <SP HEIGHT="48" WIDTH="13" VPOS="564" HPOS="1817"/>
                  <String HEIGHT="48"
                          WIDTH="133"
                          VPOS="564"
                          HPOS="1777"
                          CONTENT="statum"/>
                  <SP HEIGHT="48" WIDTH="13" VPOS="564" HPOS="1910"/>
                  <String HEIGHT="48"
                          WIDTH="159"
                          VPOS="564"
                          HPOS="1870"
                          CONTENT="gratiae."/>
                  <SP HEIGHT="48" WIDTH="13" VPOS="564" HPOS="2029"/>
                  <String HEIGHT="48" WIDTH="53" VPOS="564" HPOS="1976" CONTENT="Ad"/>
               </TextLine>
               <TextLine ID="r2l8"
                         BASELINE="670"
                         HEIGHT="63"
                         WIDTH="769"
                         VPOS="607"
                         HPOS="1260">
                  <String HEIGHT="63"
                          WIDTH="122"
                          VPOS="607"
                          HPOS="1243"
                          CONTENT="hoc"/>
                  <SP HEIGHT="63" WIDTH="17" VPOS="607" HPOS="1365"/>
                  <String HEIGHT="63"
                          WIDTH="175"
                          VPOS="607"
                          HPOS="1312"
                          CONTENT="inquam"/>
                  <SP HEIGHT="63" WIDTH="17" VPOS="607" HPOS="1487"/>
                  <String HEIGHT="63"
                          WIDTH="245"
                          VPOS="607"
                          HPOS="1435"
                          CONTENT="argumentum"/>
                  <SP HEIGHT="63" WIDTH="17" VPOS="607" HPOS="1679"/>
                  <String HEIGHT="63"
                          WIDTH="280"
                          VPOS="607"
                          HPOS="1627"
                          CONTENT="respondendo,"/>
                  <SP HEIGHT="63" WIDTH="17" VPOS="607" HPOS="1907"/>
                  <String HEIGHT="63" WIDTH="105" VPOS="607" HPOS="1854" CONTENT="in"/>
                  <SP HEIGHT="63" WIDTH="17" VPOS="607" HPOS="1959"/>
                  <String HEIGHT="63"
                          WIDTH="140"
                          VPOS="607"
                          HPOS="1889"
                          CONTENT="sentem"/>
               </TextLine>
               <TextLine ID="r2l9"
                         BASELINE="699"
                         HEIGHT="50"
                         WIDTH="757"
                         VPOS="649"
                         HPOS="1273">
                  <String HEIGHT="50"
                          WIDTH="102"
                          VPOS="649"
                          HPOS="1258"
                          CONTENT="tia"/>
                  <SP HEIGHT="50" WIDTH="15" VPOS="649" HPOS="1360"/>
                  <String HEIGHT="50"
                          WIDTH="131"
                          VPOS="649"
                          HPOS="1317"
                          CONTENT="dicit"/>
                  <SP HEIGHT="50" WIDTH="15" VPOS="649" HPOS="1448"/>
                  <String HEIGHT="50"
                          WIDTH="116"
                          VPOS="649"
                          HPOS="1404"
                          CONTENT="quod"/>
                  <SP HEIGHT="50" WIDTH="15" VPOS="649" HPOS="1520"/>
                  <String HEIGHT="50"
                          WIDTH="131"
                          VPOS="649"
                          HPOS="1477"
                          CONTENT="licet"/>
                  <SP HEIGHT="50" WIDTH="15" VPOS="649" HPOS="1608"/>
                  <String HEIGHT="50"
                          WIDTH="131"
                          VPOS="649"
                          HPOS="1564"
                          CONTENT="actus"/>
                  <SP HEIGHT="50" WIDTH="15" VPOS="649" HPOS="1695"/>
                  <String HEIGHT="50"
                          WIDTH="146"
                          VPOS="649"
                          HPOS="1652"
                          CONTENT="paruus"/>
                  <SP HEIGHT="50" WIDTH="15" VPOS="649" HPOS="1797"/>
                  <String HEIGHT="50" WIDTH="73" VPOS="649" HPOS="1753" CONTENT="&amp;"/>
                  <SP HEIGHT="50" WIDTH="15" VPOS="649" HPOS="1826"/>
                  <String HEIGHT="50"
                          WIDTH="146"
                          VPOS="649"
                          HPOS="1783"
                          CONTENT="magnus"/>
                  <SP HEIGHT="50" WIDTH="15" VPOS="649" HPOS="1928"/>
                  <String HEIGHT="50"
                          WIDTH="116"
                          VPOS="649"
                          HPOS="1884"
                          CONTENT="sint"/>
                  <SP HEIGHT="50" WIDTH="15" VPOS="649" HPOS="2001"/>
                  <String HEIGHT="50"
                          WIDTH="87"
                          VPOS="649"
                          HPOS="1943"
                          CONTENT="eius"/>
               </TextLine>
               <TextLine ID="r2l10"
                         BASELINE="756"
                         HEIGHT="63"
                         WIDTH="760"
                         VPOS="693"
                         HPOS="1266">
                  <String HEIGHT="63"
                          WIDTH="104"
                          VPOS="693"
                          HPOS="1251"
                          CONTENT="dem"/>
                  <SP HEIGHT="63" WIDTH="15" VPOS="693" HPOS="1355"/>
                  <String HEIGHT="63"
                          WIDTH="164"
                          VPOS="693"
                          HPOS="1311"
                          CONTENT="speciei"/>
                  <SP HEIGHT="63" WIDTH="15" VPOS="693" HPOS="1475"/>
                  <String HEIGHT="63"
                          WIDTH="104"
                          VPOS="693"
                          HPOS="1430"
                          CONTENT="tam"/>
                  <SP HEIGHT="63" WIDTH="15" VPOS="693" HPOS="1534"/>
                  <String HEIGHT="63" WIDTH="89" VPOS="693" HPOS="1490" CONTENT="in"/>
                  <SP HEIGHT="63" WIDTH="15" VPOS="693" HPOS="1579"/>
                  <String HEIGHT="63"
                          WIDTH="149"
                          VPOS="693"
                          HPOS="1534"
                          CONTENT="genere"/>
                  <SP HEIGHT="63" WIDTH="15" VPOS="693" HPOS="1683"/>
                  <String HEIGHT="63"
                          WIDTH="164"
                          VPOS="693"
                          HPOS="1639"
                          CONTENT="naturae"/>
                  <SP HEIGHT="63" WIDTH="15" VPOS="693" HPOS="1802"/>
                  <String HEIGHT="63"
                          WIDTH="119"
                          VPOS="693"
                          HPOS="1758"
                          CONTENT="quam"/>
                  <SP HEIGHT="63" WIDTH="15" VPOS="693" HPOS="1877"/>
                  <String HEIGHT="63" WIDTH="89" VPOS="693" HPOS="1832" CONTENT="in"/>
                  <SP HEIGHT="63" WIDTH="15" VPOS="693" HPOS="1922"/>
                  <String HEIGHT="63"
                          WIDTH="149"
                          VPOS="693"
                          HPOS="1877"
                          CONTENT="genere"/>
                  <SP HEIGHT="63" WIDTH="15" VPOS="693" HPOS="2026"/>
                  <String HEIGHT="63" WIDTH="60" VPOS="693" HPOS="1966" CONTENT="mo"/>
               </TextLine>
               <TextLine ID="r2l11"
                         BASELINE="800"
                         HEIGHT="56"
                         WIDTH="761"
                         VPOS="744"
                         HPOS="1260">
                  <String HEIGHT="56"
                          WIDTH="117"
                          VPOS="744"
                          HPOS="1245"
                          CONTENT="ris:"/>
                  <SP HEIGHT="56" WIDTH="15" VPOS="744" HPOS="1362"/>
                  <String HEIGHT="56"
                          WIDTH="132"
                          VPOS="744"
                          HPOS="1319"
                          CONTENT="tamen"/>
                  <SP HEIGHT="56" WIDTH="15" VPOS="744" HPOS="1450"/>
                  <String HEIGHT="56"
                          WIDTH="102"
                          VPOS="744"
                          HPOS="1406"
                          CONTENT="hoc"/>
                  <SP HEIGHT="56" WIDTH="15" VPOS="744" HPOS="1509"/>
                  <String HEIGHT="56"
                          WIDTH="102"
                          VPOS="744"
                          HPOS="1465"
                          CONTENT="non"/>
                  <SP HEIGHT="56" WIDTH="15" VPOS="744" HPOS="1567"/>
                  <String HEIGHT="56"
                          WIDTH="190"
                          VPOS="744"
                          HPOS="1523"
                          CONTENT="sufficit:"/>
                  <SP HEIGHT="56" WIDTH="15" VPOS="744" HPOS="1714"/>
                  <String HEIGHT="56"
                          WIDTH="102"
                          VPOS="744"
                          HPOS="1670"
                          CONTENT="cum"/>
                  <SP HEIGHT="56" WIDTH="15" VPOS="744" HPOS="1772"/>
                  <String HEIGHT="56"
                          WIDTH="117"
                          VPOS="744"
                          HPOS="1728"
                          CONTENT="vnus"/>
                  <SP HEIGHT="56" WIDTH="15" VPOS="744" HPOS="1845"/>
                  <String HEIGHT="56"
                          WIDTH="102"
                          VPOS="744"
                          HPOS="1801"
                          CONTENT="sit"/>
                  <SP HEIGHT="56" WIDTH="15" VPOS="744" HPOS="1904"/>
                  <String HEIGHT="56" WIDTH="88" VPOS="744" HPOS="1860" CONTENT="de"/>
                  <SP HEIGHT="56" WIDTH="15" VPOS="744" HPOS="1948"/>
                  <String HEIGHT="56"
                          WIDTH="132"
                          VPOS="744"
                          HPOS="1889"
                          CONTENT="praece"
                          SUBS_TYPE="HypPart1"
                          SUBS_CONTENT="praecepto,"/>
                  <HYP CONTENT="-"/>
               </TextLine>
               <TextLine ID="r2l12"
                         BASELINE="837"
                         HEIGHT="52"
                         WIDTH="761"
                         VPOS="785"
                         HPOS="1270">
                  <String HEIGHT="52"
                          WIDTH="111"
                          VPOS="785"
                          HPOS="1256"
                          CONTENT="pto,"
                          SUBS_TYPE="HypPart2"
                          SUBS_CONTENT="praecepto,"/>
                  <SP HEIGHT="52" WIDTH="14" VPOS="785" HPOS="1367"/>
                  <String HEIGHT="52"
                          WIDTH="166"
                          VPOS="785"
                          HPOS="1325"
                          CONTENT="scilicet"/>
                  <SP HEIGHT="52" WIDTH="14" VPOS="785" HPOS="1491"/>
                  <String HEIGHT="52"
                          WIDTH="152"
                          VPOS="785"
                          HPOS="1450"
                          CONTENT="magnus:"/>
                  <SP HEIGHT="52" WIDTH="14" VPOS="785" HPOS="1602"/>
                  <String HEIGHT="52" WIDTH="69" VPOS="785" HPOS="1561" CONTENT="&amp;"/>
                  <SP HEIGHT="52" WIDTH="14" VPOS="785" HPOS="1630"/>
                  <String HEIGHT="52" WIDTH="97" VPOS="785" HPOS="1588" CONTENT="non"/>
                  <SP HEIGHT="52" WIDTH="14" VPOS="785" HPOS="1685"/>
                  <String HEIGHT="52"
                          WIDTH="138"
                          VPOS="785"
                          HPOS="1644"
                          CONTENT="alter,"/>
                  <SP HEIGHT="52" WIDTH="14" VPOS="785" HPOS="1782"/>
                  <String HEIGHT="52"
                          WIDTH="166"
                          VPOS="785"
                          HPOS="1740"
                          CONTENT="scilicet"/>
                  <SP HEIGHT="52" WIDTH="14" VPOS="785" HPOS="1906"/>
                  <String HEIGHT="52"
                          WIDTH="138"
                          VPOS="785"
                          HPOS="1865"
                          CONTENT="minor."/>
                  <SP HEIGHT="52" WIDTH="14" VPOS="785" HPOS="2003"/>
                  <String HEIGHT="52" WIDTH="97" VPOS="785" HPOS="1962" CONTENT="Sed"/>
                  <SP HEIGHT="52" WIDTH="14" VPOS="785" HPOS="2059"/>
                  <String HEIGHT="52" WIDTH="28" VPOS="785" HPOS="2003" CONTENT=""/>
               </TextLine>
               <TextLine ID="r2l13"
                         BASELINE="881"
                         HEIGHT="46"
                         WIDTH="751"
                         VPOS="835"
                         HPOS="1264">
                  <String HEIGHT="46"
                          WIDTH="129"
                          VPOS="835"
                          HPOS="1251"
                          CONTENT="contra"/>
                  <SP HEIGHT="46" WIDTH="13" VPOS="835" HPOS="1381"/>
                  <String HEIGHT="46" WIDTH="91" VPOS="835" HPOS="1342" CONTENT="hoc"/>
                  <SP HEIGHT="46" WIDTH="13" VPOS="835" HPOS="1432"/>
                  <String HEIGHT="46"
                          WIDTH="155"
                          VPOS="835"
                          HPOS="1393"
                          CONTENT="arguitur"/>
                  <SP HEIGHT="46" WIDTH="13" VPOS="835" HPOS="1549"/>
                  <String HEIGHT="46"
                          WIDTH="104"
                          VPOS="835"
                          HPOS="1510"
                          CONTENT="sic."/>
                  <SP HEIGHT="46" WIDTH="13" VPOS="835" HPOS="1614"/>
                  <String HEIGHT="46" WIDTH="91" VPOS="835" HPOS="1575" CONTENT="vel"/>
                  <SP HEIGHT="46" WIDTH="13" VPOS="835" HPOS="1665"/>
                  <String HEIGHT="46"
                          WIDTH="181"
                          VPOS="835"
                          HPOS="1627"
                          CONTENT="requiritur"/>
                  <SP HEIGHT="46" WIDTH="13" VPOS="835" HPOS="1808"/>
                  <String HEIGHT="46"
                          WIDTH="220"
                          VPOS="835"
                          HPOS="1769"
                          CONTENT="intensissimus"/>
                  <SP HEIGHT="46" WIDTH="13" VPOS="835" HPOS="1989"/>
                  <String HEIGHT="46"
                          WIDTH="78"
                          VPOS="835"
                          HPOS="1937"
                          CONTENT="actu"/>
               </TextLine>
               <TextLine ID="r2l14"
                         BASELINE="937"
                         HEIGHT="58"
                         WIDTH="754"
                         VPOS="879"
                         HPOS="1272">
                  <String HEIGHT="58"
                          WIDTH="203"
                          VPOS="879"
                          HPOS="1258"
                          CONTENT="voluntatis"/>
                  <SP HEIGHT="58" WIDTH="15" VPOS="879" HPOS="1461"/>
                  <String HEIGHT="58"
                          WIDTH="160"
                          VPOS="879"
                          HPOS="1417"
                          CONTENT="peccati"/>
                  <SP HEIGHT="58" WIDTH="15" VPOS="879" HPOS="1577"/>
                  <String HEIGHT="58"
                          WIDTH="232"
                          VPOS="879"
                          HPOS="1533"
                          CONTENT="detestatiuus"/>
                  <SP HEIGHT="58" WIDTH="15" VPOS="879" HPOS="1765"/>
                  <String HEIGHT="58" WIDTH="87" VPOS="879" HPOS="1722" CONTENT="ad"/>
                  <SP HEIGHT="58" WIDTH="15" VPOS="879" HPOS="1809"/>
                  <String HEIGHT="58"
                          WIDTH="116"
                          VPOS="879"
                          HPOS="1765"
                          CONTENT="quem"/>
                  <SP HEIGHT="58" WIDTH="15" VPOS="879" HPOS="1881"/>
                  <String HEIGHT="58"
                          WIDTH="160"
                          VPOS="879"
                          HPOS="1838"
                          CONTENT="aliquis"/>
                  <SP HEIGHT="58" WIDTH="15" VPOS="879" HPOS="1997"/>
                  <String HEIGHT="58"
                          WIDTH="102"
                          VPOS="879"
                          HPOS="1954"
                          CONTENT="ho-"/>
                  <SP HEIGHT="58" WIDTH="15" VPOS="879" HPOS="2055"/>
                  <String HEIGHT="58" WIDTH="29" VPOS="879" HPOS="1997" CONTENT=""/>
               </TextLine>
               <TextLine ID="r2l15"
                         BASELINE="971"
                         HEIGHT="51"
                         WIDTH="767"
                         VPOS="920"
                         HPOS="1263">
                  <String HEIGHT="51" WIDTH="81" VPOS="920" HPOS="1250" CONTENT="mo"/>
                  <SP HEIGHT="51" WIDTH="13" VPOS="920" HPOS="1330"/>
                  <String HEIGHT="51"
                          WIDTH="135"
                          VPOS="920"
                          HPOS="1290"
                          CONTENT="potest"/>
                  <SP HEIGHT="51" WIDTH="13" VPOS="920" HPOS="1424"/>
                  <String HEIGHT="51"
                          WIDTH="202"
                          VPOS="920"
                          HPOS="1384"
                          CONTENT="pertingere:"/>
                  <SP HEIGHT="51" WIDTH="13" VPOS="920" HPOS="1586"/>
                  <String HEIGHT="51" WIDTH="67" VPOS="920" HPOS="1546" CONTENT="&amp;"/>
                  <SP HEIGHT="51" WIDTH="13" VPOS="920" HPOS="1613"/>
                  <String HEIGHT="51" WIDTH="81" VPOS="920" HPOS="1572" CONTENT="si"/>
                  <SP HEIGHT="51" WIDTH="13" VPOS="920" HPOS="1653"/>
                  <String HEIGHT="51"
                          WIDTH="108"
                          VPOS="920"
                          HPOS="1613"
                          CONTENT="sic:"/>
                  <SP HEIGHT="51" WIDTH="13" VPOS="920" HPOS="1721"/>
                  <String HEIGHT="51"
                          WIDTH="121"
                          VPOS="920"
                          HPOS="1680"
                          CONTENT="rudis"/>
                  <SP HEIGHT="51" WIDTH="13" VPOS="920" HPOS="1801"/>
                  <String HEIGHT="51" WIDTH="94" VPOS="920" HPOS="1761" CONTENT="qui"/>
                  <SP HEIGHT="51" WIDTH="13" VPOS="920" HPOS="1855"/>
                  <String HEIGHT="51" WIDTH="94" VPOS="920" HPOS="1815" CONTENT="non"/>
                  <SP HEIGHT="51" WIDTH="13" VPOS="920" HPOS="1909"/>
                  <String HEIGHT="51"
                          WIDTH="135"
                          VPOS="920"
                          HPOS="1869"
                          CONTENT="potest"/>
                  <SP HEIGHT="51" WIDTH="13" VPOS="920" HPOS="2003"/>
                  <String HEIGHT="51"
                          WIDTH="81"
                          VPOS="920"
                          HPOS="1949"
                          CONTENT="habe"/>
               </TextLine>
               <TextLine ID="r2l16"
                         BASELINE="1010"
                         HEIGHT="48"
                         WIDTH="746"
                         VPOS="962"
                         HPOS="1275">
                  <String HEIGHT="48"
                          WIDTH="129"
                          VPOS="962"
                          HPOS="1261"
                          CONTENT="illum"/>
                  <SP HEIGHT="48" WIDTH="14" VPOS="962" HPOS="1390"/>
                  <String HEIGHT="48"
                          WIDTH="244"
                          VPOS="962"
                          HPOS="1347"
                          CONTENT="intensissimum"/>
                  <SP HEIGHT="48" WIDTH="14" VPOS="962" HPOS="1591"/>
                  <String HEIGHT="48"
                          WIDTH="143"
                          VPOS="962"
                          HPOS="1548"
                          CONTENT="actum,"/>
                  <SP HEIGHT="48" WIDTH="14" VPOS="962" HPOS="1691"/>
                  <String HEIGHT="48"
                          WIDTH="100"
                          VPOS="962"
                          HPOS="1648"
                          CONTENT="non"/>
                  <SP HEIGHT="48" WIDTH="14" VPOS="962" HPOS="1748"/>
                  <String HEIGHT="48"
                          WIDTH="100"
                          VPOS="962"
                          HPOS="1705"
                          CONTENT="est"/>
                  <SP HEIGHT="48" WIDTH="14" VPOS="962" HPOS="1806"/>
                  <String HEIGHT="48" WIDTH="86" VPOS="962" HPOS="1763" CONTENT="in"/>
                  <SP HEIGHT="48" WIDTH="14" VPOS="962" HPOS="1849"/>
                  <String HEIGHT="48"
                          WIDTH="129"
                          VPOS="962"
                          HPOS="1806"
                          CONTENT="statu"/>
                  <SP HEIGHT="48" WIDTH="14" VPOS="962" HPOS="1935"/>
                  <String HEIGHT="48"
                          WIDTH="143"
                          VPOS="962"
                          HPOS="1878"
                          CONTENT="salutis."/>
               </TextLine>
               <TextLine ID="r2l17"
                         BASELINE="1065"
                         HEIGHT="52"
                         WIDTH="765"
                         VPOS="1013"
                         HPOS="1271">
                  <String HEIGHT="52"
                          WIDTH="99"
                          VPOS="1013"
                          HPOS="1257"
                          CONTENT="vel"/>
                  <SP HEIGHT="52" WIDTH="14" VPOS="1013" HPOS="1356"/>
                  <String HEIGHT="52"
                          WIDTH="198"
                          VPOS="1013"
                          HPOS="1314"
                          CONTENT="requiritur"/>
                  <SP HEIGHT="52" WIDTH="14" VPOS="1013" HPOS="1512"/>
                  <String HEIGHT="52"
                          WIDTH="241"
                          VPOS="1013"
                          HPOS="1469"
                          CONTENT="intensissimus"/>
                  <SP HEIGHT="52" WIDTH="14" VPOS="1013" HPOS="1710"/>
                  <String HEIGHT="52"
                          WIDTH="128"
                          VPOS="1013"
                          HPOS="1668"
                          CONTENT="actus"/>
                  <SP HEIGHT="52" WIDTH="14" VPOS="1013" HPOS="1795"/>
                  <String HEIGHT="52"
                          WIDTH="113"
                          VPOS="1013"
                          HPOS="1753"
                          CONTENT="quem"/>
                  <SP HEIGHT="52" WIDTH="14" VPOS="1013" HPOS="1866"/>
                  <String HEIGHT="52"
                          WIDTH="113"
                          VPOS="1013"
                          HPOS="1824"
                          CONTENT="iste"/>
                  <SP HEIGHT="52" WIDTH="14" VPOS="1013" HPOS="1937"/>
                  <String HEIGHT="52"
                          WIDTH="142"
                          VPOS="1013"
                          HPOS="1894"
                          CONTENT="potest"/>
                  <SP HEIGHT="52" WIDTH="14" VPOS="1013" HPOS="2036"/>
                  <String HEIGHT="52" WIDTH="57" VPOS="1013" HPOS="1979" CONTENT="ha"/>
               </TextLine>
               <TextLine ID="r2l18"
                         BASELINE="1104"
                         HEIGHT="59"
                         WIDTH="760"
                         VPOS="1045"
                         HPOS="1267">
                  <String HEIGHT="59"
                          WIDTH="137"
                          VPOS="1045"
                          HPOS="1252"
                          CONTENT="bere:"/>
                  <SP HEIGHT="59" WIDTH="15" VPOS="1045" HPOS="1389"/>
                  <String HEIGHT="59"
                          WIDTH="106"
                          VPOS="1045"
                          HPOS="1343"
                          CONTENT="vel"/>
                  <SP HEIGHT="59" WIDTH="15" VPOS="1045" HPOS="1449"/>
                  <String HEIGHT="59"
                          WIDTH="106"
                          VPOS="1045"
                          HPOS="1404"
                          CONTENT="hoc"/>
                  <SP HEIGHT="59" WIDTH="15" VPOS="1045" HPOS="1510"/>
                  <String HEIGHT="59"
                          WIDTH="106"
                          VPOS="1045"
                          HPOS="1465"
                          CONTENT="est"/>
                  <SP HEIGHT="59" WIDTH="15" VPOS="1045" HPOS="1571"/>
                  <String HEIGHT="59" WIDTH="91" VPOS="1045" HPOS="1525" CONTENT="in"/>
                  <SP HEIGHT="59" WIDTH="15" VPOS="1045" HPOS="1617"/>
                  <String HEIGHT="59"
                          WIDTH="152"
                          VPOS="1045"
                          HPOS="1571"
                          CONTENT="optima"/>
                  <SP HEIGHT="59" WIDTH="15" VPOS="1045" HPOS="1723"/>
                  <String HEIGHT="59"
                          WIDTH="228"
                          VPOS="1045"
                          HPOS="1677"
                          CONTENT="dipositione"/>
                  <SP HEIGHT="59" WIDTH="15" VPOS="1045" HPOS="1905"/>
                  <String HEIGHT="59" WIDTH="91" VPOS="1045" HPOS="1860" CONTENT="ei"/>
                  <SP HEIGHT="59" WIDTH="15" VPOS="1045" HPOS="1951"/>
                  <String HEIGHT="59"
                          WIDTH="137"
                          VPOS="1045"
                          HPOS="1890"
                          CONTENT="possibi"/>
               </TextLine>
               <TextLine ID="r2l19"
                         BASELINE="1141"
                         HEIGHT="49"
                         WIDTH="748"
                         VPOS="1092"
                         HPOS="1270">
                  <String HEIGHT="49"
                          WIDTH="107"
                          VPOS="1092"
                          HPOS="1255"
                          CONTENT="li:"/>
                  <SP HEIGHT="49" WIDTH="15" VPOS="1092" HPOS="1362"/>
                  <String HEIGHT="49"
                          WIDTH="107"
                          VPOS="1092"
                          HPOS="1316"
                          CONTENT="vel"/>
                  <SP HEIGHT="49" WIDTH="15" VPOS="1092" HPOS="1423"/>
                  <String HEIGHT="49" WIDTH="92" VPOS="1092" HPOS="1377" CONTENT="in"/>
                  <SP HEIGHT="49" WIDTH="15" VPOS="1092" HPOS="1468"/>
                  <String HEIGHT="49"
                          WIDTH="153"
                          VPOS="1092"
                          HPOS="1423"
                          CONTENT="optima"/>
                  <SP HEIGHT="49" WIDTH="15" VPOS="1092" HPOS="1575"/>
                  <String HEIGHT="49"
                          WIDTH="244"
                          VPOS="1092"
                          HPOS="1530"
                          CONTENT="dispositione"/>
                  <SP HEIGHT="49" WIDTH="15" VPOS="1092" HPOS="1774"/>
                  <String HEIGHT="49"
                          WIDTH="183"
                          VPOS="1092"
                          HPOS="1728"
                          CONTENT="pronunc."/>
                  <SP HEIGHT="49" WIDTH="15" VPOS="1092" HPOS="1911"/>
                  <String HEIGHT="49" WIDTH="92" VPOS="1092" HPOS="1865" CONTENT="Si"/>
                  <SP HEIGHT="49" WIDTH="15" VPOS="1092" HPOS="1957"/>
                  <String HEIGHT="49"
                          WIDTH="122"
                          VPOS="1092"
                          HPOS="1896"
                          CONTENT="primum"/>
               </TextLine>
               <TextLine ID="r2l20"
                         BASELINE="1184"
                         HEIGHT="47"
                         WIDTH="762"
                         VPOS="1137"
                         HPOS="1267">
                  <String HEIGHT="47"
                          WIDTH="166"
                          VPOS="1137"
                          HPOS="1253"
                          CONTENT="sequitur"/>
                  <SP HEIGHT="47" WIDTH="14" VPOS="1137" HPOS="1419"/>
                  <String HEIGHT="47"
                          WIDTH="125"
                          VPOS="1137"
                          HPOS="1378"
                          CONTENT="ferme"/>
                  <SP HEIGHT="47" WIDTH="14" VPOS="1137" HPOS="1503"/>
                  <String HEIGHT="47"
                          WIDTH="111"
                          VPOS="1137"
                          HPOS="1461"
                          CONTENT="idem"/>
                  <SP HEIGHT="47" WIDTH="14" VPOS="1137" HPOS="1572"/>
                  <String HEIGHT="47"
                          WIDTH="111"
                          VPOS="1137"
                          HPOS="1530"
                          CONTENT="quod"/>
                  <SP HEIGHT="47" WIDTH="14" VPOS="1137" HPOS="1641"/>
                  <String HEIGHT="47"
                          WIDTH="139"
                          VPOS="1137"
                          HPOS="1600"
                          CONTENT="prius."/>
                  <SP HEIGHT="47" WIDTH="14" VPOS="1137" HPOS="1738"/>
                  <String HEIGHT="47" WIDTH="83" VPOS="1137" HPOS="1696" CONTENT="Si"/>
                  <SP HEIGHT="47" WIDTH="14" VPOS="1137" HPOS="1780"/>
                  <String HEIGHT="47"
                          WIDTH="180"
                          VPOS="1137"
                          HPOS="1738"
                          CONTENT="secundum,"/>
                  <SP HEIGHT="47" WIDTH="14" VPOS="1137" HPOS="1918"/>
                  <String HEIGHT="47"
                          WIDTH="166"
                          VPOS="1137"
                          HPOS="1863"
                          CONTENT="quaertitur"/>
               </TextLine>
               <TextLine ID="r2l21"
                         BASELINE="1233"
                         HEIGHT="46"
                         WIDTH="769"
                         VPOS="1187"
                         HPOS="1264">
                  <String HEIGHT="46"
                          WIDTH="133"
                          VPOS="1187"
                          HPOS="1249"
                          CONTENT="quare"/>
                  <SP HEIGHT="46" WIDTH="15" VPOS="1187" HPOS="1382"/>
                  <String HEIGHT="46"
                          WIDTH="104"
                          VPOS="1187"
                          HPOS="1338"
                          CONTENT="hoc"/>
                  <SP HEIGHT="46" WIDTH="15" VPOS="1187" HPOS="1441"/>
                  <String HEIGHT="46"
                          WIDTH="148"
                          VPOS="1187"
                          HPOS="1397"
                          CONTENT="dicis,"/>
                  <SP HEIGHT="46" WIDTH="15" VPOS="1187" HPOS="1545"/>
                  <String HEIGHT="46" WIDTH="74" VPOS="1187" HPOS="1501" CONTENT="&amp;"/>
                  <SP HEIGHT="46" WIDTH="15" VPOS="1187" HPOS="1575"/>
                  <String HEIGHT="46"
                          WIDTH="118"
                          VPOS="1187"
                          HPOS="1530"
                          CONTENT="quid"/>
                  <SP HEIGHT="46" WIDTH="15" VPOS="1187" HPOS="1649"/>
                  <String HEIGHT="46" WIDTH="89" VPOS="1187" HPOS="1604" CONTENT="te"/>
                  <SP HEIGHT="46" WIDTH="15" VPOS="1187" HPOS="1693"/>
                  <String HEIGHT="46"
                          WIDTH="148"
                          VPOS="1187"
                          HPOS="1648"
                          CONTENT="mouet:"/>
                  <SP HEIGHT="46" WIDTH="15" VPOS="1187" HPOS="1796"/>
                  <String HEIGHT="46"
                          WIDTH="104"
                          VPOS="1187"
                          HPOS="1752"
                          CONTENT="cum"/>
                  <SP HEIGHT="46" WIDTH="15" VPOS="1187" HPOS="1856"/>
                  <String HEIGHT="46"
                          WIDTH="133"
                          VPOS="1187"
                          HPOS="1811"
                          CONTENT="color"/>
                  <SP HEIGHT="46" WIDTH="15" VPOS="1187" HPOS="1944"/>
                  <String HEIGHT="46"
                          WIDTH="148"
                          VPOS="1187"
                          HPOS="1885"
                          CONTENT="auctori"
                          SUBS_TYPE="HypPart1"
                          SUBS_CONTENT="auctoritatum"/>
                  <HYP CONTENT="-"/>
               </TextLine>
               <TextLine ID="r2l22"
                         BASELINE="1280"
                         HEIGHT="53"
                         WIDTH="770"
                         VPOS="1227"
                         HPOS="1260">
                  <String HEIGHT="53"
                          WIDTH="154"
                          VPOS="1227"
                          HPOS="1243"
                          CONTENT="tatum"
                          SUBS_TYPE="HypPart2"
                          SUBS_CONTENT="auctoritatum"/>
                  <SP HEIGHT="53" WIDTH="17" VPOS="1227" HPOS="1397"/>
                  <String HEIGHT="53"
                          WIDTH="103"
                          VPOS="1227"
                          HPOS="1346"
                          CONTENT="in"/>
                  <SP HEIGHT="53" WIDTH="17" VPOS="1227" HPOS="1448"/>
                  <String HEIGHT="53"
                          WIDTH="274"
                          VPOS="1227"
                          HPOS="1397"
                          CONTENT="apparentiori"/>
                  <SP HEIGHT="53" WIDTH="17" VPOS="1227" HPOS="1671"/>
                  <String HEIGHT="53"
                          WIDTH="188"
                          VPOS="1227"
                          HPOS="1619"
                          CONTENT="materia"/>
                  <SP HEIGHT="53" WIDTH="17" VPOS="1227" HPOS="1808"/>
                  <String HEIGHT="53"
                          WIDTH="120"
                          VPOS="1227"
                          HPOS="1756"
                          CONTENT="hoc"/>
                  <SP HEIGHT="53" WIDTH="17" VPOS="1227" HPOS="1876"/>
                  <String HEIGHT="53"
                          WIDTH="120"
                          VPOS="1227"
                          HPOS="1825"
                          CONTENT="non"/>
                  <SP HEIGHT="53" WIDTH="17" VPOS="1227" HPOS="1944"/>
                  <String HEIGHT="53"
                          WIDTH="154"
                          VPOS="1227"
                          HPOS="1876"
                          CONTENT="conclu"
                          SUBS_TYPE="HypPart1"
                          SUBS_CONTENT="concludat:"/>
                  <HYP CONTENT="-"/>
               </TextLine>
               <TextLine ID="r2l23"
                         BASELINE="1321"
                         HEIGHT="52"
                         WIDTH="750"
                         VPOS="1269"
                         HPOS="1273">
                  <String HEIGHT="52"
                          WIDTH="115"
                          VPOS="1269"
                          HPOS="1259"
                          CONTENT="dat:"
                          SUBS_TYPE="HypPart2"
                          SUBS_CONTENT="concludat:"/>
                  <SP HEIGHT="52" WIDTH="14" VPOS="1269" HPOS="1374"/>
                  <String HEIGHT="52" WIDTH="87" VPOS="1269" HPOS="1331" CONTENT="vt"/>
                  <SP HEIGHT="52" WIDTH="14" VPOS="1269" HPOS="1417"/>
                  <String HEIGHT="52"
                          WIDTH="173"
                          VPOS="1269"
                          HPOS="1374"
                          CONTENT="superius"/>
                  <SP HEIGHT="52" WIDTH="14" VPOS="1269" HPOS="1547"/>
                  <String HEIGHT="52"
                          WIDTH="173"
                          VPOS="1269"
                          HPOS="1504"
                          CONTENT="diximus."/>
                  <SP HEIGHT="52" WIDTH="14" VPOS="1269" HPOS="1677"/>
                  <String HEIGHT="52" WIDTH="87" VPOS="1269" HPOS="1634" CONTENT="Si"/>
                  <SP HEIGHT="52" WIDTH="14" VPOS="1269" HPOS="1720"/>
                  <String HEIGHT="52"
                          WIDTH="144"
                          VPOS="1269"
                          HPOS="1677"
                          CONTENT="dicas,"/>
                  <SP HEIGHT="52" WIDTH="14" VPOS="1269" HPOS="1821"/>
                  <String HEIGHT="52"
                          WIDTH="202"
                          VPOS="1269"
                          HPOS="1778"
                          CONTENT="requiritur"/>
                  <SP HEIGHT="52" WIDTH="14" VPOS="1269" HPOS="1980"/>
                  <String HEIGHT="52"
                          WIDTH="101"
                          VPOS="1269"
                          HPOS="1922"
                          CONTENT="actus"/>
               </TextLine>
               <TextLine ID="r2l24"
                         BASELINE="1366"
                         HEIGHT="49"
                         WIDTH="764"
                         VPOS="1317"
                         HPOS="1262">
                  <String HEIGHT="49"
                          WIDTH="187"
                          VPOS="1317"
                          HPOS="1248"
                          CONTENT="intensus,"/>
                  <SP HEIGHT="49" WIDTH="14" VPOS="1317" HPOS="1435"/>
                  <String HEIGHT="49"
                          WIDTH="101"
                          VPOS="1317"
                          HPOS="1392"
                          CONTENT="sed"/>
                  <SP HEIGHT="49" WIDTH="14" VPOS="1317" HPOS="1493"/>
                  <String HEIGHT="49"
                          WIDTH="173"
                          VPOS="1317"
                          HPOS="1449"
                          CONTENT="sufficit"/>
                  <SP HEIGHT="49" WIDTH="14" VPOS="1317" HPOS="1622"/>
                  <String HEIGHT="49"
                          WIDTH="159"
                          VPOS="1317"
                          HPOS="1579"
                          CONTENT="aliquis"/>
                  <SP HEIGHT="49" WIDTH="14" VPOS="1317" HPOS="1738"/>
                  <String HEIGHT="49"
                          WIDTH="173"
                          VPOS="1317"
                          HPOS="1694"
                          CONTENT="intensus"/>
                  <SP HEIGHT="49" WIDTH="14" VPOS="1317" HPOS="1867"/>
                  <String HEIGHT="49"
                          WIDTH="187"
                          VPOS="1317"
                          HPOS="1824"
                          CONTENT="gradualis"/>
                  <SP HEIGHT="49" WIDTH="14" VPOS="1317" HPOS="2012"/>
                  <String HEIGHT="49"
                          WIDTH="72"
                          VPOS="1317"
                          HPOS="1954"
                          CONTENT="ci"
                          SUBS_TYPE="HypPart1"
                          SUBS_CONTENT="citra"/>
                  <HYP CONTENT="-"/>
               </TextLine>
               <TextLine ID="r2l25"
                         BASELINE="1414"
                         HEIGHT="53"
                         WIDTH="762"
                         VPOS="1361"
                         HPOS="1269">
                  <String HEIGHT="53"
                          WIDTH="99"
                          VPOS="1361"
                          HPOS="1255"
                          CONTENT="tra"
                          SUBS_TYPE="HypPart2"
                          SUBS_CONTENT="citra"/>
                  <SP HEIGHT="53" WIDTH="14" VPOS="1361" HPOS="1354"/>
                  <String HEIGHT="53"
                          WIDTH="155"
                          VPOS="1361"
                          HPOS="1311"
                          CONTENT="summum:"/>
                  <SP HEIGHT="53" WIDTH="14" VPOS="1361" HPOS="1467"/>
                  <String HEIGHT="53"
                          WIDTH="99"
                          VPOS="1361"
                          HPOS="1424"
                          CONTENT="non"/>
                  <SP HEIGHT="53" WIDTH="14" VPOS="1361" HPOS="1523"/>
                  <String HEIGHT="53"
                          WIDTH="127"
                          VPOS="1361"
                          HPOS="1481"
                          CONTENT="potes"/>
                  <SP HEIGHT="53" WIDTH="14" VPOS="1361" HPOS="1608"/>
                  <String HEIGHT="53"
                          WIDTH="141"
                          VPOS="1361"
                          HPOS="1565"
                          CONTENT="illius"/>
                  <SP HEIGHT="53" WIDTH="14" VPOS="1361" HPOS="1706"/>
                  <String HEIGHT="53"
                          WIDTH="212"
                          VPOS="1361"
                          HPOS="1664"
                          CONTENT="assertionis"/>
                  <SP HEIGHT="53" WIDTH="14" VPOS="1361" HPOS="1876"/>
                  <String HEIGHT="53"
                          WIDTH="113"
                          VPOS="1361"
                          HPOS="1833"
                          CONTENT="dare"/>
                  <SP HEIGHT="53" WIDTH="14" VPOS="1361" HPOS="1946"/>
                  <String HEIGHT="53"
                          WIDTH="141"
                          VPOS="1361"
                          HPOS="1890"
                          CONTENT="rationem"/>
               </TextLine>
               <TextLine ID="r2l26"
                         BASELINE="1459"
                         HEIGHT="60"
                         WIDTH="758"
                         VPOS="1399"
                         HPOS="1258">
                  <String HEIGHT="60"
                          WIDTH="193"
                          VPOS="1399"
                          HPOS="1243"
                          CONTENT="Praeterea"/>
                  <SP HEIGHT="60" WIDTH="15" VPOS="1399" HPOS="1436"/>
                  <String HEIGHT="60"
                          WIDTH="178"
                          VPOS="1399"
                          HPOS="1392"
                          CONTENT="arguitur"/>
                  <SP HEIGHT="60" WIDTH="15" VPOS="1399" HPOS="1570"/>
                  <String HEIGHT="60" WIDTH="89" VPOS="1399" HPOS="1526" CONTENT="ad"/>
                  <SP HEIGHT="60" WIDTH="15" VPOS="1399" HPOS="1615"/>
                  <String HEIGHT="60"
                          WIDTH="134"
                          VPOS="1399"
                          HPOS="1570"
                          CONTENT="idem."/>
                  <SP HEIGHT="60" WIDTH="15" VPOS="1399" HPOS="1704"/>
                  <String HEIGHT="60"
                          WIDTH="134"
                          VPOS="1399"
                          HPOS="1659"
                          CONTENT="sicut"/>
                  <SP HEIGHT="60" WIDTH="15" VPOS="1399" HPOS="1793"/>
                  <String HEIGHT="60"
                          WIDTH="149"
                          VPOS="1399"
                          HPOS="1748"
                          CONTENT="contra"/>
                  <SP HEIGHT="60" WIDTH="15" VPOS="1399" HPOS="1897"/>
                  <String HEIGHT="60"
                          WIDTH="134"
                          VPOS="1399"
                          HPOS="1853"
                          CONTENT="modum"/>
                  <SP HEIGHT="60" WIDTH="15" VPOS="1399" HPOS="1986"/>
                  <String HEIGHT="60"
                          WIDTH="104"
                          VPOS="1399"
                          HPOS="1942"
                          CONTENT="do-"/>
                  <SP HEIGHT="60" WIDTH="15" VPOS="1399" HPOS="2046"/>
                  <String HEIGHT="60" WIDTH="30" VPOS="1399" HPOS="1986" CONTENT=""/>
               </TextLine>
               <TextLine ID="r2l27"
                         BASELINE="1503"
                         HEIGHT="52"
                         WIDTH="760"
                         VPOS="1451"
                         HPOS="1261">
                  <String HEIGHT="52"
                          WIDTH="162"
                          VPOS="1451"
                          HPOS="1245"
                          CONTENT="ctoris"/>
                  <SP HEIGHT="52" WIDTH="16" VPOS="1451" HPOS="1407"/>
                  <String HEIGHT="52"
                          WIDTH="194"
                          VPOS="1451"
                          HPOS="1358"
                          CONTENT="subtilis"/>
                  <SP HEIGHT="52" WIDTH="16" VPOS="1451" HPOS="1552"/>
                  <String HEIGHT="52"
                          WIDTH="259"
                          VPOS="1451"
                          HPOS="1504"
                          CONTENT="argumentatus"/>
                  <SP HEIGHT="52" WIDTH="16" VPOS="1451" HPOS="1762"/>
                  <String HEIGHT="52"
                          WIDTH="129"
                          VPOS="1451"
                          HPOS="1714"
                          CONTENT="sum."/>
                  <SP HEIGHT="52" WIDTH="16" VPOS="1451" HPOS="1843"/>
                  <String HEIGHT="52"
                          WIDTH="194"
                          VPOS="1451"
                          HPOS="1795"
                          CONTENT="Quilibet"/>
                  <SP HEIGHT="52" WIDTH="16" VPOS="1451" HPOS="1989"/>
                  <String HEIGHT="52"
                          WIDTH="97"
                          VPOS="1451"
                          HPOS="1924"
                          CONTENT="con"
                          SUBS_TYPE="HypPart1"
                          SUBS_CONTENT="consensus"/>
                  <HYP CONTENT="-"/>
               </TextLine>
               <TextLine ID="r2l28"
                         BASELINE="1547"
                         HEIGHT="55"
                         WIDTH="767"
                         VPOS="1492"
                         HPOS="1256">
                  <String HEIGHT="55"
                          WIDTH="153"
                          VPOS="1492"
                          HPOS="1241"
                          CONTENT="sensus"
                          SUBS_TYPE="HypPart2"
                          SUBS_CONTENT="consensus"/>
                  <SP HEIGHT="55" WIDTH="15" VPOS="1492" HPOS="1394"/>
                  <String HEIGHT="55"
                          WIDTH="230"
                          VPOS="1492"
                          HPOS="1348"
                          CONTENT="deliberatus"/>
                  <SP HEIGHT="55" WIDTH="15" VPOS="1492" HPOS="1578"/>
                  <String HEIGHT="55" WIDTH="92" VPOS="1492" HPOS="1532" CONTENT="in"/>
                  <SP HEIGHT="55" WIDTH="15" VPOS="1492" HPOS="1624"/>
                  <String HEIGHT="55"
                          WIDTH="184"
                          VPOS="1492"
                          HPOS="1578"
                          CONTENT="materiam"/>
                  <SP HEIGHT="55" WIDTH="15" VPOS="1492" HPOS="1762"/>
                  <String HEIGHT="55"
                          WIDTH="215"
                          VPOS="1492"
                          HPOS="1716"
                          CONTENT="prohibitam"/>
                  <SP HEIGHT="55" WIDTH="15" VPOS="1492" HPOS="1931"/>
                  <String HEIGHT="55"
                          WIDTH="153"
                          VPOS="1492"
                          HPOS="1870"
                          CONTENT="sufficit"/>
               </TextLine>
               <TextLine ID="r2l29"
                         BASELINE="1600"
                         HEIGHT="60"
                         WIDTH="767"
                         VPOS="1540"
                         HPOS="1267">
                  <String HEIGHT="60" WIDTH="85" VPOS="1540" HPOS="1253" CONTENT="ad"/>
                  <SP HEIGHT="60" WIDTH="14" VPOS="1540" HPOS="1338"/>
                  <String HEIGHT="60"
                          WIDTH="199"
                          VPOS="1540"
                          HPOS="1295"
                          CONTENT="peccandum:"/>
                  <SP HEIGHT="60" WIDTH="14" VPOS="1540" HPOS="1494"/>
                  <String HEIGHT="60"
                          WIDTH="114"
                          VPOS="1540"
                          HPOS="1452"
                          CONTENT="ergo"/>
                  <SP HEIGHT="60" WIDTH="14" VPOS="1540" HPOS="1565"/>
                  <String HEIGHT="60"
                          WIDTH="170"
                          VPOS="1540"
                          HPOS="1523"
                          CONTENT="quilibet"/>
                  <SP HEIGHT="60" WIDTH="14" VPOS="1540" HPOS="1693"/>
                  <String HEIGHT="60"
                          WIDTH="185"
                          VPOS="1540"
                          HPOS="1651"
                          CONTENT="dissensus"/>
                  <SP HEIGHT="60" WIDTH="14" VPOS="1540" HPOS="1835"/>
                  <String HEIGHT="60"
                          WIDTH="241"
                          VPOS="1540"
                          HPOS="1793"
                          CONTENT="quantuncumque"/>
                  <SP HEIGHT="60" WIDTH="14" VPOS="1540" HPOS="2034"/>
                  <String HEIGHT="60" WIDTH="57" VPOS="1540" HPOS="1977" CONTENT="re"/>
               </TextLine>
               <TextLine ID="r2l30"
                         BASELINE="1628"
                         HEIGHT="46"
                         WIDTH="762"
                         VPOS="1582"
                         HPOS="1267">
                  <String HEIGHT="46"
                          WIDTH="139"
                          VPOS="1582"
                          HPOS="1253"
                          CONTENT="missus"/>
                  <SP HEIGHT="46" WIDTH="14" VPOS="1582" HPOS="1392"/>
                  <String HEIGHT="46"
                          WIDTH="111"
                          VPOS="1582"
                          HPOS="1350"
                          CONTENT="bene"/>
                  <SP HEIGHT="46" WIDTH="14" VPOS="1582" HPOS="1461"/>
                  <String HEIGHT="46"
                          WIDTH="305"
                          VPOS="1582"
                          HPOS="1419"
                          CONTENT="circumstantionatus"/>
                  <SP HEIGHT="46" WIDTH="14" VPOS="1582" HPOS="1724"/>
                  <String HEIGHT="46"
                          WIDTH="166"
                          VPOS="1582"
                          HPOS="1683"
                          CONTENT="sufficit"/>
                  <SP HEIGHT="46" WIDTH="14" VPOS="1582" HPOS="1849"/>
                  <String HEIGHT="46" WIDTH="83" VPOS="1582" HPOS="1807" CONTENT="ad"/>
                  <SP HEIGHT="46" WIDTH="14" VPOS="1582" HPOS="1890"/>
                  <String HEIGHT="46"
                          WIDTH="194"
                          VPOS="1582"
                          HPOS="1835"
                          CONTENT="resurgendum."/>
               </TextLine>
               <TextLine ID="r2l31"
                         BASELINE="1672"
                         HEIGHT="50"
                         WIDTH="766"
                         VPOS="1622"
                         HPOS="1267">
                  <String HEIGHT="50"
                          WIDTH="123"
                          VPOS="1622"
                          HPOS="1252"
                          CONTENT="ltem"/>
                  <SP HEIGHT="50" WIDTH="15" VPOS="1622" HPOS="1374"/>
                  <String HEIGHT="50"
                          WIDTH="199"
                          VPOS="1622"
                          HPOS="1328"
                          CONTENT="quaelibet"/>
                  <SP HEIGHT="50" WIDTH="15" VPOS="1622" HPOS="1527"/>
                  <String HEIGHT="50"
                          WIDTH="184"
                          VPOS="1622"
                          HPOS="1481"
                          CONTENT="dilectio"/>
                  <SP HEIGHT="50" WIDTH="15" VPOS="1622" HPOS="1665"/>
                  <String HEIGHT="50"
                          WIDTH="107"
                          VPOS="1622"
                          HPOS="1619"
                          CONTENT="dei"/>
                  <SP HEIGHT="50" WIDTH="15" VPOS="1622" HPOS="1727"/>
                  <String HEIGHT="50"
                          WIDTH="123"
                          VPOS="1622"
                          HPOS="1681"
                          CONTENT="rite"/>
                  <SP HEIGHT="50" WIDTH="15" VPOS="1622" HPOS="1803"/>
                  <String HEIGHT="50"
                          WIDTH="291"
                          VPOS="1622"
                          HPOS="1742"
                          CONTENT="circumstantionata"/>
               </TextLine>
               <TextLine ID="r2l32"
                         BASELINE="1725"
                         HEIGHT="59"
                         WIDTH="766"
                         VPOS="1666"
                         HPOS="1258">
                  <String HEIGHT="59"
                          WIDTH="203"
                          VPOS="1666"
                          HPOS="1246"
                          CONTENT="quantuncumque"/>
                  <SP HEIGHT="59" WIDTH="12" VPOS="1666" HPOS="1450"/>
                  <String HEIGHT="59"
                          WIDTH="132"
                          VPOS="1666"
                          HPOS="1414"
                          CONTENT="remissa"/>
                  <SP HEIGHT="59" WIDTH="12" VPOS="1666" HPOS="1545"/>
                  <String HEIGHT="59"
                          WIDTH="144"
                          VPOS="1666"
                          HPOS="1509"
                          CONTENT="sufficit"/>
                  <SP HEIGHT="59" WIDTH="12" VPOS="1666" HPOS="1653"/>
                  <String HEIGHT="59" WIDTH="72" VPOS="1666" HPOS="1617" CONTENT="ad"/>
                  <SP HEIGHT="59" WIDTH="12" VPOS="1666" HPOS="1689"/>
                  <String HEIGHT="59"
                          WIDTH="180"
                          VPOS="1666"
                          HPOS="1653"
                          CONTENT="impletionem"/>
                  <SP HEIGHT="59" WIDTH="12" VPOS="1666" HPOS="1833"/>
                  <String HEIGHT="59"
                          WIDTH="168"
                          VPOS="1666"
                          HPOS="1797"
                          CONTENT="praecepti:"/>
                  <SP HEIGHT="59" WIDTH="12" VPOS="1666" HPOS="1964"/>
                  <String HEIGHT="59" WIDTH="72" VPOS="1666" HPOS="1928" CONTENT="le"/>
                  <SP HEIGHT="59" WIDTH="12" VPOS="1666" HPOS="2000"/>
                  <String HEIGHT="59"
                          WIDTH="72"
                          VPOS="1666"
                          HPOS="1952"
                          CONTENT="prae"/>
               </TextLine>
               <TextLine ID="r2l33"
                         BASELINE="1760"
                         HEIGHT="44"
                         WIDTH="753"
                         VPOS="1716"
                         HPOS="1273">
                  <String HEIGHT="44"
                          WIDTH="174"
                          VPOS="1716"
                          HPOS="1259"
                          CONTENT="tipiatur"/>
                  <SP HEIGHT="44" WIDTH="14" VPOS="1716" HPOS="1432"/>
                  <String HEIGHT="44"
                          WIDTH="116"
                          VPOS="1716"
                          HPOS="1389"
                          CONTENT="quod"/>
                  <SP HEIGHT="44" WIDTH="14" VPOS="1716" HPOS="1505"/>
                  <String HEIGHT="44"
                          WIDTH="174"
                          VPOS="1716"
                          HPOS="1461"
                          CONTENT="debeamus"/>
                  <SP HEIGHT="44" WIDTH="14" VPOS="1716" HPOS="1635"/>
                  <String HEIGHT="44"
                          WIDTH="174"
                          VPOS="1716"
                          HPOS="1592"
                          CONTENT="diligere"/>
                  <SP HEIGHT="44" WIDTH="14" VPOS="1716" HPOS="1765"/>
                  <String HEIGHT="44"
                          WIDTH="116"
                          VPOS="1716"
                          HPOS="1722"
                          CONTENT="deum"/>
                  <SP HEIGHT="44" WIDTH="14" VPOS="1716" HPOS="1838"/>
                  <String HEIGHT="44" WIDTH="87" VPOS="1716" HPOS="1794" CONTENT="ex"/>
                  <SP HEIGHT="44" WIDTH="14" VPOS="1716" HPOS="1881"/>
                  <String HEIGHT="44"
                          WIDTH="116"
                          VPOS="1716"
                          HPOS="1838"
                          CONTENT="toto"/>
                  <SP HEIGHT="44" WIDTH="14" VPOS="1716" HPOS="1954"/>
                  <String HEIGHT="44"
                          WIDTH="130"
                          VPOS="1716"
                          HPOS="1910"
                          CONTENT="corde"/>
                  <SP HEIGHT="44" WIDTH="14" VPOS="1716" HPOS="2040"/>
                  <String HEIGHT="44" WIDTH="43" VPOS="1716" HPOS="1983" CONTENT="&amp;"/>
               </TextLine>
               <TextLine ID="r2l34"
                         BASELINE="1803"
                         HEIGHT="44"
                         WIDTH="759"
                         VPOS="1759"
                         HPOS="1261">
                  <String HEIGHT="44"
                          WIDTH="132"
                          VPOS="1759"
                          HPOS="1245"
                          CONTENT="tota"/>
                  <SP HEIGHT="44" WIDTH="17" VPOS="1759" HPOS="1377"/>
                  <String HEIGHT="44"
                          WIDTH="165"
                          VPOS="1759"
                          HPOS="1327"
                          CONTENT="mente."/>
                  <SP HEIGHT="44" WIDTH="17" VPOS="1759" HPOS="1492"/>
                  <String HEIGHT="44" WIDTH="83" VPOS="1759" HPOS="1443" CONTENT="⁋"/>
                  <SP HEIGHT="44" WIDTH="17" VPOS="1759" HPOS="1525"/>
                  <String HEIGHT="44"
                          WIDTH="149"
                          VPOS="1759"
                          HPOS="1476"
                          CONTENT="Alius"/>
                  <SP HEIGHT="44" WIDTH="17" VPOS="1759" HPOS="1624"/>
                  <String HEIGHT="44"
                          WIDTH="116"
                          VPOS="1759"
                          HPOS="1575"
                          CONTENT="est"/>
                  <SP HEIGHT="44" WIDTH="17" VPOS="1759" HPOS="1690"/>
                  <String HEIGHT="44"
                          WIDTH="149"
                          VPOS="1759"
                          HPOS="1641"
                          CONTENT="modus"/>
                  <SP HEIGHT="44" WIDTH="17" VPOS="1759" HPOS="1789"/>
                  <String HEIGHT="44"
                          WIDTH="182"
                          VPOS="1759"
                          HPOS="1740"
                          CONTENT="dicendi"/>
                  <SP HEIGHT="44" WIDTH="17" VPOS="1759" HPOS="1921"/>
                  <String HEIGHT="44"
                          WIDTH="165"
                          VPOS="1759"
                          HPOS="1855"
                          CONTENT="doctoris"/>
               </TextLine>
               <TextLine ID="r2l35"
                         BASELINE="1851"
                         HEIGHT="52"
                         WIDTH="765"
                         VPOS="1799"
                         HPOS="1261">
                  <String HEIGHT="52"
                          WIDTH="161"
                          VPOS="1799"
                          HPOS="1248"
                          CONTENT="subtilis"/>
                  <SP HEIGHT="52" WIDTH="13" VPOS="1799" HPOS="1409"/>
                  <String HEIGHT="52"
                          WIDTH="107"
                          VPOS="1799"
                          HPOS="1368"
                          CONTENT="quem"/>
                  <SP HEIGHT="52" WIDTH="13" VPOS="1799" HPOS="1476"/>
                  <String HEIGHT="52"
                          WIDTH="94"
                          VPOS="1799"
                          HPOS="1435"
                          CONTENT="in."/>
                  <SP HEIGHT="52" WIDTH="13" VPOS="1799" HPOS="1529"/>
                  <String HEIGHT="52"
                          WIDTH="134"
                          VPOS="1799"
                          HPOS="1489"
                          CONTENT="xiiii."/>
                  <SP HEIGHT="52" WIDTH="13" VPOS="1799" HPOS="1623"/>
                  <String HEIGHT="52"
                          WIDTH="121"
                          VPOS="1799"
                          HPOS="1583"
                          CONTENT="dist."/>
                  <SP HEIGHT="52" WIDTH="13" VPOS="1799" HPOS="1704"/>
                  <String HEIGHT="52"
                          WIDTH="215"
                          VPOS="1799"
                          HPOS="1664"
                          CONTENT="recitauimus,"/>
                  <SP HEIGHT="52" WIDTH="13" VPOS="1799" HPOS="1878"/>
                  <String HEIGHT="52" WIDTH="67" VPOS="1799" HPOS="1838" CONTENT="&amp;"/>
                  <SP HEIGHT="52" WIDTH="13" VPOS="1799" HPOS="1905"/>
                  <String HEIGHT="52"
                          WIDTH="174"
                          VPOS="1799"
                          HPOS="1852"
                          CONTENT="refellimus."/>
               </TextLine>
               <TextLine ID="r2l36"
                         BASELINE="1907"
                         HEIGHT="55"
                         WIDTH="757"
                         VPOS="1852"
                         HPOS="1267">
                  <String HEIGHT="55"
                          WIDTH="148"
                          VPOS="1852"
                          HPOS="1252"
                          CONTENT="contra"/>
                  <SP HEIGHT="55" WIDTH="15" VPOS="1852" HPOS="1401"/>
                  <String HEIGHT="55"
                          WIDTH="119"
                          VPOS="1852"
                          HPOS="1356"
                          CONTENT="quem"/>
                  <SP HEIGHT="55" WIDTH="15" VPOS="1852" HPOS="1475"/>
                  <String HEIGHT="55"
                          WIDTH="148"
                          VPOS="1852"
                          HPOS="1430"
                          CONTENT="doctor"/>
                  <SP HEIGHT="55" WIDTH="15" VPOS="1852" HPOS="1579"/>
                  <String HEIGHT="55"
                          WIDTH="119"
                          VPOS="1852"
                          HPOS="1534"
                          CONTENT="iste"/>
                  <SP HEIGHT="55" WIDTH="15" VPOS="1852" HPOS="1653"/>
                  <String HEIGHT="55" WIDTH="89" VPOS="1852" HPOS="1608" CONTENT="in"/>
                  <SP HEIGHT="55" WIDTH="15" VPOS="1852" HPOS="1697"/>
                  <String HEIGHT="55"
                          WIDTH="148"
                          VPOS="1852"
                          HPOS="1653"
                          CONTENT="quarto"/>
                  <SP HEIGHT="55" WIDTH="15" VPOS="1852" HPOS="1801"/>
                  <String HEIGHT="55" WIDTH="89" VPOS="1852" HPOS="1757" CONTENT="in"/>
                  <SP HEIGHT="55" WIDTH="15" VPOS="1852" HPOS="1846"/>
                  <String HEIGHT="55"
                          WIDTH="163"
                          VPOS="1852"
                          HPOS="1801"
                          CONTENT="materia"/>
                  <SP HEIGHT="55" WIDTH="15" VPOS="1852" HPOS="1965"/>
                  <String HEIGHT="55" WIDTH="89" VPOS="1852" HPOS="1920" CONTENT="de"/>
                  <SP HEIGHT="55" WIDTH="15" VPOS="1852" HPOS="2009"/>
                  <String HEIGHT="55"
                          WIDTH="74"
                          VPOS="1852"
                          HPOS="1950"
                          CONTENT="poe"/>
               </TextLine>
               <TextLine ID="r2l37"
                         BASELINE="1939"
                         HEIGHT="44"
                         WIDTH="774"
                         VPOS="1895"
                         HPOS="1258">
                  <String HEIGHT="44"
                          WIDTH="186"
                          VPOS="1895"
                          HPOS="1243"
                          CONTENT="nitentia"/>
                  <SP HEIGHT="44" WIDTH="15" VPOS="1895" HPOS="1428"/>
                  <String HEIGHT="44"
                          WIDTH="108"
                          VPOS="1895"
                          HPOS="1382"
                          CONTENT="sic"/>
                  <SP HEIGHT="44" WIDTH="15" VPOS="1895" HPOS="1490"/>
                  <String HEIGHT="44"
                          WIDTH="155"
                          VPOS="1895"
                          HPOS="1444"
                          CONTENT="dicit."/>
                  <SP HEIGHT="44" WIDTH="15" VPOS="1895" HPOS="1599"/>
                  <String HEIGHT="44"
                          WIDTH="155"
                          VPOS="1895"
                          HPOS="1552"
                          CONTENT="Doctor"/>
                  <SP HEIGHT="44" WIDTH="15" VPOS="1895" HPOS="1707"/>
                  <String HEIGHT="44"
                          WIDTH="186"
                          VPOS="1895"
                          HPOS="1660"
                          CONTENT="subtilis"/>
                  <SP HEIGHT="44" WIDTH="15" VPOS="1895" HPOS="1846"/>
                  <String HEIGHT="44"
                          WIDTH="108"
                          VPOS="1895"
                          HPOS="1800"
                          CONTENT="qui"/>
                  <SP HEIGHT="44" WIDTH="15" VPOS="1895" HPOS="1908"/>
                  <String HEIGHT="44"
                          WIDTH="155"
                          VPOS="1895"
                          HPOS="1862"
                          CONTENT="omnium"/>
                  <SP HEIGHT="44" WIDTH="15" VPOS="1895" HPOS="2017"/>
                  <String HEIGHT="44"
                          WIDTH="77"
                          VPOS="1895"
                          HPOS="1955"
                          CONTENT="mi"
                          SUBS_TYPE="HypPart1"
                          SUBS_CONTENT="mitissime"/>
                  <HYP CONTENT="-"/>
               </TextLine>
               <TextLine ID="r2l38"
                         BASELINE="1994"
                         HEIGHT="57"
                         WIDTH="766"
                         VPOS="1937"
                         HPOS="1264">
                  <String HEIGHT="57"
                          WIDTH="179"
                          VPOS="1937"
                          HPOS="1248"
                          CONTENT="tissime"
                          SUBS_TYPE="HypPart2"
                          SUBS_CONTENT="mitissime"/>
                  <SP HEIGHT="57" WIDTH="16" VPOS="1937" HPOS="1427"/>
                  <String HEIGHT="57" WIDTH="98" VPOS="1937" HPOS="1378" CONTENT="in"/>
                  <SP HEIGHT="57" WIDTH="16" VPOS="1937" HPOS="1476"/>
                  <String HEIGHT="57"
                          WIDTH="114"
                          VPOS="1937"
                          HPOS="1427"
                          CONTENT="hac"/>
                  <SP HEIGHT="57" WIDTH="16" VPOS="1937" HPOS="1541"/>
                  <String HEIGHT="57"
                          WIDTH="179"
                          VPOS="1937"
                          HPOS="1492"
                          CONTENT="materia"/>
                  <SP HEIGHT="57" WIDTH="16" VPOS="1937" HPOS="1671"/>
                  <String HEIGHT="57"
                          WIDTH="196"
                          VPOS="1937"
                          HPOS="1623"
                          CONTENT="loquutus"/>
                  <SP HEIGHT="57" WIDTH="16" VPOS="1937" HPOS="1818"/>
                  <String HEIGHT="57"
                          WIDTH="114"
                          VPOS="1937"
                          HPOS="1769"
                          CONTENT="est"/>
                  <SP HEIGHT="57" WIDTH="16" VPOS="1937" HPOS="1883"/>
                  <String HEIGHT="57"
                          WIDTH="179"
                          VPOS="1937"
                          HPOS="1834"
                          CONTENT="(vtinam"/>
                  <SP HEIGHT="57" WIDTH="16" VPOS="1937" HPOS="2014"/>
                  <String HEIGHT="57"
                          WIDTH="81"
                          VPOS="1937"
                          HPOS="1949"
                          CONTENT="tam"/>
               </TextLine>
               <TextLine ID="r2l39"
                         BASELINE="2039"
                         HEIGHT="55"
                         WIDTH="742"
                         VPOS="1984"
                         HPOS="1266">
                  <String HEIGHT="55"
                          WIDTH="104"
                          VPOS="1984"
                          HPOS="1253"
                          CONTENT="vere"/>
                  <SP HEIGHT="55" WIDTH="13" VPOS="1984" HPOS="1357"/>
                  <String HEIGHT="55"
                          WIDTH="104"
                          VPOS="1984"
                          HPOS="1318"
                          CONTENT="quam"/>
                  <SP HEIGHT="55" WIDTH="13" VPOS="1984" HPOS="1422"/>
                  <String HEIGHT="55"
                          WIDTH="104"
                          VPOS="1984"
                          HPOS="1383"
                          CONTENT="pie."/>
                  <SP HEIGHT="55" WIDTH="13" VPOS="1984" HPOS="1487"/>
                  <String HEIGHT="55"
                          WIDTH="130"
                          VPOS="1984"
                          HPOS="1448"
                          CONTENT="xiiii."/>
                  <SP HEIGHT="55" WIDTH="13" VPOS="1984" HPOS="1578"/>
                  <String HEIGHT="55"
                          WIDTH="208"
                          VPOS="1984"
                          HPOS="1539"
                          CONTENT="distinctione"/>
                  <SP HEIGHT="55" WIDTH="13" VPOS="1984" HPOS="1748"/>
                  <String HEIGHT="55"
                          WIDTH="143"
                          VPOS="1984"
                          HPOS="1709"
                          CONTENT="quarti,"/>
                  <SP HEIGHT="55" WIDTH="13" VPOS="1984" HPOS="1852"/>
                  <String HEIGHT="55"
                          WIDTH="195"
                          VPOS="1984"
                          HPOS="1813"
                          CONTENT="quaestione."/>
                  <SP HEIGHT="55" WIDTH="13" VPOS="1984" HPOS="2008"/>
                  <String HEIGHT="55" WIDTH="52" VPOS="1984" HPOS="1956" CONTENT="ii"/>
               </TextLine>
               <TextLine ID="r2l40"
                         BASELINE="2069"
                         HEIGHT="43"
                         WIDTH="769"
                         VPOS="2026"
                         HPOS="1258">
                  <String HEIGHT="43"
                          WIDTH="112"
                          VPOS="2026"
                          HPOS="1244"
                          CONTENT="art."/>
                  <SP HEIGHT="43" WIDTH="14" VPOS="2026" HPOS="1356"/>
                  <String HEIGHT="43"
                          WIDTH="98"
                          VPOS="2026"
                          HPOS="1314"
                          CONTENT="ii."/>
                  <SP HEIGHT="43" WIDTH="14" VPOS="2026" HPOS="1412"/>
                  <String HEIGHT="43"
                          WIDTH="168"
                          VPOS="2026"
                          HPOS="1370"
                          CONTENT="admittit"/>
                  <SP HEIGHT="43" WIDTH="14" VPOS="2026" HPOS="1538"/>
                  <String HEIGHT="43"
                          WIDTH="224"
                          VPOS="2026"
                          HPOS="1496"
                          CONTENT="poenitentiam"/>
                  <SP HEIGHT="43" WIDTH="14" VPOS="2026" HPOS="1719"/>
                  <String HEIGHT="43"
                          WIDTH="210"
                          VPOS="2026"
                          HPOS="1677"
                          CONTENT="attritionem"/>
                  <SP HEIGHT="43" WIDTH="14" VPOS="2026" HPOS="1887"/>
                  <String HEIGHT="43"
                          WIDTH="98"
                          VPOS="2026"
                          HPOS="1845"
                          CONTENT="per"/>
                  <SP HEIGHT="43" WIDTH="14" VPOS="2026" HPOS="1943"/>
                  <String HEIGHT="43"
                          WIDTH="126"
                          VPOS="2026"
                          HPOS="1901"
                          CONTENT="omnia"/>
                  <SP HEIGHT="43" WIDTH="14" VPOS="2026" HPOS="2027"/>
                  <String HEIGHT="43" WIDTH="56" VPOS="2026" HPOS="1971" CONTENT="de"/>
               </TextLine>
               <TextLine ID="r2l41"
                         BASELINE="2112"
                         HEIGHT="48"
                         WIDTH="769"
                         VPOS="2064"
                         HPOS="1251">
                  <String HEIGHT="48"
                          WIDTH="104"
                          VPOS="2064"
                          HPOS="1238"
                          CONTENT="bite"/>
                  <SP HEIGHT="48" WIDTH="13" VPOS="2064" HPOS="1342"/>
                  <String HEIGHT="48"
                          WIDTH="287"
                          VPOS="2064"
                          HPOS="1303"
                          CONTENT="circumstantionatam"/>
                  <SP HEIGHT="48" WIDTH="13" VPOS="2064" HPOS="1590"/>
                  <String HEIGHT="48"
                          WIDTH="143"
                          VPOS="2064"
                          HPOS="1551"
                          CONTENT="tempore"/>
                  <SP HEIGHT="48" WIDTH="13" VPOS="2064" HPOS="1694"/>
                  <String HEIGHT="48"
                          WIDTH="182"
                          VPOS="2064"
                          HPOS="1655"
                          CONTENT="praecedere"/>
                  <SP HEIGHT="48" WIDTH="13" VPOS="2064" HPOS="1838"/>
                  <String HEIGHT="48"
                          WIDTH="117"
                          VPOS="2064"
                          HPOS="1798"
                          CONTENT="ipsam"/>
                  <SP HEIGHT="48" WIDTH="13" VPOS="2064" HPOS="1916"/>
                  <String HEIGHT="48"
                          WIDTH="130"
                          VPOS="2064"
                          HPOS="1877"
                          CONTENT="culpae"/>
                  <SP HEIGHT="48" WIDTH="13" VPOS="2064" HPOS="2007"/>
                  <String HEIGHT="48"
                          WIDTH="65"
                          VPOS="2064"
                          HPOS="1955"
                          CONTENT="re"
                          SUBS_TYPE="HypPart1"
                          SUBS_CONTENT="remissionem"/>
                  <HYP CONTENT="-"/>
               </TextLine>
               <TextLine ID="r2l42"
                         BASELINE="2173"
                         HEIGHT="66"
                         WIDTH="781"
                         VPOS="2107"
                         HPOS="1251">
                  <String HEIGHT="66"
                          WIDTH="175"
                          VPOS="2107"
                          HPOS="1238"
                          CONTENT="missionem"
                          SUBS_TYPE="HypPart2"
                          SUBS_CONTENT="remissionem"/>
                  <SP HEIGHT="66" WIDTH="13" VPOS="2107" HPOS="1413"/>
                  <String HEIGHT="66"
                          WIDTH="148"
                          VPOS="2107"
                          HPOS="1372"
                          CONTENT="tamquam"/>
                  <SP HEIGHT="66" WIDTH="13" VPOS="2107" HPOS="1520"/>
                  <String HEIGHT="66"
                          WIDTH="148"
                          VPOS="2107"
                          HPOS="1480"
                          CONTENT="meritum"/>
                  <SP HEIGHT="66" WIDTH="13" VPOS="2107" HPOS="1628"/>
                  <String HEIGHT="66"
                          WIDTH="148"
                          VPOS="2107"
                          HPOS="1588"
                          CONTENT="cogrui."/>
                  <SP HEIGHT="66" WIDTH="13" VPOS="2107" HPOS="1736"/>
                  <String HEIGHT="66"
                          WIDTH="135"
                          VPOS="2107"
                          HPOS="1695"
                          CONTENT="addit,"/>
                  <SP HEIGHT="66" WIDTH="13" VPOS="2107" HPOS="1830"/>
                  <String HEIGHT="66"
                          WIDTH="148"
                          VPOS="2107"
                          HPOS="1790"
                          CONTENT="propter"/>
                  <SP HEIGHT="66" WIDTH="13" VPOS="2107" HPOS="1938"/>
                  <String HEIGHT="66"
                          WIDTH="108"
                          VPOS="2107"
                          HPOS="1897"
                          CONTENT="quod"/>
                  <SP HEIGHT="66" WIDTH="13" VPOS="2107" HPOS="2005"/>
                  <String HEIGHT="66"
                          WIDTH="81"
                          VPOS="2107"
                          HPOS="1951"
                          CONTENT="deus"/>
               </TextLine>
               <TextLine ID="r2l43"
                         BASELINE="2214"
                         HEIGHT="60"
                         WIDTH="765"
                         VPOS="2154"
                         HPOS="1252">
                  <String HEIGHT="60" WIDTH="78" VPOS="2154" HPOS="1239" CONTENT="in"/>
                  <SP HEIGHT="60" WIDTH="13" VPOS="2154" HPOS="1317"/>
                  <String HEIGHT="60"
                          WIDTH="130"
                          VPOS="2154"
                          HPOS="1278"
                          CONTENT="aliquo"/>
                  <SP HEIGHT="60" WIDTH="13" VPOS="2154" HPOS="1408"/>
                  <String HEIGHT="60"
                          WIDTH="156"
                          VPOS="2154"
                          HPOS="1369"
                          CONTENT="instanti"/>
                  <SP HEIGHT="60" WIDTH="13" VPOS="2154" HPOS="1524"/>
                  <String HEIGHT="60"
                          WIDTH="143"
                          VPOS="2154"
                          HPOS="1485"
                          CONTENT="termino"/>
                  <SP HEIGHT="60" WIDTH="13" VPOS="2154" HPOS="1628"/>
                  <String HEIGHT="60"
                          WIDTH="156"
                          VPOS="2154"
                          HPOS="1589"
                          CONTENT="temporis"/>
                  <SP HEIGHT="60" WIDTH="13" VPOS="2154" HPOS="1745"/>
                  <String HEIGHT="60"
                          WIDTH="130"
                          VPOS="2154"
                          HPOS="1706"
                          CONTENT="quantu"/>
                  <SP HEIGHT="60" WIDTH="13" VPOS="2154" HPOS="1835"/>
                  <String HEIGHT="60"
                          WIDTH="104"
                          VPOS="2154"
                          HPOS="1797"
                          CONTENT="deus"/>
                  <SP HEIGHT="60" WIDTH="13" VPOS="2154" HPOS="1900"/>
                  <String HEIGHT="60" WIDTH="78" VPOS="2154" HPOS="1861" CONTENT="ad"/>
                  <SP HEIGHT="60" WIDTH="13" VPOS="2154" HPOS="1939"/>
                  <String HEIGHT="60"
                          WIDTH="91"
                          VPOS="2154"
                          HPOS="1900"
                          CONTENT="hoc"/>
                  <SP HEIGHT="60" WIDTH="13" VPOS="2154" HPOS="1991"/>
                  <String HEIGHT="60"
                          WIDTH="78"
                          VPOS="2154"
                          HPOS="1939"
                          CONTENT="prae"/>
               </TextLine>
               <TextLine ID="r2l44"
                         BASELINE="2258"
                         HEIGHT="63"
                         WIDTH="748"
                         VPOS="2195"
                         HPOS="1264">
                  <String HEIGHT="63"
                          WIDTH="173"
                          VPOS="2195"
                          HPOS="1250"
                          CONTENT="fixerit,"/>
                  <SP HEIGHT="63" WIDTH="14" VPOS="2195" HPOS="1422"/>
                  <String HEIGHT="63"
                          WIDTH="158"
                          VPOS="2195"
                          HPOS="1379"
                          CONTENT="gratiam"/>
                  <SP HEIGHT="63" WIDTH="14" VPOS="2195" HPOS="1537"/>
                  <String HEIGHT="63"
                          WIDTH="187"
                          VPOS="2195"
                          HPOS="1494"
                          CONTENT="infundit."/>
                  <SP HEIGHT="63" WIDTH="14" VPOS="2195" HPOS="1681"/>
                  <String HEIGHT="63"
                          WIDTH="101"
                          VPOS="2195"
                          HPOS="1638"
                          CONTENT="Sed"/>
                  <SP HEIGHT="63" WIDTH="14" VPOS="2195" HPOS="1739"/>
                  <String HEIGHT="63"
                          WIDTH="129"
                          VPOS="2195"
                          HPOS="1696"
                          CONTENT="certe"/>
                  <SP HEIGHT="63" WIDTH="14" VPOS="2195" HPOS="1825"/>
                  <String HEIGHT="63"
                          WIDTH="115"
                          VPOS="2195"
                          HPOS="1782"
                          CONTENT="sine"/>
                  <SP HEIGHT="63" WIDTH="14" VPOS="2195" HPOS="1897"/>
                  <String HEIGHT="63"
                          WIDTH="173"
                          VPOS="2195"
                          HPOS="1839"
                          CONTENT="fundamento"/>
               </TextLine>
               <TextLine ID="r2l45"
                         BASELINE="2292"
                         HEIGHT="49"
                         WIDTH="755"
                         VPOS="2243"
                         HPOS="1257">
                  <String HEIGHT="49" WIDTH="66" VPOS="2243" HPOS="1244" CONTENT="&amp;"/>
                  <SP HEIGHT="49" WIDTH="13" VPOS="2243" HPOS="1310"/>
                  <String HEIGHT="49"
                          WIDTH="132"
                          VPOS="2243"
                          HPOS="1270"
                          CONTENT="absque"/>
                  <SP HEIGHT="49" WIDTH="13" VPOS="2243" HPOS="1403"/>
                  <String HEIGHT="49"
                          WIDTH="146"
                          VPOS="2243"
                          HPOS="1363"
                          CONTENT="ratione"/>
                  <SP HEIGHT="49" WIDTH="13" VPOS="2243" HPOS="1509"/>
                  <String HEIGHT="49"
                          WIDTH="93"
                          VPOS="2243"
                          HPOS="1469"
                          CONTENT="est"/>
                  <SP HEIGHT="49" WIDTH="13" VPOS="2243" HPOS="1562"/>
                  <String HEIGHT="49"
                          WIDTH="106"
                          VPOS="2243"
                          HPOS="1522"
                          CONTENT="quod"/>
                  <SP HEIGHT="49" WIDTH="13" VPOS="2243" HPOS="1628"/>
                  <String HEIGHT="49"
                          WIDTH="119"
                          VPOS="2243"
                          HPOS="1588"
                          CONTENT="solus"/>
                  <SP HEIGHT="49" WIDTH="13" VPOS="2243" HPOS="1707"/>
                  <String HEIGHT="49"
                          WIDTH="159"
                          VPOS="2243"
                          HPOS="1668"
                          CONTENT="temporis"/>
                  <SP HEIGHT="49" WIDTH="13" VPOS="2243" HPOS="1827"/>
                  <String HEIGHT="49"
                          WIDTH="146"
                          VPOS="2243"
                          HPOS="1787"
                          CONTENT="tractus"/>
                  <SP HEIGHT="49" WIDTH="13" VPOS="2243" HPOS="1933"/>
                  <String HEIGHT="49"
                          WIDTH="93"
                          VPOS="2243"
                          HPOS="1893"
                          CONTENT="seu"/>
                  <SP HEIGHT="49" WIDTH="13" VPOS="2243" HPOS="1986"/>
                  <String HEIGHT="49"
                          WIDTH="79"
                          VPOS="2243"
                          HPOS="1933"
                          CONTENT="mora"/>
               </TextLine>
               <TextLine ID="r2l46"
                         BASELINE="2340"
                         HEIGHT="55"
                         WIDTH="760"
                         VPOS="2285"
                         HPOS="1254">
                  <String HEIGHT="55"
                          WIDTH="93"
                          VPOS="2285"
                          HPOS="1241"
                          CONTENT="hoc"/>
                  <SP HEIGHT="55" WIDTH="13" VPOS="2285" HPOS="1334"/>
                  <String HEIGHT="55"
                          WIDTH="173"
                          VPOS="2285"
                          HPOS="1294"
                          CONTENT="efficeret"/>
                  <SP HEIGHT="55" WIDTH="13" VPOS="2285" HPOS="1467"/>
                  <String HEIGHT="55"
                          WIDTH="93"
                          VPOS="2285"
                          HPOS="1427"
                          CONTENT="vel"/>
                  <SP HEIGHT="55" WIDTH="13" VPOS="2285" HPOS="1521"/>
                  <String HEIGHT="55"
                          WIDTH="173"
                          VPOS="2285"
                          HPOS="1481"
                          CONTENT="mereretur"/>
                  <SP HEIGHT="55" WIDTH="13" VPOS="2285" HPOS="1654"/>
                  <String HEIGHT="55"
                          WIDTH="107"
                          VPOS="2285"
                          HPOS="1614"
                          CONTENT="quod"/>
                  <SP HEIGHT="55" WIDTH="13" VPOS="2285" HPOS="1721"/>
                  <String HEIGHT="55"
                          WIDTH="107"
                          VPOS="2285"
                          HPOS="1681"
                          CONTENT="deus"/>
                  <SP HEIGHT="55" WIDTH="13" VPOS="2285" HPOS="1787"/>
                  <String HEIGHT="55"
                          WIDTH="107"
                          VPOS="2285"
                          HPOS="1747"
                          CONTENT="suam"/>
                  <SP HEIGHT="55" WIDTH="13" VPOS="2285" HPOS="1854"/>
                  <String HEIGHT="55"
                          WIDTH="147"
                          VPOS="2285"
                          HPOS="1814"
                          CONTENT="gratiam"/>
                  <SP HEIGHT="55" WIDTH="13" VPOS="2285" HPOS="1961"/>
                  <String HEIGHT="55"
                          WIDTH="107"
                          VPOS="2285"
                          HPOS="1907"
                          CONTENT="infun"
                          SUBS_TYPE="HypPart1"
                          SUBS_CONTENT="infundat:"/>
                  <HYP CONTENT="-"/>
               </TextLine>
               <TextLine ID="r2l47"
                         BASELINE="2383"
                         HEIGHT="53"
                         WIDTH="768"
                         VPOS="2330"
                         HPOS="1256">
                  <String HEIGHT="53"
                          WIDTH="110"
                          VPOS="2330"
                          HPOS="1242"
                          CONTENT="dat:"
                          SUBS_TYPE="HypPart2"
                          SUBS_CONTENT="infundat:"/>
                  <SP HEIGHT="53" WIDTH="14" VPOS="2330" HPOS="1352"/>
                  <String HEIGHT="53"
                          WIDTH="151"
                          VPOS="2330"
                          HPOS="1311"
                          CONTENT="quoniam"/>
                  <SP HEIGHT="53" WIDTH="14" VPOS="2330" HPOS="1462"/>
                  <String HEIGHT="53" WIDTH="82" VPOS="2330" HPOS="1421" CONTENT="ex"/>
                  <SP HEIGHT="53" WIDTH="14" VPOS="2330" HPOS="1503"/>
                  <String HEIGHT="53"
                          WIDTH="151"
                          VPOS="2330"
                          HPOS="1462"
                          CONTENT="tempore"/>
                  <SP HEIGHT="53" WIDTH="14" VPOS="2330" HPOS="1613"/>
                  <String HEIGHT="53"
                          WIDTH="123"
                          VPOS="2330"
                          HPOS="1571"
                          CONTENT="nihil"/>
                  <SP HEIGHT="53" WIDTH="14" VPOS="2330" HPOS="1695"/>
                  <String HEIGHT="53"
                          WIDTH="178"
                          VPOS="2330"
                          HPOS="1654"
                          CONTENT="bonitatis"/>
                  <SP HEIGHT="53" WIDTH="14" VPOS="2330" HPOS="1832"/>
                  <String HEIGHT="53"
                          WIDTH="123"
                          VPOS="2330"
                          HPOS="1791"
                          CONTENT="actui"/>
                  <SP HEIGHT="53" WIDTH="14" VPOS="2330" HPOS="1914"/>
                  <String HEIGHT="53"
                          WIDTH="165"
                          VPOS="2330"
                          HPOS="1859"
                          CONTENT="accrescit."/>
               </TextLine>
               <TextLine ID="r2l48"
                         BASELINE="2424"
                         HEIGHT="48"
                         WIDTH="769"
                         VPOS="2376"
                         HPOS="1260">
                  <String HEIGHT="48"
                          WIDTH="112"
                          VPOS="2376"
                          HPOS="1244"
                          CONTENT="Sed"/>
                  <SP HEIGHT="48" WIDTH="16" VPOS="2376" HPOS="1356"/>
                  <String HEIGHT="48"
                          WIDTH="128"
                          VPOS="2376"
                          HPOS="1308"
                          CONTENT="dico"/>
                  <SP HEIGHT="48" WIDTH="16" VPOS="2376" HPOS="1436"/>
                  <String HEIGHT="48"
                          WIDTH="240"
                          VPOS="2376"
                          HPOS="1388"
                          CONTENT="conterranei"/>
                  <SP HEIGHT="48" WIDTH="16" VPOS="2376" HPOS="1628"/>
                  <String HEIGHT="48"
                          WIDTH="208"
                          VPOS="2376"
                          HPOS="1580"
                          CONTENT="opinionem"/>
                  <SP HEIGHT="48" WIDTH="16" VPOS="2376" HPOS="1789"/>
                  <String HEIGHT="48"
                          WIDTH="112"
                          VPOS="2376"
                          HPOS="1741"
                          CONTENT="non"/>
                  <SP HEIGHT="48" WIDTH="16" VPOS="2376" HPOS="1853"/>
                  <String HEIGHT="48"
                          WIDTH="128"
                          VPOS="2376"
                          HPOS="1805"
                          CONTENT="esse"/>
                  <SP HEIGHT="48" WIDTH="16" VPOS="2376" HPOS="1933"/>
                  <String HEIGHT="48"
                          WIDTH="160"
                          VPOS="2376"
                          HPOS="1869"
                          CONTENT="mitissi"
                          SUBS_TYPE="HypPart1"
                          SUBS_CONTENT="mitissiman"/>
                  <HYP CONTENT="-"/>
               </TextLine>
               <TextLine ID="r2l49"
                         BASELINE="2477"
                         HEIGHT="55"
                         WIDTH="757"
                         VPOS="2422"
                         HPOS="1248">
                  <String HEIGHT="55"
                          WIDTH="106"
                          VPOS="2422"
                          HPOS="1233"
                          CONTENT="man"
                          SUBS_TYPE="HypPart2"
                          SUBS_CONTENT="mitissiman"/>
                  <SP HEIGHT="55" WIDTH="15" VPOS="2422" HPOS="1339"/>
                  <String HEIGHT="55"
                          WIDTH="136"
                          VPOS="2422"
                          HPOS="1293"
                          CONTENT="inter"/>
                  <SP HEIGHT="55" WIDTH="15" VPOS="2422" HPOS="1430"/>
                  <String HEIGHT="55"
                          WIDTH="197"
                          VPOS="2422"
                          HPOS="1384"
                          CONTENT="opiniones"/>
                  <SP HEIGHT="55" WIDTH="15" VPOS="2422" HPOS="1581"/>
                  <String HEIGHT="55"
                          WIDTH="106"
                          VPOS="2422"
                          HPOS="1536"
                          CONTENT="hic"/>
                  <SP HEIGHT="55" WIDTH="15" VPOS="2422" HPOS="1642"/>
                  <String HEIGHT="55"
                          WIDTH="212"
                          VPOS="2422"
                          HPOS="1596"
                          CONTENT="currentes."/>
                  <SP HEIGHT="55" WIDTH="15" VPOS="2422" HPOS="1808"/>
                  <String HEIGHT="55" WIDTH="91" VPOS="2422" HPOS="1763" CONTENT="Et"/>
                  <SP HEIGHT="55" WIDTH="15" VPOS="2422" HPOS="1854"/>
                  <String HEIGHT="55"
                          WIDTH="136"
                          VPOS="2422"
                          HPOS="1808"
                          CONTENT="arguo"/>
                  <SP HEIGHT="55" WIDTH="15" VPOS="2422" HPOS="1944"/>
                  <String HEIGHT="55"
                          WIDTH="121"
                          VPOS="2422"
                          HPOS="1884"
                          CONTENT="tanqem"/>
               </TextLine>
               <TextLine ID="r2l50"
                         BASELINE="2518"
                         HEIGHT="55"
                         WIDTH="751"
                         VPOS="2463"
                         HPOS="1258">
                  <String HEIGHT="55"
                          WIDTH="213"
                          VPOS="2463"
                          HPOS="1244"
                          CONTENT="examinator:"/>
                  <SP HEIGHT="55" WIDTH="14" VPOS="2463" HPOS="1456"/>
                  <String HEIGHT="55"
                          WIDTH="113"
                          VPOS="2463"
                          HPOS="1414"
                          CONTENT="quod"/>
                  <SP HEIGHT="55" WIDTH="14" VPOS="2463" HPOS="1527"/>
                  <String HEIGHT="55"
                          WIDTH="142"
                          VPOS="2463"
                          HPOS="1485"
                          CONTENT="istius"/>
                  <SP HEIGHT="55" WIDTH="14" VPOS="2463" HPOS="1626"/>
                  <String HEIGHT="55"
                          WIDTH="170"
                          VPOS="2463"
                          HPOS="1584"
                          CONTENT="doctoris"/>
                  <SP HEIGHT="55" WIDTH="14" VPOS="2463" HPOS="1754"/>
                  <String HEIGHT="55"
                          WIDTH="142"
                          VPOS="2463"
                          HPOS="1711"
                          CONTENT="opinio"/>
                  <SP HEIGHT="55" WIDTH="14" VPOS="2463" HPOS="1853"/>
                  <String HEIGHT="55"
                          WIDTH="99"
                          VPOS="2463"
                          HPOS="1811"
                          CONTENT="est"/>
                  <SP HEIGHT="55" WIDTH="14" VPOS="2463" HPOS="1910"/>
                  <String HEIGHT="55"
                          WIDTH="156"
                          VPOS="2463"
                          HPOS="1867"
                          CONTENT="mitior:"/>
                  <SP HEIGHT="55" WIDTH="14" VPOS="2463" HPOS="2023"/>
                  <String HEIGHT="55" WIDTH="43" VPOS="2463" HPOS="1966" CONTENT="&amp;"/>
               </TextLine>
               <TextLine ID="r2l51"
                         BASELINE="2555"
                         HEIGHT="50"
                         WIDTH="770"
                         VPOS="2505"
                         HPOS="1248">
                  <String HEIGHT="50"
                          WIDTH="106"
                          VPOS="2505"
                          HPOS="1233"
                          CONTENT="hoc"/>
                  <SP HEIGHT="50" WIDTH="15" VPOS="2505" HPOS="1339"/>
                  <String HEIGHT="50"
                          WIDTH="121"
                          VPOS="2505"
                          HPOS="1293"
                          CONTENT="sic."/>
                  <SP HEIGHT="50" WIDTH="15" VPOS="2505" HPOS="1414"/>
                  <String HEIGHT="50"
                          WIDTH="106"
                          VPOS="2505"
                          HPOS="1369"
                          CONTENT="Non"/>
                  <SP HEIGHT="50" WIDTH="15" VPOS="2505" HPOS="1474"/>
                  <String HEIGHT="50"
                          WIDTH="211"
                          VPOS="2505"
                          HPOS="1429"
                          CONTENT="requiritur"/>
                  <SP HEIGHT="50" WIDTH="15" VPOS="2505" HPOS="1641"/>
                  <String HEIGHT="50"
                          WIDTH="121"
                          VPOS="2505"
                          HPOS="1595"
                          CONTENT="nisi"/>
                  <SP HEIGHT="50" WIDTH="15" VPOS="2505" HPOS="1716"/>
                  <String HEIGHT="50"
                          WIDTH="136"
                          VPOS="2505"
                          HPOS="1671"
                          CONTENT="dolor"/>
                  <SP HEIGHT="50" WIDTH="15" VPOS="2505" HPOS="1807"/>
                  <String HEIGHT="50"
                          WIDTH="257"
                          VPOS="2505"
                          HPOS="1761"
                          CONTENT="intensissimus"/>
                  <SP HEIGHT="50" WIDTH="15" VPOS="2505" HPOS="2018"/>
                  <String HEIGHT="50" WIDTH="60" VPOS="2505" HPOS="1958" CONTENT="vo"/>
               </TextLine>
               <TextLine ID="r2l52"
                         BASELINE="2600"
                         HEIGHT="46"
                         WIDTH="755"
                         VPOS="2554"
                         HPOS="1251">
                  <String HEIGHT="46"
                          WIDTH="193"
                          VPOS="2554"
                          HPOS="1235"
                          CONTENT="luntatis"/>
                  <SP HEIGHT="46" WIDTH="16" VPOS="2554" HPOS="1428"/>
                  <String HEIGHT="46" WIDTH="96" VPOS="2554" HPOS="1380" CONTENT="ad"/>
                  <SP HEIGHT="46" WIDTH="16" VPOS="2554" HPOS="1476"/>
                  <String HEIGHT="46"
                          WIDTH="241"
                          VPOS="2554"
                          HPOS="1428"
                          CONTENT="expiationem"/>
                  <SP HEIGHT="46" WIDTH="16" VPOS="2554" HPOS="1669"/>
                  <String HEIGHT="46"
                          WIDTH="193"
                          VPOS="2554"
                          HPOS="1620"
                          CONTENT="peccati:"/>
                  <SP HEIGHT="46" WIDTH="16" VPOS="2554" HPOS="1813"/>
                  <String HEIGHT="46"
                          WIDTH="112"
                          VPOS="2554"
                          HPOS="1765"
                          CONTENT="per"/>
                  <SP HEIGHT="46" WIDTH="16" VPOS="2554" HPOS="1877"/>
                  <String HEIGHT="46"
                          WIDTH="177"
                          VPOS="2554"
                          HPOS="1829"
                          CONTENT="dolorem"/>
                  <SP HEIGHT="46" WIDTH="16" VPOS="2554" HPOS="2006"/>
                  <String HEIGHT="46" WIDTH="64" VPOS="2554" HPOS="1942" CONTENT="au"/>
               </TextLine>
               <TextLine ID="r2l53"
                         BASELINE="2653"
                         HEIGHT="55"
                         WIDTH="753"
                         VPOS="2598"
                         HPOS="1253">
                  <String HEIGHT="55"
                          WIDTH="110"
                          VPOS="2598"
                          HPOS="1237"
                          CONTENT="tem"/>
                  <SP HEIGHT="55" WIDTH="16" VPOS="2598" HPOS="1347"/>
                  <String HEIGHT="55"
                          WIDTH="141"
                          VPOS="2598"
                          HPOS="1300"
                          CONTENT="debet"/>
                  <SP HEIGHT="55" WIDTH="16" VPOS="2598" HPOS="1441"/>
                  <String HEIGHT="55"
                          WIDTH="235"
                          VPOS="2598"
                          HPOS="1394"
                          CONTENT="intelligere"/>
                  <SP HEIGHT="55" WIDTH="16" VPOS="2598" HPOS="1630"/>
                  <String HEIGHT="55"
                          WIDTH="141"
                          VPOS="2598"
                          HPOS="1582"
                          CONTENT="actum"/>
                  <SP HEIGHT="55" WIDTH="16" VPOS="2598" HPOS="1724"/>
                  <String HEIGHT="55"
                          WIDTH="173"
                          VPOS="2598"
                          HPOS="1677"
                          CONTENT="peccati"/>
                  <SP HEIGHT="55" WIDTH="16" VPOS="2598" HPOS="1849"/>
                  <String HEIGHT="55"
                          WIDTH="220"
                          VPOS="2598"
                          HPOS="1786"
                          CONTENT="detestatiuum"/>
               </TextLine>
               <TextLine ID="r2l54"
                         BASELINE="2694"
                         HEIGHT="54"
                         WIDTH="769"
                         VPOS="2640"
                         HPOS="1248">
                  <String HEIGHT="54"
                          WIDTH="106"
                          VPOS="2640"
                          HPOS="1233"
                          CONTENT="sed"/>
                  <SP HEIGHT="54" WIDTH="15" VPOS="2640" HPOS="1338"/>
                  <String HEIGHT="54"
                          WIDTH="136"
                          VPOS="2640"
                          HPOS="1293"
                          CONTENT="actus"/>
                  <SP HEIGHT="54" WIDTH="15" VPOS="2640" HPOS="1429"/>
                  <String HEIGHT="54"
                          WIDTH="211"
                          VPOS="2640"
                          HPOS="1384"
                          CONTENT="voluntatis"/>
                  <SP HEIGHT="54" WIDTH="15" VPOS="2640" HPOS="1595"/>
                  <String HEIGHT="54"
                          WIDTH="196"
                          VPOS="2640"
                          HPOS="1550"
                          CONTENT="facillime"/>
                  <SP HEIGHT="54" WIDTH="15" VPOS="2640" HPOS="1746"/>
                  <String HEIGHT="54"
                          WIDTH="106"
                          VPOS="2640"
                          HPOS="1700"
                          CONTENT="est"/>
                  <SP HEIGHT="54" WIDTH="15" VPOS="2640" HPOS="1806"/>
                  <String HEIGHT="54" WIDTH="90" VPOS="2640" HPOS="1761" CONTENT="in"/>
                  <SP HEIGHT="54" WIDTH="15" VPOS="2640" HPOS="1851"/>
                  <String HEIGHT="54"
                          WIDTH="196"
                          VPOS="2640"
                          HPOS="1806"
                          CONTENT="potestate"/>
                  <SP HEIGHT="54" WIDTH="15" VPOS="2640" HPOS="2002"/>
                  <String HEIGHT="54"
                          WIDTH="75"
                          VPOS="2640"
                          HPOS="1942"
                          CONTENT="vo"
                          SUBS_TYPE="HypPart1"
                          SUBS_CONTENT="voluntatis:"/>
                  <HYP CONTENT="-"/>
               </TextLine>
               <TextLine ID="r2l55"
                         BASELINE="2744"
                         HEIGHT="61"
                         WIDTH="768"
                         VPOS="2683"
                         HPOS="1248">
                  <String HEIGHT="61"
                          WIDTH="188"
                          VPOS="2683"
                          HPOS="1234"
                          CONTENT="luntatis:"
                          SUBS_TYPE="HypPart2"
                          SUBS_CONTENT="voluntatis:"/>
                  <SP HEIGHT="61" WIDTH="14" VPOS="2683" HPOS="1422"/>
                  <String HEIGHT="61"
                          WIDTH="101"
                          VPOS="2683"
                          HPOS="1378"
                          CONTENT="nec"/>
                  <SP HEIGHT="61" WIDTH="14" VPOS="2683" HPOS="1480"/>
                  <String HEIGHT="61"
                          WIDTH="203"
                          VPOS="2683"
                          HPOS="1436"
                          CONTENT="requiritur"/>
                  <SP HEIGHT="61" WIDTH="14" VPOS="2683" HPOS="1639"/>
                  <String HEIGHT="61"
                          WIDTH="217"
                          VPOS="2683"
                          HPOS="1596"
                          CONTENT="continuatio"/>
                  <SP HEIGHT="61" WIDTH="14" VPOS="2683" HPOS="1813"/>
                  <String HEIGHT="61"
                          WIDTH="145"
                          VPOS="2683"
                          HPOS="1770"
                          CONTENT="illius"/>
                  <SP HEIGHT="61" WIDTH="14" VPOS="2683" HPOS="1915"/>
                  <String HEIGHT="61"
                          WIDTH="130"
                          VPOS="2683"
                          HPOS="1871"
                          CONTENT="actus"/>
                  <SP HEIGHT="61" WIDTH="14" VPOS="2683" HPOS="2002"/>
                  <String HEIGHT="61"
                          WIDTH="72"
                          VPOS="2683"
                          HPOS="1944"
                          CONTENT="per"/>
               </TextLine>
               <TextLine ID="r2l56"
                         BASELINE="2804"
                         HEIGHT="69"
                         WIDTH="775"
                         VPOS="2735"
                         HPOS="1255">
                  <String HEIGHT="69"
                          WIDTH="185"
                          VPOS="2735"
                          HPOS="1238"
                          CONTENT="tempus,"/>
                  <SP HEIGHT="69" WIDTH="17" VPOS="2735" HPOS="1423"/>
                  <String HEIGHT="69"
                          WIDTH="202"
                          VPOS="2735"
                          HPOS="1373"
                          CONTENT="secundum"/>
                  <SP HEIGHT="69" WIDTH="17" VPOS="2735" HPOS="1575"/>
                  <String HEIGHT="69"
                          WIDTH="135"
                          VPOS="2735"
                          HPOS="1525"
                          CONTENT="eum."/>
                  <SP HEIGHT="69" WIDTH="17" VPOS="2735" HPOS="1659"/>
                  <String HEIGHT="69"
                          WIDTH="219"
                          VPOS="2735"
                          HPOS="1609"
                          CONTENT="Praeterea"/>
                  <SP HEIGHT="69" WIDTH="17" VPOS="2735" HPOS="1828"/>
                  <String HEIGHT="69"
                          WIDTH="135"
                          VPOS="2735"
                          HPOS="1777"
                          CONTENT="dico"/>
                  <SP HEIGHT="69" WIDTH="17" VPOS="2735" HPOS="1912"/>
                  <String HEIGHT="69"
                          WIDTH="135"
                          VPOS="2735"
                          HPOS="1862"
                          CONTENT="quod"/>
                  <SP HEIGHT="69" WIDTH="17" VPOS="2735" HPOS="1996"/>
                  <String HEIGHT="69"
                          WIDTH="118"
                          VPOS="2735"
                          HPOS="1946"
                          CONTENT="non"/>
                  <SP HEIGHT="69" WIDTH="17" VPOS="2735" HPOS="2064"/>
                  <String HEIGHT="69" WIDTH="34" VPOS="2735" HPOS="1996" CONTENT=""/>
               </TextLine>
            </TextBlock>
         </PrintSpace>
      </Page>
   </Layout>
</alto>
