2299 3316
429 314 106 52 Nam
489 314 151 52 volens
595 314 181 52 occidere
730 314 226 52 sacerdotem,
911 314 136 52 licet
1002 314 151 52 tantum
1092 314 121 52 peccet

444 370 140 55 quantum
546 370 89 55 eum
597 370 165 55 occidens:
724 370 89 55 pro
775 370 102 55 solo
839 370 115 55 tamen
915 370 102 55 actu
979 370 165 55 interiori
1106 370 89 55 non
1144 370 64 55 est

443 411 296 49 excommunicatus.
693 411 94 49 Ex
740 411 109 49 quo
802 411 140 49 patet
896 411 125 49 quod
974 411 94 49 si
1020 411 125 49 quis
1098 411 94 49 ex
1129 411 94 49 motu

447 455 148 53 subito
551 455 163 53 veniali
669 455 192 53 percutiat
817 455 177 53 clericum
950 455 89 53 in
994 455 163 53 natibus
1113 455 89 53 ad
1142 455 74 53 san

444 505 146 50 guinis
547 505 219 50 effusionem:
722 505 102 50 non
780 505 102 50 est
839 505 190 50 propterea
970 505 234 50 excommunicatus

453 543 144 47 Secundo
557 543 157 47 sequitur
675 543 104 47 quod
740 543 78 47 si
779 543 104 47 quis
845 543 117 47 parum
923 543 235 47 transgrediatur
1106 543 104 47 modera

442 590 102 54 men
500 590 203 54 inculpatae
659 590 160 54 tutelae
775 590 218 54 percutiendo
949 590 102 54 vel
1007 590 189 54 occidendo
1138 590 73 54 cle

442 631 123 54 ricum
524 631 191 54 inuadentem
674 631 96 54 se:
729 631 96 54 non
784 631 96 54 est
838 631 259 54 excommunicatus,
1057 631 109 54 quod
1111 631 96 54 patet

441 682 120 49 quia
516 682 135 49 solum
606 682 210 49 venialiter
771 682 165 49 peccat:
892 682 75 49 &
922 682 90 49 si
967 682 135 49 esset
1042 682 165 49 moderamen

440 723 184 47 inculpatae
585 723 158 47 tutelae,
703 723 92 47 non
756 723 171 47 peccaret.
887 723 79 47 De
927 723 92 47 his
979 723 118 47 autem
1058 723 92 47 qui
1111 723 132 47 lauda-

438 762 162 49 biliter
556 762 177 49 clericos
689 762 221 49 percutiunt,
866 762 133 49 loqui
955 762 103 49 non
1014 762 177 49 oportet:
1132 762 89 49 quem

442 808 162 48 admodum
560 808 118 48 sunt
633 808 206 48 clericorum
795 808 235 48 praeceptores
986 808 74 48 &
1001 808 206 48 religiosorum

442 858 189 46 parentes
584 858 110 46 vel
647 858 236 46 superiores.
836 858 94 46 De
883 858 157 46 quibus
993 858 126 46 sunt
1056 858 157 46 carmina.

447 896 153 54 Officium
562 896 64 54 /
588 896 166 54 scelusque
716 896 64 54 /
741 896 115 54 pater
818 896 64 54 /
843 896 166 54 doctorque
971 896 64 54 /
997 896 192 54 propinquus:
1137 896 77 54 Affe

444 940 120 61 ctus
519 940 75 61 /
549 940 165 61 dominus
669 940 75 61 /
699 940 105 61 vis
759 940 75 61 /
789 940 75 61 &
819 940 195 61 correctio
968 940 150 61 ludus,
1058 940 150 61 Quisquis

438 982 175 55 expertus
570 982 73 55 /
599 982 88 55 si
643 982 102 55 sit
701 982 205 55 moderamine
862 982 161 55 rectus.
979 982 190 55 Officium.
1111 982 102 55 prae-

436 1029 121 54 lati
512 1029 76 54 &
542 1029 212 54 superiorum
708 1029 91 54 ad
754 1029 121 54 quos
829 1029 167 54 spectat
951 1029 212 54 inferiores
1102 1029 121 54 casti-

438 1083 128 45 gare.
523 1083 71 45 &
552 1083 128 45 licet
637 1083 100 45 per
694 1083 143 45 laicos
794 1083 157 45 faciant
908 1083 100 45 eos
966 1083 157 45 includi
1065 1083 143 45 carcere:

438 1121 112 54 nulli
512 1121 112 54 tamen
587 1121 137 54 illorum
687 1121 150 54 peccant.
799 1121 75 54 de
837 1121 100 54 sen.
899 1121 150 54 excon.c.
1011 1121 75 54 Si
1049 1121 162 54 clericus.
1161 1121 50 54 li

443 1161 101 56 bro
500 1161 145 56 fexto.
602 1161 159 56 Scelus.
717 1161 174 56 Clericus
847 1161 87 56 si
891 1161 188 56 perturbet
1035 1161 101 56 rem
1079 1161 130 56 diuinam

430 1206 128 46 licet
515 1206 99 46 eum
572 1206 184 46 violenter
714 1206 170 46 eijcere.
841 1206 156 46 Reliqua
955 1206 113 46 sunt
1026 1206 142 46 clara.
1111 1206 99 46 ratio

430 1251 131 59 omnium
522 1251 145 59 istorum
627 1251 105 59 est,
693 1251 105 59 quia
758 1251 79 59 in
798 1251 92 59 his
850 1251 145 59 casibus
955 1251 66 59 &
982 1251 131 59 multis
1074 1251 118 59 aliis
1139 1251 66 59 non

439 1298 164 53 peccatur
563 1298 192 53 mortaliter
713 1298 164 53 clericum
836 1298 205 53 percutiendo
1001 1298 96 53 vel
1056 1298 151 53 carcere
1152 1298 68 53 in-

434 1344 181 57 cludendo.
573 1344 83 57 Et
615 1344 306 57 proportionabiliter
879 1344 153 57 dicatur
990 1344 83 57 in
1018 1344 139 57 omnibus.

486 1395 229 86 Secundo
652 1395 270 86 arguitur.
860 1395 208 86 aliqua
1005 1395 145 86 est
1068 1395 145 86 excom

445 1470 191 57 municatio
592 1470 176 57 iniusta:
724 1470 73 57 &
754 1470 132 57 tamen
842 1470 117 57 illa
915 1470 103 57 est
974 1470 162 57 timenda
1092 1470 73 57 &
1106 1470 103 57 tenen

440 1514 93 58 da:
493 1514 79 58 vt
532 1514 119 58 dicit
612 1514 185 58 Gregorius.
757 1514 79 58 Et
797 1514 185 58 recitatur.
942 1514 93 58 xi.
995 1514 79 58 q.
1035 1514 119 58 iiii.
1114 1514 106 58 cap.
1167 1514 40 58 i

469 1557 213 52 Respondetur.
642 1557 186 52 dupliciter
788 1557 173 52 sententia
921 1557 146 52 dicitur
1028 1557 106 52 esse
1081 1557 133 52 iniusta.

441 1601 105 58 Vno
501 1601 120 58 modo
576 1601 105 58 sic
636 1601 105 58 est
697 1601 165 58 iniusta
817 1601 90 58 vt
862 1601 105 58 sit
922 1601 150 58 nulla.
1028 1601 75 58 &
1058 1601 105 58 hoc
1103 1601 105 58 ponst

442 1645 203 56 contingere
601 1645 102 56 vel
659 1645 87 56 ex
703 1645 131 56 parte
790 1645 160 56 iudicis
906 1645 102 56 non
964 1645 174 56 habentis
1080 1645 131 56 iurisdi

442 1689 162 50 ctionem
560 1689 88 50 in
604 1689 280 50 excommunicatum,
840 1689 147 50 vtpote
943 1689 103 50 non
1002 1689 103 50 est
1061 1689 88 50 de
1105 1689 103 50 suo
1149 1689 59 50 fo

439 1735 106 50 ro.
499 1735 106 50 vel
560 1735 197 50 praelatus
711 1735 106 50 est
772 1735 288 50 excommunicatus.
1014 1735 121 50 Vnde
1075 1735 136 50 excommu

433 1777 139 60 nicati
531 1777 70 60 /
559 1777 195 60 interdicti
712 1777 70 60 /
740 1777 167 60 suspensi
865 1777 70 60 a
893 1777 237 60 iurisdictione
1088 1777 98 60 non
1130 1777 84 60 pos-

430 1824 121 44 sunt
505 1824 271 44 excommunicare.
731 1824 166 44 xxiiii.
852 1824 121 44 qui.
928 1824 90 44 i.
973 1824 211 44 Audiuimus.
1139 1824 75 44 &
1154 1824 60 44 de

447 1859 146 64 conces,
553 1859 159 64 praeben.
673 1859 93 64 ca.
726 1859 120 64 Quia.
805 1859 66 64 &
832 1859 93 64 hoc
885 1859 106 64 siue
952 1859 173 64 praelatus
1084 1859 93 64 sit
1124 1859 80 64 occu

427 1909 100 57 te
477 1909 285 57 excomunicatus
712 1909 134 57 siue
796 1909 201 57 publice.
946 1909 100 57 na
996 1909 100 57 ad
1030 1909 184 57 excommuni

430 1954 147 56 candum
533 1954 205 56 requiritur
694 1954 176 56 potestas
826 1954 147 56 libera
929 1954 73 56 &
958 1954 103 56 non
1017 1954 161 56 ligata.
1119 1954 88 56 modo

441 1994 141 53 licet
535 1994 267 53 excomunicatus
755 1994 157 53 habeat
865 1994 204 53 potestate
1006 1994 204 53 iurisdictio

433 2042 100 53 nis
490 2042 85 53 in
532 2042 171 53 aliquos:
660 2042 128 53 habet
746 2042 128 53 tamen
831 2042 100 53 eam
888 2042 171 53 ligatam.
1016 2042 128 53 Fodem
1101 2042 114 53 modo
1158 2042 57 53 de

433 2083 178 55 suspenso,
570 2083 109 55 quod
639 2083 233 55 intelligendum
830 2083 96 55 est
885 2083 82 55 de
926 2083 205 55 suspensione
1090 2083 68 55 a
1104 2083 109 55 iuris-

436 2133 180 51 dictione.
575 2133 97 51 Est
630 2133 111 51 enim
699 2133 138 51 quadam
796 2133 180 51 suspensio
934 2133 83 51 ab
976 2133 152 51 officio
1086 2133 69 51 &
1114 2133 97 51 non
1156 2133 55 51 ab

442 2183 221 53 exequutione
619 2183 280 53 iurisdictionis.
855 2183 74 53 &
885 2183 103 53 est
944 2183 162 53 quaedam
1047 2183 162 53 suspensio

430 2225 94 56 ab
477 2225 219 56 executione
650 2225 298 56 iurisdictionis,
901 2225 78 56 &
932 2225 110 56 non
995 2225 94 56 ab
1042 2225 188 56 officio.
1167 2225 47 56 &

437 2253 114 67 est
502 2253 213 67 suspensio
666 2253 98 67 ab
715 2253 196 67 vtroque.
862 2253 147 67 Primo
960 2253 131 67 modo
1025 2253 180 67 suspensus

443 2309 100 48 non
500 2309 143 48 potest
600 2309 200 48 celebrare:
758 2309 143 48 potest
858 2309 129 48 tamen
944 2309 258 48 excommunicare.
1144 2309 72 48 Se-

437 2353 148 52 cundo
535 2353 131 52 modo
617 2353 213 52 suspensus
781 2353 115 52 non
847 2353 164 52 potest
945 2353 263 52 excommunicare:

441 2397 153 50 potest
548 2397 137 50 tamen
639 2397 214 50 celebrare.
807 2397 153 50 Tertio
914 2397 122 50 modo
990 2397 198 50 suspensus
1128 2397 76 50 neu

437 2442 109 50 trum
506 2442 137 50 potest
601 2442 150 50 facere.
710 2442 96 50 Vel
765 2442 82 50 ex
806 2442 123 50 parte
888 2442 137 50 ipsius
984 2442 150 50 subditi
1093 2442 109 50 post
1147 2442 55 50 ap

429 2473 213 75 pellationem
599 2473 185 75 legitimam
742 2473 256 75 excommunicati.
955 2473 100 75 Vel
1012 2473 114 75 quia
1083 2473 85 75 in
1111 2473 100 75 excom

437 2534 204 46 municatione
601 2534 177 46 cotinetur
737 2534 232 46 intolerabilis
928 2534 136 46 error.
1023 2534 82 46 vt
1064 2534 82 46 in
1105 2534 95 46 ca.
1146 2534 68 46 Per

441 2568 129 64 tuas.
527 2568 72 64 &
556 2568 101 64 in.
613 2568 86 64 c.
656 2568 144 64 Solet.
757 2568 129 64 titu.
843 2568 86 64 in
886 2568 101 64 quo
943 2568 144 64 sumus.
1030 2568 172 64 Intolerabi

445 2608 84 71 lis
493 2608 108 71 error
565 2608 84 71 est
613 2608 120 71 quando
697 2608 132 71 aliquid
793 2608 84 71 sub
840 2608 72 71 vi
876 2608 156 71 praecepti
996 2608 168 71 continetur
1128 2608 72 71 in
1152 2608 60 71 sen

443 2655 140 66 tentia
541 2655 112 66 quod
611 2655 196 66 communiter
765 2655 98 66 vel
821 2655 84 66 in
864 2655 98 66 suo
920 2655 140 66 genere
1018 2655 98 66 est
1060 2655 154 66 peccatum.

434 2695 99 78 vt
484 2695 165 78 quando
600 2695 165 78 Sortem
715 2695 264 78 excommunicat
930 2695 132 78 quia
996 2695 215 78 eleemosynam

1276 324 137 60 dedit:
1372 324 96 60 aut
1427 324 109 60 quia
1495 324 96 60 non
1550 324 123 60 fecit
1632 324 192 60 illicitum.
1782 324 96 60 aut
1837 324 123 60 etiam
1906 324 150 60 excommuni

1279 379 103 59 cat
1338 379 88 59 me
1382 379 88 59 vt
1426 379 147 59 librum
1528 379 191 59 restituam
1675 379 117 59 quem
1748 379 132 59 dicit
1836 379 132 59 falso
1924 379 88 59 me
1953 379 103 59 furto

1274 422 234 46 abstulisse.
1461 422 109 46 aut
1524 422 249 46 excommunicat
1726 422 93 46 me
1773 422 125 46 quia
1851 422 109 46 non
1913 422 93 46 do
1960 422 93 46 ei
1991 422 62 46 ca

1289 465 136 57 pitium
1385 465 109 57 meum
1453 465 109 57 quod
1521 465 136 57 possum
1616 465 82 57 ei
1657 465 109 57 dare
1725 465 109 57 sine
1793 465 163 57 peccato:
1916 465 95 57 sed
1957 465 95 57 tamen

1279 515 109 51 non
1342 515 171 51 teneor.
1466 515 93 51 Si
1513 515 280 51 excommunicatio
1746 515 109 51 sit
1808 515 171 51 iniusta
1932 515 109 51 his
1979 515 62 51 mo

1276 553 110 57 dis,
1345 553 96 57 vel
1400 553 137 57 aliquo
1496 553 123 57 eorum
1578 553 96 57 sic
1633 553 82 57 vt
1674 553 96 57 sit
1729 553 137 57 nulla:
1825 553 123 57 nullo
1907 553 123 57 pacto
1975 553 69 57 est

1274 600 174 48 timenda:
1404 600 116 48 siue
1477 600 131 48 coram
1564 600 116 48 deo,
1636 600 116 48 siue
1709 600 131 48 coram
1796 600 203 48 hominibus.
1955 600 73 48 &
1970 600 73 48 hoc

1277 643 128 51 apud
1357 643 208 51 sapientes
1517 643 80 51 &
1549 643 112 51 eos
1613 643 112 51 qui
1677 643 336 51 excommunicationem
1949 643 96 51 noue

1273 691 106 56 runt
1339 691 106 56 esse
1405 691 146 56 nullam:
1511 691 66 56 &
1538 691 119 56 coram
1618 691 119 56 solis
1697 691 146 56 talibus
1803 691 172 56 fugiendum
1936 691 93 56 non
1976 691 66 56 est

1279 738 85 53 ab
1321 738 113 53 eis.
1392 738 283 53 Signanterssolis)
1632 738 113 53 quia
1703 738 85 53 si
1745 738 155 53 fuerint
1858 738 141 53 aliqui
1943 738 99 53 suspi

1278 777 153 56 cantes
1385 777 92 56 me
1431 777 291 56 excommunicatum,
1676 777 107 56 vel
1737 777 230 56 dubitantes:
1906 777 138 56 seruabo

1272 823 215 49 sententiam
1440 823 138 49 coram
1532 823 107 49 eis
1594 823 138 49 quoad
1686 823 107 49 eis
1747 823 199 49 persuasum
1901 823 153 49 fuerit
1993 823 61 49 me

1276 867 104 57 non
1336 867 119 57 esse
1410 867 282 57 excommunicatum:
1647 867 89 57 ne
1692 867 148 57 videar
1796 867 193 57 ecclesiae
1929 867 119 57 contem

1275 910 138 49 ptor:
1367 910 77 49 &
1397 910 92 49 ad
1443 910 184 49 cautelam
1582 910 246 49 absolutionem
1781 910 153 49 petam.
1889 910 123 49 Vnde
1950 910 92 49 dico

1273 956 115 49 quod
1345 956 130 49 sicut
1431 956 202 49 superiorum
1590 956 231 49 oppressiones
1777 956 86 49 no
1820 956 115 49 sunt
1892 956 130 49 leges
1965 956 86 49 obli

1282 998 199 57 gatoriae,
1435 998 107 57 sic
1496 998 107 57 nec
1557 998 138 57 eorum
1649 998 337 57 excommunicationes.
1955 998 92 57 Alio

1285 1048 100 44 modo
1347 1048 125 44 potest
1434 1048 224 44 excommunicatio
1621 1048 100 44 esse
1683 1048 150 44 iniusta,
1796 1048 100 44 quae
1858 1048 112 44 tamen
1920 1048 125 44 tenebit.

1273 1082 102 51 hoc
1332 1082 116 51 est:
1404 1082 131 51 omnia
1492 1082 218 51 essentialia
1667 1082 306 51 excommunicationis
1914 1082 131 51 manent:

1283 1127 95 52 sed
1338 1127 136 52 aliqua
1433 1127 191 52 solennitas
1583 1127 218 52 accidentatia
1760 1127 272 52 praetermittitur:
1978 1127 68 52 vel

1277 1174 109 47 mala
1345 1174 231 47 circumstantia
1536 1174 204 47 inuoluitur.
1699 1174 109 47 puta
1767 1174 95 47 fit
1822 1174 82 47 ex
1863 1174 95 47 ira
1917 1174 95 47 vel
1958 1174 95 47 inui-

1282 1214 98 52 dia
1338 1214 126 52 vnius
1422 1214 140 52 partis
1520 1214 98 52 vel
1576 1214 126 52 nimia
1660 1214 196 52 affectione
1813 1214 168 52 alterius
1925 1214 126 52 partis.

1278 1259 93 62 Ad
1324 1259 108 62 hoc
1386 1259 108 62 aut
1448 1259 93 62 vt
1494 1259 139 62 actus
1587 1259 108 62 sit
1649 1259 170 62 iustus:
1773 1259 139 62 multa
1850 1259 201 62 requirutur.

1281 1304 75 50 In
1318 1304 161 50 proposito
1442 1304 174 50 requiritur
1579 1304 99 50 quod
1641 1304 112 50 causa
1715 1304 87 50 sit
1765 1304 137 50 posita:
1864 1304 149 50 scilicet
1964 1304 75 50 quia

1272 1348 127 56 homo
1352 1348 111 56 est
1415 1348 207 56 contumax.
1574 1348 127 56 quod
1654 1348 207 56 inferatur
1797 1348 254 56 excommunicatio

1274 1393 157 52 propter
1388 1393 128 52 finem
1473 1393 171 52 debitum,
1602 1393 114 52 puta
1673 1393 100 52 pro
1730 1393 214 52 emendatione
1901 1393 128 52 huius
1973 1393 71 52 con

1269 1439 188 47 tumacis:
1410 1439 78 47 &
1441 1439 94 47 vt
1488 1439 94 47 ad
1535 1439 109 47 cor
1598 1439 156 47 redeat
1707 1439 219 47 actualiter
1879 1439 109 47 vel
1926 1439 125 47 virtua

1280 1480 132 57 liter:
1372 1480 66 57 &
1399 1480 106 57 quod
1465 1480 92 57 non
1517 1480 185 57 inuoluatur
1662 1480 132 57 aliqua
1755 1480 106 57 mala
1821 1480 224 57 circumstantia
1992 1480 53 57 ca

1277 1530 104 50 dens
1342 1530 78 50 in
1381 1530 143 50 ratione
1485 1530 156 50 obiecti.
1602 1530 91 50 nam
1654 1530 221 50 circumstantia
1837 1530 195 50 circunstans
1980 1530 65 50 non

1283 1578 139 46 vitiat
1380 1578 125 46 actum
1463 1578 125 46 bonum
1547 1578 69 46 a
1574 1578 166 46 bonitate
1699 1578 153 46 morali,
1810 1578 125 46 etiam
1893 1578 83 46 si
1921 1578 125 46 circun-

1272 1615 161 48 stantia
1389 1615 102 48 sit
1448 1615 175 48 moralis.
1579 1615 263 48 Excommunicatio
1799 1615 132 48 autem
1886 1615 132 48 primo
1959 1615 88 48 modo

1273 1661 105 47 non
1333 1661 105 47 est
1393 1661 284 47 excommunicatio.
1632 1661 75 47 &
1662 1661 120 47 nego
1737 1661 120 47 quod
1812 1661 120 47 illa
1886 1661 150 47 teneat
1976 1661 75 47 vel

1272 1703 114 50 sit
1337 1703 195 50 timenda:
1483 1703 244 50 quemadmodum
1678 1703 130 50 homo
1759 1703 162 50 pictus
1872 1703 114 50 non
1937 1703 114 50 est
1986 1703 65 50 ho

1274 1752 109 42 mo.
1337 1752 280 42 Excommunicatio
1570 1752 124 42 vero
1647 1752 171 42 secundo
1771 1752 124 42 modo
1849 1752 109 42 est
1896 1752 155 42 excommu-

1266 1796 196 45 nicatio:
1412 1796 147 45 sicut
1510 1796 147 45 malus
1608 1796 130 45 homo
1689 1796 244 45 simpliciter
1885 1796 114 45 est
1934 1796 114 45 homo-

1281 1835 89 52 In
1326 1835 134 52 prima
1415 1835 209 52 acceptione
1579 1835 104 52 est
1639 1835 164 52 diuisio
1758 1835 134 52 vocis
1847 1835 89 52 in
1892 1835 104 52 sua
1937 1835 104 52 signi

1271 1885 155 44 ficata.
1384 1885 85 44 In
1426 1885 169 44 secunda:
1553 1885 198 44 superioris
1708 1885 85 44 in
1751 1885 99 44 sua
1807 1885 198 44 inferiora.
1948 1885 99 44 Primo

1276 1926 118 49 modo
1350 1926 162 49 iniuste
1468 1926 265 49 excommunicatus
1688 1926 103 49 non
1747 1926 177 49 priuatur
1865 1926 191 49 orationibus

1273 1972 200 45 ecclesiae.
1430 1972 129 45 Ratio
1516 1972 114 45 est:
1587 1972 114 45 quia
1659 1972 143 45 reuera
1759 1972 100 45 non
1816 1972 100 45 est
1859 1972 186 45 excommunica

1270 2016 118 50 tus:
1344 2016 118 50 ergo
1418 2016 104 50 nec
1477 2016 177 50 ecclesia
1610 2016 207 50 triumphans
1773 2016 104 50 nec
1832 2016 177 50 militans
1950 2016 104 50 inten

1274 2059 101 54 dit
1331 2059 130 54 ipsum
1418 2059 159 54 priuare
1534 2059 217 54 orationibus
1707 2059 130 54 suis:
1794 2059 87 54 vt
1837 2059 87 54 in
1866 2059 188 54 corollariis

1280 2101 189 51 diximus.
1422 2101 126 51 immo
1500 2101 157 51 quando
1610 2101 126 51 quis
1689 2101 110 51 est
1752 2101 141 51 iuste
1830 2101 220 51 excommunica-

1277 2151 115 46 tus,
1349 2151 72 46 &
1377 2151 173 46 poenitet
1507 2151 86 46 de
1550 2151 101 46 suo
1607 2151 144 46 facto:
1708 2151 72 46 &
1737 2151 158 46 quaerit
1838 2151 201 46 absolutionem

1273 2190 152 52 mediis
1379 2190 288 52 sufficientibus,
1622 2190 106 52 non
1683 2190 182 52 priuatur
1819 2190 213 52 suffragiis
1971 2190 76 52 ee-

1277 2242 168 59 clesiae:
1403 2242 126 59 licet
1488 2242 168 59 teneatur
1614 2242 154 59 euitare
1726 2242 154 59 aliorum
1838 2242 197 59 societatem
1979 2242 70 59 quo

1278 2277 142 60 usque
1357 2277 205 60 absoluatur.

1316 2323 228 94 Tertio
1475 2323 342 94 argumentor.
1749 2323 205 94 Petat
1863 2323 182 94 Titius

1272 2408 75 54 a
1302 2408 194 54 Sempronio
1452 2408 90 54 a.
1496 2408 150 54 summam
1601 2408 180 54 pecuniae
1736 2408 135 54 coram
1826 2408 194 54 officiali
1960 2408 90 54 san-

1263 2455 107 53 cti
1324 2455 183 53 Andreae:
1461 2455 122 53 quam
1537 2455 137 53 dicit
1629 2455 91 53 se
1674 2455 137 53 mutuo
1766 2455 213 53 tradidisse
1918 2455 122 53 Sempre

1279 2502 110 48 nio.
1348 2502 69 48 &
1376 2502 151 48 ponatur
1486 2502 110 48 quod
1554 2502 124 48 nihil
1637 2502 165 48 dederit,
1761 2502 151 48 adducat
1871 2502 124 48 tamen
1940 2502 96 48 viros

1275 2538 153 60 Belial
1382 2538 153 60 Sortem
1489 2538 77 60 &
1520 2538 184 60 Platonem
1658 2538 169 60 habitos
1780 2538 92 60 in
1826 2538 199 60 exteriore
1979 2538 107 60 ho-

1274 2584 111 56 mine
1343 2584 139 56 bonos,
1440 2584 97 56 qui
1496 2584 180 56 testantur
1634 2584 97 56 pro
1690 2584 139 56 Titio.
1787 2584 111 56 tunc
1856 2584 152 56 dominus
1953 2584 83 56 Hugo

1270 2631 215 42 officialis
1438 2631 276 42 excommunicabit
1668 2631 215 42 Sempronium
1837 2631 169 42 soluere
1944 2631 92 42 recu

1269 2667 150 60 santem:
1379 2667 192 60 Sempronius
1529 2667 82 60 in
1570 2667 109 60 isto
1639 2667 109 60 casu
1707 2667 96 60 non
1762 2667 150 60 tenetur
1871 2667 137 60 vitare
1953 2667 96 60 socie

1272 2717 107 67 tatem
1344 2717 155 67 fidelium:
1463 2717 83 67 cum
1510 2717 131 67 constet
1606 2717 95 67 sibi
1665 2717 95 67 quod
1725 2717 131 67 iniuste
1820 2717 83 67 sit
1856 2717 202 67 excommunicatus.
