2353 3322
281 263 139 75 bendus
378 263 111 75 est:
448 263 111 75 ergo
518 263 181 75 fugiendus
657 263 83 75 in
698 263 167 75 diuinis:
823 263 111 75 nisi
893 263 97 75 pro
935 263 111 75 bapti-

274 323 103 60 smo
333 323 103 60 qui
392 323 88 60 in
435 323 117 60 casu
509 323 161 60 paruulo
626 323 132 60 esset
714 323 234 60 necessarius.
904 323 117 60 puta
963 323 73 60 qui

276 368 165 50 statim
391 368 148 50 esset
489 368 230 50 moriturus,
671 368 82 50 &
703 368 132 50 nemo
786 368 197 50 occurrit
934 368 99 50 ad
967 368 82 50 eum

279 408 224 57 baptizandum
459 408 120 57 nisi
533 408 284 57 excommunicatus.
773 408 105 57 sed
833 408 180 57 fidelium
967 408 75 57 &
982 408 60 57 in

274 461 174 49 fidelium
405 461 247 49 idololatrarum
609 461 131 49 nulla
696 461 145 49 potest
798 461 116 49 esse
871 461 174 49 communio
987 461 58 49 in

284 503 161 50 diuinis.
404 503 94 50 ii.
458 503 81 50 ad
498 503 148 50 Corith.
606 503 94 50 vi.
660 503 107 50 Quae
727 503 121 50 autem
807 503 175 50 conventio
928 503 121 50 Christi

281 552 79 50 ad
320 552 172 50 Belialu?s
453 552 93 50 aut
506 552 106 50 quae
572 552 106 50 pars
638 552 132 50 fideli
731 552 93 50 cum
783 552 172 50 infideli?
916 552 93 50 Qui
955 552 93 50 autem

288 600 190 45 consensus
434 600 205 45 temploicum
595 600 161 45 idolis?
712 600 190 45 Infideles
858 600 117 45 enim
917 600 131 45 indigne

276 637 162 55 tractant
397 637 148 55 diuina,
504 637 67 55 &
531 637 135 55 contra
626 637 121 55 deum.
706 637 108 55 quia
774 637 175 55 Matthaei.
908 637 108 55 xii.
962 637 81 55 scri

274 677 156 64 bitur.
384 677 109 64 Qui
446 677 109 64 non
508 677 109 64 est
571 677 140 64 mecum
665 677 156 64 contra
774 677 94 64 me
821 677 125 64 est.
899 677 125 64 ergo
961 677 78 64 cum

292 720 128 60 igant
377 720 142 60 contra
477 720 128 60 legem
562 720 171 60 diuinam:
690 720 71 60 &
719 720 100 60 eis
776 720 242 60 excommunicati
961 720 85 60 coo-

294 768 175 58 perentur:
428 768 81 58 hi
469 768 81 58 de
509 768 108 58 iure
577 768 135 58 diuino
671 768 108 58 sunt
739 768 175 58 euitandi.
874 768 81 58 In
914 768 121 58 super
982 768 67 58 sus

274 807 159 63 cipiens
389 807 231 63 Eucharistiam
576 807 86 63 ab
620 807 187 63 haeretico
764 807 159 63 letalem
879 807 130 63 habet
951 807 101 63 effe-

273 854 136 56 ctum:
363 854 105 56 hoc
424 854 105 56 est
484 854 151 56 peccat
589 854 105 56 cum
649 854 120 56 ipso
725 854 90 56 in
770 854 211 56 sacramento
920 854 136 56 Euchari

279 901 122 55 stiae
360 901 162 55 sumendo.
481 901 81 55 vt
522 901 162 55 dicitur.
643 901 149 55 xxiiii.
751 901 81 55 q.
792 901 81 55 i.
832 901 81 55 c.
859 901 189 55 Subdiaconus.

274 941 92 58 in
320 941 137 58 fine.
411 941 214 58 versiculo.
579 941 122 58 Alia
655 941 122 58 vero
732 941 229 58 sacramenta,
915 941 92 58 vt
945 941 107 58 sacri

279 986 185 56 corporis
417 986 77 56 &
448 986 200 56 sanguinis
602 986 154 56 domini
709 986 323 56 excommunicationis
971 986 77 56 vel

278 1029 272 60 recociliationis
507 1029 86 60 si
550 1029 86 60 ab
593 1029 186 60 haeretico
737 1029 100 60 vel
794 1029 186 60 catholico
937 1029 100 60 non
980 1029 72 60 sa-

277 1074 157 58 cerdote
391 1074 243 58 ministrentur:
591 1074 100 58 vel
649 1074 143 58 nullum
749 1074 100 58 vel
806 1074 157 58 letalem
906 1074 143 58 habebunt

277 1118 201 61 effectum.
431 1118 139 61 Secus
523 1118 108 61 est
585 1118 93 61 de
631 1118 201 61 baptismo,
786 1118 93 61 vt
832 1118 216 61 Augustinus
986 1118 62 61 di

283 1162 102 53 cit
342 1162 88 53 in
386 1162 131 53 libro
473 1162 88 53 de
517 1162 131 53 vnico
605 1162 190 53 baptismo.
751 1162 131 53 lstud
838 1162 117 53 idem
897 1162 146 53 continei

282 1206 118 58 eadem
361 1206 118 58 causa
439 1206 66 58 &
466 1206 197 58 quaestione.
623 1206 92 58 ca.
676 1206 79 58 Si
715 1206 118 58 quis.
794 1206 66 58 &
820 1206 79 58 in
859 1206 131 58 vltimo
938 1206 105 58 capulo

279 1259 175 51 eiusdem.
410 1259 116 51 qui.
483 1259 73 51 &
512 1259 160 51 causae,
629 1259 175 51 laudatur
760 1259 204 51 Armigildus
920 1259 102 51 rex
978 1259 73 51 a
993 1259 58 51 be

266 1295 116 57 ato
332 1295 198 57 Gregorio
480 1295 215 57 quinoluit
645 1295 264 57 Eucharistiam
860 1295 99 57 ab
893 1295 149 57 Arriand

272 1340 170 57 episcopo
399 1340 184 57 accipere:
540 1340 99 57 non
597 1340 170 57 obstante
724 1340 113 57 quod
795 1340 141 57 sciret
894 1340 85 57 se
922 1340 127 57 indigna

275 1390 148 50 tionem
379 1390 177 50 paternam
511 1390 221 50 incursurum:
688 1390 89 50 ob
733 1390 118 50 quam
806 1390 89 50 in
851 1390 221 50 infirmitate
1013 1390 44 50 a

283 1432 136 49 patre
374 1432 151 49 iussus
480 1432 106 49 est
540 1432 167 49 occidi.
661 1432 197 49 Praeterea
813 1432 136 49 metus
904 1432 106 49 non
949 1432 106 49 excu-

279 1486 103 41 sat
338 1486 251 41 participantem
545 1486 89 41 in
590 1486 163 41 diuinis
708 1486 103 41 cum
767 1486 251 41 excommunicato
959 1486 89 41 maio

281 1518 90 56 re
326 1518 301 56 excommunicatione
582 1518 75 56 a
612 1518 181 56 mortali.
748 1518 90 56 vt
793 1518 136 56 patet
883 1518 90 56 in
929 1518 120 56 cap.
989 1518 60 56 Sa

281 1562 129 58 cris.
366 1562 86 58 de
409 1562 100 58 his
466 1562 114 58 quae
538 1562 86 58 vi
581 1562 114 58 met.
652 1562 86 58 ve
695 1562 114 58 cau.
766 1562 100 58 fi.
823 1562 100 58 vbi
881 1562 157 58 Romanus
981 1562 71 58 pon

276 1607 138 59 tifex
368 1607 138 59 dicit
460 1607 123 59 quod
536 1607 138 59 metus
628 1607 107 59 non
689 1607 184 59 excludit
827 1607 169 59 prorsus
934 1607 123 59 culpam

277 1649 103 60 sed
336 1649 191 60 attenuat:
482 1649 176 60 rationem
614 1649 205 60 assignans:
776 1649 117 60 quia
849 1649 103 60 pro
907 1649 132 60 nullo
981 1649 73 60 me-

281 1696 81 52 tu
321 1696 121 52 debet
402 1696 108 52 quis
469 1696 162 52 peccatum
590 1696 148 52 mortale
698 1696 189 52 incurrere.
846 1696 135 52 igitur
940 1696 108 52 illa
994 1696 54 52 de

282 1737 173 54 cretalis
411 1737 230 54 praesupponit
598 1737 115 54 quod
671 1737 216 54 communicans
829 1737 216 54 excommunicato

282 1786 149 59 peccet
386 1786 223 59 mortaliter:
565 1786 119 59 quod
639 1786 208 59 communiter
802 1786 193 59 exponitur
951 1786 89 59 de
981 1786 74 59 com

273 1828 197 53 municante
424 1828 91 53 in
470 1828 182 53 diuinis.
606 1828 106 53 Sed
666 1828 91 53 si
712 1828 136 53 esset
803 1828 106 53 lex
863 1828 167 53 humana,
969 1828 76 53 non

289 1871 134 60 ligaret
386 1871 73 60 in
423 1871 195 60 necessitate,
581 1871 98 60 quod
642 1871 122 60 patet.
728 1871 85 60 xi.
777 1871 73 60 q.
813 1871 98 60 iii.
874 1871 98 60 cap.
923 1871 134 60 Quonidam.

268 1910 100 66 ex
318 1910 200 66 Gregorio
468 1910 183 66 septimo
601 1910 150 66 casus
701 1910 233 66 excipiente
884 1910 100 66 in
918 1910 133 66 quibus

280 1965 105 49 cum
340 1965 255 49 excommunicato
550 1965 210 49 colloquens
715 1965 105 49 non
775 1965 165 49 peccat:
895 1965 135 49 inter
970 1965 90 49 quos

287 2005 83 61 de
329 2005 138 61 timore
425 2005 69 61 &
453 2005 207 61 necessitate
619 2005 180 61 loquitur.
757 2005 83 61 Et
798 2005 83 61 si
840 2005 152 61 propter
937 2005 124 61 necessi

282 2061 141 46 tatem
376 2061 141 46 famis
471 2061 204 46 euadendae
627 2061 157 46 possit
737 2061 126 46 homo
816 2061 141 46 emere
910 2061 110 46 vel
973 2061 110 46 do-

274 2092 101 55 no
325 2092 168 55 petere
442 2092 101 55 si
492 2092 134 55 opus
576 2092 134 55 sit,
660 2092 151 55 cibum
761 2092 101 55 ab
794 2092 269 55 excommunicato:

279 2147 143 44 quato
374 2147 174 44 fortius
501 2147 174 44 licebit
627 2147 111 44 cum
691 2147 95 44 eo
738 2147 143 44 loqui
833 2147 158 44 gratia
928 2147 127 44 mortis

281 2179 202 56 imminentis
439 2179 202 56 euadendae:
597 2179 115 56 quia
669 2179 86 56 ad
712 2179 130 56 opera
799 2179 144 56 multum
885 2179 173 56 difficilia

282 2223 273 56 superogationis
509 2223 167 56 neminem
630 2223 182 56 ecclesia
766 2223 121 56 sine
842 2223 136 56 culpa
918 2223 136 56 praeuia

283 2269 138 52 cogere
380 2269 152 52 potest:
490 2269 138 52 veluti
586 2269 83 52 ad
628 2269 124 52 votum
710 2269 193 52 castitatis
862 2269 179 52 perpetue,
986 2269 69 52 vel

285 2313 187 51 ingressum
429 2313 216 51 Carthusiae,
602 2313 115 51 quia
674 2313 187 51 diceretur
818 2313 86 51 de
861 2313 101 51 eis
919 2313 130 51 illud
991 2313 72 51 Mat

289 2358 152 55 thaei.
395 2358 152 55 xxiii.
501 2358 182 55 Alligant
638 2358 137 55 onera
729 2358 152 55 grauia
835 2358 76 55 &
850 2358 213 55 importabilia

288 2401 70 62 &
316 2401 155 62 iponunt
429 2401 85 62 in
471 2401 155 62 humeros
584 2401 183 62 hominium:
725 2401 141 62 digito
823 2401 127 62 autem
908 2401 99 62 suo
950 2401 113 62 nolunt

285 2456 93 43 ea
332 2456 171 43 mouere.
457 2456 109 43 sed
519 2456 109 43 non
581 2456 233 43 participare
768 2456 109 43 cum
815 2456 233 43 excommunicato

286 2494 90 52 in
331 2494 121 52 casu
407 2494 106 52 quo
467 2494 121 52 homo
542 2494 136 52 vitam
633 2494 196 52 amitteret
784 2494 106 52 vel
844 2494 151 52 magnam
934 2494 121 52 partem

280 2537 124 56 rerum
363 2537 152 56 suarum,
474 2537 97 56 vel
529 2537 180 56 enormiter
667 2537 207 56 laederetur:
833 2537 97 56 est
888 2537 138 56 multum
971 2537 83 56 dif-

287 2578 149 59 ficile:
396 2578 109 59 ergo
464 2578 81 59 ad
505 2578 95 59 hoc
559 2578 163 59 ecclesia
681 2578 163 59 obligare
804 2578 95 59 non
858 2578 149 59 potest.
953 2578 95 59 secus

280 2635 103 45 est
339 2635 88 45 de
383 2635 117 45 iure
456 2635 147 45 diuino
559 2635 191 45 obligante
706 2635 161 45 hominem
823 2635 147 45 crebro
926 2635 88 45 ad
970 2635 117 45 mar-

280 2671 151 74 tyrium.
390 2671 96 74 Sed
445 2671 137 74 dices,
541 2671 69 74 &
569 2671 96 74 ita
624 2671 165 74 dicendum
747 2671 124 74 reor,
830 2671 96 74 hoc
884 2671 110 74 esse
939 2671 124 74 propter

1110 261 204 80 contemptum
1271 261 146 80 legis.
1373 261 131 80 sicut
1460 261 117 80 boni
1533 261 117 80 illi
1606 261 190 80 Machabaei
1737 261 146 80 nolebant

1113 337 180 46 comedere
1248 337 150 46 carnes
1352 337 165 46 suillas
1472 337 105 46 non
1532 337 224 46 obstantibus
1711 337 165 46 omnibus
1816 337 60 46 mi

1101 379 102 51 nis
1160 379 189 51 Antiochi,
1305 379 73 51 &
1334 379 131 51 morte
1421 379 233 51 crudelissima
1611 379 204 51 intentata.
1756 379 131 51 secundi

1115 413 228 63 Machabaeorum.
1303 413 94 63 vi.
1356 413 107 63 quia
1423 413 107 63 fuit
1491 413 81 63 in
1531 413 121 63 legis
1611 413 201 63 contemptum:
1773 413 67 63 &
1799 413 81 63 vt
1826 413 54 63 le

1107 462 88 53 ge
1151 462 162 53 Mosaica
1269 462 162 53 relicta
1387 462 88 53 ad
1431 462 236 53 idololatriam
1623 462 88 53 se
1652 462 221 53 conuerterent.

1111 506 69 56 &
1139 506 123 56 tamen
1221 506 82 56 si
1262 506 165 56 fuissent
1385 506 82 56 in
1427 506 151 56 extrema
1536 506 206 56 necessitate
1701 506 137 56 famis,
1797 506 69 56 &
1810 506 69 56 fu-

1111 550 143 56 issent
1211 550 86 56 in
1254 550 157 56 occulto
1368 550 129 56 nihil
1454 550 172 56 habentes
1583 550 114 56 nisi
1654 550 143 56 carnes
1740 550 143 56 suillas,

1107 602 108 52 eas
1168 602 201 52 comedendo
1323 602 248 52 interpretati
1524 602 186 52 fuissent
1663 602 155 52 legem:
1756 602 124 52 quemad

1107 646 132 48 modum
1195 646 190 48 Matathias
1341 646 73 48 &
1370 646 132 48 filii
1458 646 117 48 eius
1531 646 219 48 restiterunt
1707 646 88 48 in
1736 646 146 48 sabbato.

1113 679 102 50 Sic
1172 679 146 50 potest
1274 679 205 50 contingere
1435 679 88 50 de
1479 679 190 50 contemptu
1625 679 132 50 legis
1713 679 175 50 humanae.
1830 679 58 50 vt

1107 725 95 58 si
1155 725 126 58 quis
1233 725 284 58 excommunicatus
1470 725 173 58 minetur
1596 725 126 58 viro
1675 725 126 58 nisi
1754 725 126 58 secu
1817 725 63 58 lo

1114 778 153 53 quatur:
1225 778 83 53 se
1267 778 97 53 eum
1322 778 194 53 occisurum:
1475 778 83 53 is
1516 778 139 53 potest
1613 778 111 53 pati
1683 778 139 53 mortem
1766 778 111 53 potius

1117 812 107 58 qui
1178 812 214 58 communicet
1346 812 107 58 cum
1407 812 275 58 excommunicato:
1636 812 122 58 quia
1712 812 107 58 hoc
1773 812 107 58 est
1834 812 92 58 in

1115 869 184 47 contemptum
1260 869 132 47 clauis
1352 869 184 47 ecclesiae:
1497 869 105 47 ipse
1563 869 119 47 tamen
1642 869 79 47 ne
1681 869 158 47 moriatur
1787 869 105 47 potest

1112 903 143 55 sumere
1212 903 129 55 cibum
1297 903 86 55 ab
1340 903 243 55 excommunicato
1540 903 157 55 licite,
1654 903 71 55 &
1683 903 86 55 ei
1726 903 129 55 dare:
1797 903 86 55 quia

1107 948 134 55 istic
1197 948 104 55 non
1256 948 149 55 agitur
1360 948 164 55 directe
1480 948 89 55 in
1524 948 209 55 contemptum
1688 948 164 55 clauis.
1793 948 104 55 Quic-

1114 993 111 43 quid
1183 993 125 43 tamen
1267 993 111 43 sit:
1336 993 180 43 ecclesiam
1475 993 166 43 suspicor
1600 993 97 43 non
1655 993 180 43 intendere
1794 993 83 43 in
1822 993 69 43 sua

1123 1036 105 56 ege
1183 1036 239 56 prohibitoria
1377 1036 314 56 excommunicationis
1646 1036 179 56 obligare
1765 1036 120 56 quaenm

1114 1092 103 46 pia
1173 1092 88 46 ad
1217 1092 117 46 haec
1290 1092 132 46 onera
1378 1092 249 46 difficillima,
1583 1092 88 46 vt
1627 1092 103 46 pro
1686 1092 132 46 morte
1774 1092 147 46 euaden

1112 1135 95 47 da
1160 1135 126 47 quis
1239 1135 111 47 non
1302 1135 158 47 possit
1412 1135 268 47 excommunicatu
1633 1135 190 47 alloqui:
1775 1135 95 47 si
1807 1135 79 47 non

1115 1167 145 57 agatur
1216 1167 159 57 directe
1331 1167 87 57 in
1375 1167 202 57 contemptum
1534 1167 145 57 clauis
1635 1167 202 57 ecclesiae.
1823 1167 101 57 Sed

1123 1214 108 55 nic
1184 1214 215 55 dubitatur.
1353 1214 169 55 quomodo
1477 1214 108 55 non
1538 1214 169 55 licebit
1661 1214 123 55 mihi
1738 1214 138 55 loqui
1815 1214 77 55 cum

1116 1268 263 44 excomunicato
1329 1268 213 44 dioecesis
1493 1268 230 44 Meldensis,
1674 1268 115 44 cum
1739 1268 115 44 ego
1789 1268 98 44 Pari

1118 1300 174 62 siensis
1245 1300 111 62 non
1308 1300 111 62 sim
1372 1300 158 62 domino
1482 1300 190 62 Meldensi
1625 1300 206 62 subditus?
1767 1300 127 62 Respon

1124 1343 126 62 detur.
1213 1343 88 62 hoc
1263 1343 88 62 est
1314 1343 88 62 per
1364 1343 114 62 legem
1440 1343 177 62 superioris
1579 1343 152 62 scilicet
1693 1343 126 62 Romani
1769 1343 126 62 pontifi-

1110 1395 102 52 cis
1169 1395 219 52 prohibentis
1344 1395 205 52 colloquium
1505 1395 102 52 cum
1563 1395 263 52 excommunicato,
1783 1395 88 52 vt
1812 1395 73 52 pa-

1122 1439 91 65 tet
1174 1439 78 65 in
1213 1439 103 65 cap.
1277 1439 78 65 Si
1316 1439 103 65 quis
1381 1439 181 65 presbyter.
1523 1439 103 65 vii.
1588 1439 91 65 qu.
1639 1439 78 65 i.
1678 1439 78 65 &.
1717 1439 116 65 iiii.
1794 1439 91 65 qu.
1833 1439 52 65 v.

1113 1475 205 68 Quisquis:

1176 1533 142 89 Ex
1247 1533 261 89 omnibus
1436 1533 403 89 quaestionibus
1744 1533 166 89 huius

1116 1611 187 60 materiae
1257 1611 218 60 colligitur
1428 1611 125 60 quid
1506 1611 109 60 sit
1568 1611 280 60 excommunicatio
1786 1611 109 60 maior

1113 1656 74 56 &
1143 1656 118 56 quid
1217 1656 148 56 minor:
1321 1656 74 56 &
1350 1656 118 56 quod
1424 1656 104 56 pro
1483 1656 118 56 sola
1557 1656 207 56 contumacia
1720 1656 163 56 mortali
1824 1656 74 56 est

1124 1697 185 55 inferenda
1266 1697 85 55 ab
1309 1697 156 55 homine:
1423 1697 100 55 nam
1479 1697 85 55 si
1522 1697 114 55 quis
1593 1697 128 55 audit
1679 1697 199 55 ecclesiam:
1821 1697 71 55 qua

1123 1742 89 57 re
1168 1742 118 57 erit
1241 1742 133 57 sicut
1330 1742 177 57 ethnicus
1463 1742 74 57 &
1493 1742 207 57 publicanus
1655 1742 192 57 (Interdum
1789 1742 103 57 etiam

1115 1784 295 62 excommunicatus
1360 1784 115 62 non
1426 1784 131 62 plus
1507 1784 164 62 peccat
1622 1784 131 62 quae
1704 1784 115 62 non
1753 1784 147 62 excommu

1118 1829 192 48 nicatus:
1262 1829 128 48 quod
1342 1829 144 48 patet
1438 1829 96 48 de
1486 1829 176 48 duobus,
1613 1829 160 48 quorum
1725 1829 128 48 vnus
1789 1829 112 48 solum

1123 1876 124 46 habet
1206 1876 124 46 actum
1289 1876 193 46 interiorem
1440 1876 69 46 &
1468 1876 124 46 alter
1550 1876 193 46 interiorem
1702 1876 96 46 cum
1743 1876 152 46 exteriore

1120 1918 109 57 lsti
1189 1918 109 57 enim
1257 1918 191 57 aequaliter
1407 1918 164 57 peccant:
1529 1918 68 57 &
1556 1918 123 57 tamen
1638 1918 109 57 vnus
1706 1918 95 57 est
1747 1918 150 57 excommuni

1116 1966 134 50 catus
1206 1966 75 50 &
1235 1966 104 50 non
1295 1966 149 50 alter.
1400 1966 194 50 Praeterea
1549 1966 164 50 diximus
1668 1966 119 50 quod
1743 1966 149 50 aliqua
1832 1966 75 50 est

1113 2010 258 58 excomunicatio
1326 2010 167 58 iniusta
1447 2010 76 58 &
1478 2010 152 58 nulla:
1584 2010 76 58 &
1614 2010 122 58 illa
1690 2010 106 58 non
1751 2010 106 58 est
1797 2010 106 58 timen

1120 2053 93 59 da
1166 2053 139 59 coram
1259 2053 108 59 deo
1321 2053 108 59 nec
1382 2053 139 59 coram
1475 2053 201 59 hominibus
1630 2053 108 59 qui
1692 2053 108 59 hoc
1738 2053 170 59 nouerunt:

1124 2099 113 57 nisi
1195 2099 156 57 accidat
1308 2099 184 57 scandalum
1450 2099 241 57 assistentium,
1649 2099 184 57 putantium
1776 2099 128 57 hominem

1121 2142 201 45 contemnere
1279 2142 201 45 ecclesiam.
1437 2142 259 45 Excommunicatio
1653 2142 129 45 tamen
1739 2142 158 45 iniusta
1839 2142 58 45 ha

1129 2187 132 47 omnes
1217 2187 220 47 essentialia
1393 2187 322 47 excommunicationis:
1672 2187 103 47 hoc
1730 2187 103 47 est
1789 2187 103 47 non
1833 2187 73 47 ir-

1127 2228 134 63 rirata
1220 2228 67 63 a
1247 2228 121 63 iure,
1328 2228 94 63 est
1381 2228 148 63 timenda
1489 2228 94 63 per
1542 2228 107 63 cap.
1609 2228 80 63 Si
1650 2228 174 63 celebrat.
1784 2228 80 63 de
1811 2228 80 63 cle.

1112 2269 115 53 ex.
1177 2269 115 53 mi.
1243 2269 295 53 Excommunicatus
1488 2269 147 53 autem
1586 2269 164 53 minore
1684 2269 213 53 excommunica

1125 2318 121 49 tione
1205 2318 94 49 est
1259 2318 215 49 ineligibilis
1434 2318 81 49 ad
1475 2318 189 49 quodcumque
1623 2318 189 49 beneficium
1757 2318 135 49 ecclesia

1118 2365 130 55 sticum
1209 2365 221 55 consequendum.
1391 2365 65 55 &
1417 2365 117 55 ratio
1495 2365 91 55 est
1547 2365 156 55 secundum
1664 2365 182 55 pontificem
1807 2365 78 55 in
1833 2365 65 55 li-

1119 2409 125 54 tera:
1202 2409 111 54 quod
1272 2409 83 54 ad
1313 2409 222 54 susceptionem
1494 2409 125 54 eorum
1577 2409 166 54 eligitur
1702 2409 69 54 a
1730 2409 139 54 quorum
1813 2409 83 54 per-

1122 2453 192 57 ceptione
1266 2453 80 57 a
1298 2453 176 57 sanctis
1426 2453 192 57 patribus
1571 2453 112 57 est
1635 2453 208 57 priuatus.
1795 2453 96 57 Et
1827 2453 80 57 hoc

1116 2493 133 53 etiam
1205 2493 177 53 habetur.
1338 2493 103 53 xi.
1397 2493 89 53 q.
1441 2493 118 53 iii.
1515 2493 280 53 Excommunicatos.
1751 2493 89 53 &.
1795 2493 89 53 c.
1824 2493 74 53 Cum

1115 2548 288 48 excommunicato.
1355 2548 96 48 &.
1403 2548 128 48 iii.
1483 2548 96 48 q.
1532 2548 144 48 iiii.
1628 2548 256 48 Engeltrudam,
1820 2548 80 48 nec

1113 2583 171 61 potest
1233 2583 240 61 ministrare
1421 2583 257 61 sacramenta.
1626 2583 120 61 Non
1695 2583 154 61 credo
1780 2583 120 61 tamen

1118 2629 155 57 verum
1221 2629 138 57 quod
1307 2629 189 57 dominus
1445 2629 258 57 Innocentius
1651 2629 155 57 dicit
1754 2629 103 57 in
1789 2629 103 57 dic.

1114 2669 124 74 cap.
1192 2669 124 74 quod
1270 2669 186 74 existens
1410 2669 93 74 in
1456 2669 171 74 peccato
1581 2669 109 74 non
1643 2669 155 74 potest
1752 2669 140 74 eligi
1845 2669 93 74 in
