2340 3364
496 336 169 54 rulgari
618 336 107 54 via
680 336 92 54 ex
726 336 276 54 determinatione
955 336 215 54 pontificis
1109 336 153 54 dicimus.

484 388 114 47 esse
555 388 85 47 de
598 388 114 47 iure
669 388 142 47 diuimo
769 388 114 47 quod
840 388 142 47 nullus
939 388 171 47 sacerdos
1068 388 142 47 possit
1153 388 114 47 absol-

486 431 118 47 uere
560 431 177 47 quempiam
693 431 206 47 peccatorem
855 431 118 47 nisi
929 431 118 47 sibi
1002 431 206 47 subiectum.
1165 431 74 47 &
1179 431 74 47 il-

493 473 90 55 la
538 473 196 55 subiectio
689 473 121 55 esse
764 473 151 55 potest
870 473 151 55 quando
975 473 196 55 confessor
1126 473 106 55 est
1172 473 90 55 ordi

490 515 148 62 natius
594 515 133 62 eius:
682 515 118 62 quae
756 515 192 62 subiectio
904 515 207 62 confessori
1067 515 163 62 ratione
1170 515 104 62 digni

490 565 129 52 tatis
576 565 100 52 vel
633 565 186 52 beneficii
776 565 186 52 conuenit:
919 565 143 52 qualis
1019 565 100 52 est
1076 565 172 52 potestas
1190 565 72 52 epi

482 607 196 49 scoporum
629 607 82 49 &
661 607 212 49 curatorum
824 607 114 49 qui
890 607 228 49 facultatem
1069 607 147 49 aliis
1151 607 114 49 conce

502 654 121 48 dere
577 654 181 48 possunt.
713 654 106 48 sed
773 654 211 48 sacerdotes
939 654 211 48 inferiores
1090 654 181 48 facultatem

489 694 183 52 habentes
626 694 76 52 /
657 694 107 52 non
718 694 168 52 possunt
840 694 214 52 vlteriorem
1008 694 214 52 facultatem
1161 694 107 52 aliis

493 738 242 51 sacerdotibus
689 738 181 51 tradere:
826 738 121 51 nisi
901 738 166 51 curatus
1022 738 136 51 daret
1113 738 106 51 suo
1158 738 106 51 vica-

499 784 99 47 rio
555 784 99 47 (vt
612 784 183 47 plerumque
753 784 113 47 fit)
823 784 141 47 plenas
922 784 127 47 vices
1007 784 99 47 quo
1063 784 85 47 ad
1092 784 169 47 sacramenta

491 835 227 43 communicanda
675 835 85 43 ac
718 835 85 43 si
760 835 170 43 praesens
888 835 142 43 esset:
987 835 113 43 tunc
1058 835 113 43 enim
1129 835 113 43 ille
1186 835 85 43 vica

492 872 116 53 rius
565 872 203 53 facultatem
725 872 131 53 talem
812 872 116 53 dare
884 872 145 53 potest
986 872 131 53 aliis
1059 872 203 53 sacerdotibus

489 916 93 50 ad
536 916 217 50 sacramenta
707 916 248 50 communicanda
908 916 93 50 ac
955 916 93 50 si
1001 916 171 50 curatus
1110 916 155 50 praesens

490 962 137 48 esset:
586 962 69 48 &
614 962 192 48 facultatem
765 962 110 48 dare
834 962 137 48 potens
930 962 69 48 /
957 962 124 48 aeque
1040 962 110 48 bene
1108 962 124 48 illam
1177 962 96 48 commu

490 1009 128 46 nicat
575 1009 170 46 simplici
703 1009 185 46 sacerdoti
845 1009 71 46 /
873 1009 85 46 ac
916 1009 114 46 illi
987 1009 99 46 qui
1044 1009 227 46 exequutionem
1214 1009 57 46 ha

496 1049 118 48 bet.
570 1049 88 48 Et
614 1049 133 48 ratio
702 1049 103 48 est
761 1049 236 48 peremptoria:
953 1049 118 48 quia
1027 1049 88 48 in
1056 1049 221 48 consecratione

501 1093 158 57 cuilibet
619 1093 171 57 sacerdoti
751 1093 158 57 traditur
869 1093 132 57 clauis
961 1093 197 57 potestatis,
1119 1093 105 57 quae
1185 1093 92 57 est
1224 1093 53 57 fa

502 1137 152 49 cultas
608 1137 167 49 ligandi
730 1137 76 49 &
760 1137 182 49 soluendi
897 1137 91 49 in
942 1137 121 49 foro
1018 1137 213 49 interiore.
1170 1137 91 49 habe

502 1185 122 46 ergo
578 1185 274 46 iurisdictionem
806 1185 198 46 specialem
958 1185 91 46 si
1003 1185 182 46 materiam
1125 1185 152 46 haberet.

494 1226 127 51 iste
573 1226 127 51 enim
653 1226 222 51 facultatem
827 1226 127 51 dans
906 1226 174 51 subdito
1033 1226 111 51 vel
1081 1226 190 51 sacerdoti,

489 1275 135 44 solum
579 1275 195 44 ministrat
729 1275 90 44 ei
774 1275 180 44 materiam
908 1275 90 44 in
953 1275 120 44 quam
1028 1275 135 44 agat,
1118 1275 120 44 quam
1178 1275 90 44 ante

489 1316 108 55 non
550 1316 185 55 habebat.
689 1316 92 55 Et
735 1316 154 55 aliter
842 1316 154 55 patet.
950 1316 108 55 Non
1012 1316 185 55 sacerdos
1135 1316 138 55 curatus

495 1358 107 49 dat
556 1358 183 49 vicarium
693 1358 92 49 in
739 1358 229 49 confessione
922 1358 183 49 audienda
1059 1358 76 49 /
1090 1358 183 49 tradendo
1212 1358 61 49 ma

485 1405 172 59 teriam.
610 1405 125 59 ltem
688 1405 94 59 in
735 1405 203 59 solutione
891 1405 94 59 ad
938 1405 172 59 quartum
1062 1405 172 59 diximus
1171 1405 94 59 quod

500 1451 194 52 quilibet
646 1451 194 52 sacerdos
791 1451 178 52 simplex
921 1451 210 52 quemlibet
1083 1451 146 52 talem
1164 1451 113 52 absol

497 1494 110 48 uit.
566 1494 69 48 &
593 1494 96 48 non
648 1494 96 48 est
703 1494 206 48 difficultas
868 1494 82 48 in
910 1494 110 48 isto
978 1494 82 48 si
1020 1494 165 48 capiatur
1130 1494 137 48 sacerdos

491 1539 94 44 non
544 1539 202 44 religiosus.
706 1539 67 44 &
732 1539 134 44 placet
827 1539 121 44 etiam
907 1539 94 44 via
961 1539 108 44 illa
1028 1539 108 44 quod
1095 1539 161 44 sufficit
1203 1539 67 44 re-

507 1582 183 49 igiosus.
644 1582 107 49 ita
705 1582 122 49 enim
781 1582 107 49 fit
842 1582 76 49 &
872 1582 228 49 practicatur
1055 1582 152 49 passim
1161 1582 91 49 ab
1192 1582 76 49 his

496 1626 109 55 qui
559 1626 156 55 habent
668 1626 219 55 facultatem
840 1626 78 55 a
871 1626 156 55 Romano
980 1626 203 55 pontifice
1136 1626 78 55 /
1168 1626 109 55 qui
1215 1626 62 55 in

499 1674 230 54 differenter
682 1674 199 54 quemlibet
835 1674 214 54 accipiunt.
1004 1674 199 54 Propterea
1142 1674 122 54 opinic

502 1715 123 56 glos.
585 1715 82 56 in
626 1715 96 56 ca.
681 1715 137 56 Omnis.
776 1715 82 56 de
818 1715 178 56 poenitem.
955 1715 69 56 &
982 1715 137 56 remis.
1078 1715 82 56 in
1119 1715 110 56 ver.
1174 1715 96 56 Talie

504 1761 108 48 no)
565 1761 108 48 est
627 1761 248 48 relinquenda.
828 1761 201 48 Vagabundi
983 1761 139 48 autem
1076 1761 108 48 non
1122 1761 155 48 habentes

495 1807 223 45 domicilium
670 1807 128 45 sunt
750 1807 96 45 de
798 1807 191 45 parochia
941 1807 159 45 illius
1053 1807 159 45 curati
1164 1807 96 45 in
1196 1807 80 45 quo

490 1848 118 50 sunt
564 1848 88 50 in
608 1848 162 50 pascha.
726 1848 74 50 &
755 1848 88 50 si
800 1848 162 50 dominus
917 1848 162 50 aliquis
1035 1848 118 50 nunc
1109 1848 88 50 in
1153 1848 103 50 hac
1197 1848 74 50 pa-

503 1897 136 55 rochia
598 1897 163 55 habitet:
720 1897 108 55 nunc
788 1897 81 55 in
829 1897 122 55 illa:
910 1897 95 55 est
964 1897 176 55 subiectus
1100 1897 136 55 illius
1195 1897 81 55 in
1222 1897 54 55 cu

508 1938 106 56 ius
569 1938 167 56 ditione
690 1938 137 56 manet
781 1938 106 56 pro
842 1938 152 56 maiore
948 1938 137 56 parte
1039 1938 197 56 temporis,
1176 1938 91 56 quod

501 1982 90 51 si
546 1982 211 51 aequaliter
712 1982 90 51 in
757 1982 181 51 pluribus
893 1982 181 51 habitet:
1029 1982 106 51 vbi
1089 1982 106 51 eum
1134 1982 136 51 contin-

501 2022 104 53 gat
560 2022 119 53 esse
635 2022 89 53 in
679 2022 163 53 pascha:
797 2022 133 53 illic
886 2022 207 53 superiorem
1034 2022 119 53 habet.

803 2311 220 84 Ecundo
957 2311 198 84 circa
1089 2311 176 84 hanc
1177 2311 88 84 de

814 2382 198 57 cimannonam
970 2382 241 57 distinctionem
1154 2382 113 57 quaeri

819 2427 118 52 tur.
893 2427 89 52 An
937 2427 177 52 fraterna
1070 2427 192 52 correptio
1203 2427 74 52 sit

816 2471 185 57 cuilibet
954 2471 154 57 adulto
1062 2471 92 57 de
1093 2471 169 57 praecepto

823 2515 201 60 Praemittam
981 2515 115 60 quid
1053 2515 158 60 nominis
1153 2515 115 60 frater

815 2561 89 52 nae
866 2561 217 52 correptionis.
1045 2561 127 52 deinde
1134 2561 166 52 responde,

810 2608 90 57 bo
855 2608 90 57 ad
900 2608 210 57 quaesitum.
1066 2608 180 57 Fraterna
1186 2608 75 57 cor

490 2649 146 55 reptio
593 2649 102 55 sic
651 2649 234 55 describitur.
842 2649 102 55 est
900 2649 220 55 charitatiua
1076 2649 190 55 admonitio
1207 2649 59 55 de

495 2696 244 53 emendatione
690 2696 196 53 delicti.
837 2696 114 53 Quo
902 2696 228 53 supposito.
1065 2696 212 53 Respondetur

486 2744 238 65 affirmatiue
677 2744 95 65 ad
724 2744 175 65 titulum
851 2744 254 65 quaestionis:
1058 2744 175 65 dummodo
1169 2744 111 65 ponam

1326 331 112 61 tur
1390 331 128 61 illa
1470 331 128 61 quae
1549 331 96 61 ad
1597 331 207 61 fraternam
1756 331 255 61 correptionem
1948 331 159 61 requirun

1322 386 136 52 tur.
1407 386 119 52 Cum
1475 386 136 52 enim
1560 386 119 52 sit
1628 386 238 52 praeceptum
1816 386 272 52 affirmatiuum
2020 386 85 52 non

1336 432 160 51 obligat
1452 432 102 51 pro
1510 432 160 51 semper.
1626 432 102 51 sed
1684 432 145 51 semper
1785 432 174 51 obligat:
1916 432 160 51 positis
2017 432 87 51 cir-

1329 481 237 51 cunstantiis
1519 481 126 51 loci
1598 481 79 51 &
1629 481 205 51 temporis:
1787 481 158 51 quibus
1898 481 174 51 positis
2008 481 95 51 vnum

1333 520 169 55 quemque
1455 520 169 55 adultum
1578 520 169 55 ratione
1701 520 169 55 vtentem
1824 520 184 55 obligat.
1947 520 153 55 Probatur

1339 572 98 46 per
1395 572 126 46 illud
1479 572 252 46 Ecclesiastici.
1689 572 126 46 xvii.
1772 572 182 46 Vnicuique
1912 572 168 46 mandauit
2024 572 70 46 des

1334 607 96 56 de
1382 607 176 56 proximo
1510 607 128 56 suo.
1590 607 96 56 Et
1638 607 176 56 ratione
1766 607 128 56 sic.
1846 607 128 56 Homo
1926 607 176 56 tenetur
2038 607 64 56 vi

1331 654 128 52 tare
1411 654 192 52 peccatum
1555 654 96 52 in
1603 654 176 52 seipso:
1731 654 80 52 &
1763 654 192 52 secundum
1907 654 176 52 ordinem
2019 654 80 52 cha

1325 701 173 47 ritatis
1451 701 189 47 diligere
1592 701 189 47 proximum
1734 701 141 47 sicut
1828 701 189 47 seipsum.
1970 701 126 47 ergo
2032 701 79 47 te-

1330 748 140 44 netur
1423 748 155 44 vitare
1531 748 171 44 quantum
1655 748 93 44 in
1702 748 93 44 se
1748 748 109 44 est
1810 748 78 44 /
1841 748 186 44 peccatum
1981 748 93 44 in
2012 748 109 44 proxi

1340 792 110 52 mo.
1403 792 203 52 Praeterea
1559 792 203 52 arguitur.
1716 792 188 52 quilibet
1857 792 156 52 habens
1966 792 125 52 vnde
2029 792 78 52 suc

1332 835 161 48 currere
1449 835 146 48 possit
1552 835 161 48 tenetur
1669 835 88 48 de
1713 835 102 48 suo
1771 835 146 48 facere
1874 835 220 48 eleemosynam
2035 835 73 48 cor

1332 879 167 51 poralem
1454 879 76 51 /
1484 879 91 51 ne
1530 879 152 51 corpus
1636 879 167 51 proximi
1758 879 198 51 moriatur:
1910 879 122 51 ergo
1971 879 137 51 tenetur

1339 925 153 42 cauere
1446 925 77 42 a
1477 925 138 42 morte
1569 925 215 42 spirituali
1737 925 153 42 animae
1844 925 184 42 proximi.
1967 925 138 42 Propter

1342 968 84 44 ea
1384 968 139 44 Esaias
1481 968 125 44 sexto
1565 968 111 44 cap.
1635 968 97 44 sui
1690 968 139 44 libri,
1788 968 84 44 se
1829 968 167 44 tacuisse
1941 968 167 44 lamentatur

1342 1012 187 54 inquiens.
1485 1012 101 54 Vae
1543 1012 115 54 mihi
1614 1012 115 54 quia
1686 1012 144 54 tacui.
1787 1012 101 54 vbi
1844 1012 158 54 glossa.
1959 1012 115 54 quia
2016 1012 101 54 Oziam

1341 1053 76 63 &
1371 1053 137 63 alios
1463 1053 152 63 libere
1569 1053 107 63 non
1615 1053 198 63 reprehendi.

1372 1104 151 91 Est
1458 1104 194 91 autem
1587 1104 259 91 notandum
1781 1104 173 91 quod
1889 1104 216 91 aliqua
2019 1104 86 91 re

1345 1190 215 47 quiruntur
1511 1190 99 47 ad
1560 1190 264 47 correptionem
1775 1190 231 47 fraternam.
1956 1190 149 47 Primo
2039 1190 66 47 ex

1349 1239 123 46 parte
1432 1239 137 46 causae
1527 1239 192 46 materialis
1678 1239 69 46 &
1706 1239 164 46 obiecti,
1829 1239 110 46 quod
1897 1239 96 46 sit
1952 1239 82 46 de
1980 1239 123 46 peccato

1332 1273 217 57 potissimum
1503 1273 171 57 mortali
1627 1273 109 57 vel
1689 1273 93 57 de
1736 1273 171 57 veniali
1860 1273 124 57 quod
1937 1273 171 57 proxime
2046 1273 62 57 ad

1337 1324 156 41 mortale
1451 1324 185 41 disponit.
1593 1324 114 41 quia
1664 1324 85 41 si
1707 1324 128 41 esset
1792 1324 128 41 solum
1877 1324 156 41 veniale
1991 1324 85 41 in
2020 1324 85 41 cau-

1345 1359 90 58 sa
1390 1359 75 58 &
1420 1359 180 58 sequela:
1556 1359 196 58 correptio
1706 1359 105 58 non
1766 1359 135 58 esset
1856 1359 90 58 de
1901 1359 211 58 praecepto.
2052 1359 60 58 Pe

1341 1407 110 51 trus
1410 1407 152 51 namque,
1520 1407 83 51 ad
1562 1407 179 51 Galathas.
1699 1407 96 51 ii.
1755 1407 193 51 subtrahens
1906 1407 83 51 se
1947 1407 69 51 a
1961 1407 138 51 comestid

1331 1452 95 54 ne
1379 1452 174 54 ciborum
1505 1452 95 54 in
1553 1452 127 54 lege
1632 1452 174 54 Mosaica
1759 1452 206 54 vetitorum
1917 1452 174 54 propter
2044 1452 95 54 ad

1330 1499 167 48 uentum
1447 1499 201 48 missorum
1598 1499 100 48 ab
1648 1499 184 48 lacobo,
1782 1499 201 48 peccauit
1916 1499 201 48 venialiter

1329 1544 149 50 solum:
1434 1544 105 50 sed
1493 1544 120 50 quia
1568 1544 134 50 illud
1658 1544 164 50 poterat
1777 1544 120 50 esse
1852 1544 194 50 propinqua
1986 1544 120 50 dispo-

1333 1581 137 52 sitio
1424 1581 91 52 in
1470 1581 152 52 ruinam
1576 1581 198 52 mortalium
1728 1581 91 52 in
1774 1581 152 52 aliis:
1880 1581 76 52 a
1910 1581 137 52 Paulo
1986 1581 122 52 publi-

1338 1628 80 50 ce
1378 1628 199 50 reprehensus
1537 1628 106 50 est.
1603 1628 172 50 fraternae
1736 1628 106 50 enim
1802 1628 199 50 correptioni
1961 1628 93 50 non
2001 1628 106 50 obuiat

1332 1672 121 59 quod
1407 1672 121 59 fiat
1483 1672 91 59 in
1528 1672 181 59 publico.
1664 1672 166 59 Quamuis
1785 1672 136 59 autem
1875 1672 226 59 imprudentes
2042 1672 75 59 pas

1335 1719 111 53 sim
1399 1719 111 53 non
1462 1719 175 53 debeant
1589 1719 207 53 corripere
1748 1719 111 53 pro
1812 1719 175 53 veniali
1939 1719 207 53 euitando:

1338 1766 123 46 viri
1414 1766 138 46 tamen
1506 1766 184 46 perfecti
1645 1766 169 46 possunt
1767 1766 107 46 vti
1829 1766 230 46 correptione
2013 1766 92 46 in
2044 1766 61 46 pa

1329 1806 125 55 res:
1407 1806 156 55 quales
1516 1806 140 55 erant
1610 1806 156 55 Petrus
1719 1806 78 55 &
1750 1806 171 55 Paulus:
1874 1806 109 55 vbi
1937 1806 156 55 Petrus
2030 1806 78 55 si-

1331 1850 95 51 ne
1379 1850 158 51 iurgio
1489 1850 111 51 cum
1552 1850 284 51 tranquillitate
1789 1850 79 51 &
1821 1850 190 51 modestia
1947 1850 158 51 suscepit

1328 1899 225 45 correptionem
1510 1899 140 45 Pauli.
1609 1899 126 45 Causa
1693 1899 154 45 finalis
1805 1899 126 45 debet
1889 1899 126 45 esse,
1974 1899 84 45 vt
2002 1899 112 45 proxi-

1338 1946 110 47 nus
1401 1946 78 47 a
1432 1946 173 47 peccato
1558 1946 220 47 abstineat.
1731 1946 141 47 Causa
1825 1946 188 47 formalis
1966 1946 94 47 vt
1997 1946 110 47 corre

1338 1992 118 48 ptio
1412 1992 118 48 fiat
1485 1992 103 48 cum
1544 1992 235 48 discretione:
1735 1992 176 48 scilicet
1867 1992 88 48 ex
1911 1992 220 48 compassione
2073 1992 44 48 &

1329 2028 106 58 non
1389 2028 91 58 ex
1435 2028 243 58 indignatione
1632 2028 91 58 vt
1678 2028 167 58 faciunt
1799 2028 182 58 inflati.
1920 2028 182 58 Prouerbio-

1327 2072 123 44 rum.
1404 2072 138 44 xiii.
1496 2072 138 44 Inter
1588 2072 185 44 superbos
1727 2072 154 44 semper
1834 2072 154 44 iurgia
1942 2072 138 44 sunt.
2019 2072 92 44 Pro-

1341 2122 163 44 pterea
1455 2122 180 44 dicebat
1586 2122 294 44 psalmographus.
1830 2122 212 44 Corripiet
1994 2122 98 44 me
2026 2122 82 44 iu-

1323 2165 120 54 stus
1398 2165 90 54 in
1443 2165 255 54 misericordia.
1653 2165 90 54 Et
1698 2165 195 54 apostolus
1847 2165 90 54 ad
1892 2165 195 54 Galathas.
2027 2165 75 54 vi.

1331 2203 97 61 Vos
1386 2203 97 61 qui
1442 2203 207 61 spirituales
1607 2203 124 61 estis
1690 2203 179 61 huiusmodi
1828 2203 179 61 instruite
1965 2203 83 61 in
1993 2203 124 61 spiritu

1336 2257 195 46 enitatis.
1486 2257 105 46 Nec
1546 2257 120 46 fiat
1621 2257 135 46 animo
1711 2257 180 46 turbato.
1847 2257 90 46 Si
1892 2257 120 46 enim
1967 2257 105 46 sit
2012 2257 90 46 vero

1329 2294 157 47 simile
1439 2294 126 47 quod
1518 2294 189 47 proximus
1660 2294 267 47 exasperabitur
1880 2294 79 47 &
1911 2294 110 47 non
1959 2294 157 47 emendabi

1332 2340 120 44 tur:
1407 2340 105 44 vel
1467 2340 120 44 sint
1543 2340 120 44 alii
1618 2340 90 44 ad
1663 2340 120 44 quos
1738 2340 135 44 magis
1828 2340 165 44 spectat
1934 2340 180 44 correptio:

1339 2387 137 46 nihil
1430 2387 229 46 attentandum
1614 2387 122 46 est.
1690 2387 107 46 iam
1751 2387 122 46 enim
1827 2387 137 46 causa
1919 2387 183 46 formalis
2041 2387 61 46 si

1326 2430 96 50 ue
1374 2430 144 50 modus
1470 2430 96 50 in
1518 2430 240 50 correptione
1710 2430 256 50 relinquitur.
1917 2430 144 50 Causa
1997 2430 112 50 effi-

1336 2475 138 45 ciens
1428 2475 107 45 est
1489 2475 184 45 adultus,
1627 2475 107 45 non
1688 2475 184 45 publicus
1826 2475 184 45 peccator
1964 2475 92 45 ad
1994 2475 123 45 corte-

1339 2517 165 57 ptionem
1459 2517 90 57 in
1504 2517 180 57 publico.
1668 2517 90 57 Ex
1713 2517 105 57 his
1773 2517 194 57 sequitur.
1923 2517 120 57 quod
1982 2517 135 57 positis

1326 2564 134 47 istis
1416 2564 164 47 quatuor
1535 2564 149 47 causis
1639 2564 194 47 correptio
1788 2564 179 47 fraterna
1922 2564 104 47 est
1982 2564 89 47 de
2012 2564 104 47 prae-

1327 2611 161 47 cepto.
1472 2611 177 47 Secundo
1601 2611 209 47 infertur:
1762 2611 129 47 quod
1842 2611 193 47 interdum
1971 2611 145 47 omitti-

1332 2653 111 57 tur
1396 2653 207 57 correptio
1555 2653 191 57 fraterna
1698 2653 207 57 meritorie
1857 2653 223 57 expectando
2016 2653 95 57 tem-

1332 2697 104 56 pus
1392 2697 224 56 opportunum:
1571 2697 104 56 cum
1631 2697 179 56 scilicet
1765 2697 104 56 est
1824 2697 209 56 verisimile
1989 2697 119 56 quod
2048 2697 60 56 si

1319 2741 125 62 nunc
1397 2741 249 62 corripiatur,
1600 2741 93 62 ex
1647 2741 234 62 impatientia
1834 2741 187 62 deterior
1974 2741 171 62 euadet:
