2322 3323
241 328 156 51 reatur:
354 328 99 51 non
411 328 170 51 patietur
539 328 85 51 in
582 328 114 51 alio
653 328 170 51 saeculo:
781 328 71 51 &
809 328 128 51 etiam
894 328 128 51 magis
965 328 57 51 me

248 375 155 53 rebitur.
365 375 91 53 nam
416 375 168 53 facilitas
546 375 129 53 veniae
637 375 91 53 est
688 375 117 53 causa
766 375 207 53 delinquendi.
934 375 78 53 Et
960 375 52 53 ex

245 414 98 50 hoc
301 414 169 50 sequitur
428 414 112 50 quod
498 414 98 50 non
554 414 98 50 est
610 414 127 50 verus
695 414 141 50 amicus
793 414 169 50 sacerdos
906 414 98 50 parua

240 461 175 51 imponens
371 461 247 51 poenitentiam:
575 461 102 51 vbi
634 461 189 51 confitens
779 461 102 51 est
837 461 160 51 paratus
939 461 73 51 ma-

240 510 123 57 gnam
317 510 169 57 subire.
440 510 77 57 &
470 510 138 57 forte
563 510 231 57 imputabitur
747 510 200 57 sacerdoti
901 510 92 57 ad
932 510 77 57 cul

246 556 103 51 pam
305 556 88 51 in
349 556 103 51 hoc
408 556 132 51 mundo
496 556 73 51 /
525 556 73 51 &
555 556 88 51 ad
599 556 147 51 poenam
702 556 88 51 in
746 556 132 51 alio.
834 556 162 51 quaerat
937 556 73 51 igi

238 595 103 53 tur
297 595 74 53 a
327 595 206 53 confitente
489 595 88 53 an
533 595 133 53 velit
621 595 147 53 magnam
724 595 147 53 poenam
828 595 162 53 subite:
945 595 74 53 &
960 595 59 53 si

245 638 114 57 sic,
316 638 100 57 det
373 638 143 57 magnam
474 638 86 57 de
517 638 200 57 praecepto:
674 638 100 57 hoc
731 638 100 57 est
788 638 172 57 secundum
903 638 100 57 illuc

243 684 117 54 quod
317 684 249 54 verisimiliter
522 684 132 54 alter
610 684 103 54 est
668 684 220 54 impleturus:
844 684 176 54 reliquum
961 684 59 54 de

236 727 189 58 consilio
378 727 174 58 addens:
504 727 79 58 &
536 727 158 58 doceat
646 727 110 58 eum
709 727 174 58 referre
836 727 142 58 actus
915 727 110 58 consi

239 776 114 43 lii
304 776 98 43 in
353 776 245 43 expiationem
549 776 180 43 poenae.
679 776 98 43 si
728 776 131 43 vero
810 776 147 43 nolit
891 776 131 43 magnam

241 818 155 46 subire:
354 818 225 46 condescendat
537 818 211 46 infirmitati
706 818 225 46 confitentis:
875 818 141 46 aperiens

227 863 142 61 tamen
322 863 94 61 ei
369 863 157 61 poenam
479 863 157 61 futuri
574 863 157 61 saeculi.

411 907 219 86 Vbitatur
575 907 164 86 circa
684 907 182 86 dicta.
812 907 109 86 An
848 907 164 86 aliquis

351 976 103 60 pro
410 976 118 60 alio
484 976 221 60 satisfacere
661 976 162 60 possit.
778 976 147 60 Dictum
881 976 103 60 est
926 976 88 60 quod

303 1008 283 73 â‹poenitentia
534 1008 159 73 valet
640 1008 106 73 ad
693 1008 142 73 duo:
782 1008 230 73 videlicet
941 1008 71 73 ad

394 1065 270 60 praeseruationem
621 1065 71 60 a
650 1065 185 60 recidiuo:
792 1065 85 60 vt
834 1065 171 60 ieiunium
948 1065 71 60 ca-

237 1114 146 53 stigat
340 1114 146 53 corpus
442 1114 88 53 ne
485 1114 160 53 effrene
602 1114 204 53 reluctetur
762 1114 190 53 spiritui,
894 1114 131 53 constat

242 1154 125 61 autem
326 1154 111 61 quod
395 1154 111 61 vnus
465 1154 97 61 quo
521 1154 84 61 ad
562 1154 111 61 hunc
632 1154 167 61 effectum
757 1154 97 61 non
813 1154 195 61 satisfacit
952 1154 70 61 pro

241 1201 125 48 alio:
324 1201 83 48 vt
366 1201 97 48 per
422 1201 139 48 carnem
519 1201 139 48 sortis
616 1201 153 48 domitam
727 1201 97 48 non
783 1201 153 48 domatur
894 1201 111 48 caro
950 1201 69 48 pla

234 1250 153 45 tonis.
341 1250 107 45 Quo
402 1250 92 45 ad
447 1250 137 45 alium
539 1250 198 45 effectum,
692 1250 183 45 scilicet
814 1250 198 45 diminutione

236 1296 127 48 poenae
325 1296 203 48 respondentis
490 1296 140 48 culpae:
592 1296 216 48 distinguitur.
770 1296 89 48 vel
821 1296 102 48 ille
884 1296 89 48 non
922 1296 102 48 potest

240 1337 210 44 satisfacere
408 1337 84 44 in
450 1337 168 44 propria,
576 1337 112 44 quia
647 1337 154 44 debilis
759 1337 98 44 vel
815 1337 140 44 statim
899 1337 126 44 moritu-

239 1378 108 47 rus:
306 1378 67 47 &
333 1378 94 47 sic
386 1378 108 47 vnus
454 1378 94 47 pro
507 1378 108 47 alio
575 1378 202 47 satisfacere
736 1378 148 47 potest:
843 1378 67 47 &
870 1378 81 47 si
910 1378 94 47 non
951 1378 67 47 ha-

231 1425 145 49 beatur
333 1425 203 49 confessor:
493 1425 102 49 est
551 1425 116 49 eius
624 1425 174 49 voluntas
754 1425 174 49 psumpta:
885 1425 116 49 quod
943 1425 73 49 nec

241 1466 185 51 voluerit
379 1466 170 51 mittere
503 1466 93 51 ad
549 1466 231 51 purgatorium
734 1466 77 51 /
765 1466 108 51 nec
827 1466 185 51 obligare
965 1466 93 51 ad

231 1514 267 45 difficillimum.
454 1514 104 45 Sed
513 1514 178 45 decedens
647 1514 104 45 non
706 1514 223 45 liberabitur
884 1514 148 45 statim
973 1514 45 45 a

242 1552 119 56 poena
321 1552 185 56 purgatorii
466 1552 66 56 /
493 1552 92 56 per
546 1552 92 56 hoc
598 1552 106 56 quod
664 1552 119 56 alter
744 1552 172 56 promittit
863 1552 158 56 satisface-

243 1599 91 51 re:
295 1599 103 51 immo
359 1599 181 51 requiritur
502 1599 103 51 quod
566 1599 194 51 satisfactio
722 1599 129 51 fuerit
812 1599 168 51 completa:
928 1599 91 51 sicut

232 1648 81 53 in
273 1648 136 53 simili
368 1648 136 53 postea
463 1648 149 53 dicetur
571 1648 81 53 de
612 1648 190 53 suffragio.
761 1648 81 53 Ex
802 1648 108 53 isto
870 1648 122 53 patet
938 1648 81 53 quod

228 1688 180 54 conducit
363 1688 180 54 morituro
498 1688 180 54 quaerere
634 1688 165 54 aliquem
754 1688 180 54 amicorum
874 1688 150 54 fidelem.

231 1734 108 51 vel
292 1734 155 51 plures
401 1734 93 51 ad
447 1734 201 51 implendam
602 1734 247 51 poenitentiam
803 1734 124 51 quam
864 1734 155 51 sacerdos

235 1778 139 55 potest
332 1778 180 55 iniungere
471 1778 194 55 laboranti:
624 1778 111 55 quam
693 1778 83 55 si
735 1778 97 55 non
790 1778 166 55 expleant
915 1778 83 55 in
943 1778 69 55 hoc

226 1828 153 44 mundo:
333 1828 169 44 moriens
455 1828 92 44 in
501 1828 214 44 purgatorio
670 1828 245 44 torquebitur.
869 1828 107 44 Sed
915 1828 92 44 vnus

234 1866 89 53 non
285 1866 128 53 potest
375 1866 89 53 per
426 1866 128 53 eundem
515 1866 115 53 actum
592 1866 192 53 satisfacere
745 1866 89 53 pro
796 1866 77 53 se
834 1866 64 53 &
860 1866 115 53 alio:
924 1866 89 53 sicut

233 1912 93 55 nec
286 1912 199 55 satisfacere
445 1912 146 55 ieiunio
551 1912 173 55 ecclesiae
684 1912 66 55 &
711 1912 212 55 poenitentiae
870 1912 146 55 iniunctae

233 1956 139 60 simul.
331 1956 84 60 vt
372 1956 153 60 diximus
484 1956 167 60 superius
609 1956 84 60 de
651 1956 195 60 eleemosyna
804 1956 111 60 data
874 1956 111 60 illi
929 1956 84 60 quam

238 2006 98 58 est
294 2006 84 58 in
336 2006 154 58 extrema
449 2006 225 58 necessitate:
631 2006 168 58 quicquid
757 2006 140 58 dicant
842 2006 98 58 alii.

228 2048 120 76 â‹
276 2048 312 76 Dubitatur
516 2048 288 76 secundo.
731 2048 144 76 An
779 2048 240 76 poeniten

233 2104 101 58 tia
290 2104 130 58 facta
377 2104 86 58 in
420 2104 173 58 extremis
549 2104 158 58 valeat.
664 2104 230 58 Respondetur.
852 2104 130 58 licet
924 2104 86 58 raro

239 2153 145 48 valeat
340 2153 101 48 vel
398 2153 101 48 sit
455 2153 217 48 periculosa:
629 2153 101 48 non
687 2153 173 48 implicat
817 2153 87 48 de
860 2153 130 48 lege:
932 2153 87 48 immo

239 2191 111 66 bene
308 2191 111 66 stat
378 2191 111 66 quod
447 2191 153 66 valeat,
558 2191 111 66 quod
628 2191 139 66 patet:
725 2191 111 66 quia
794 2191 111 66 male
850 2191 166 66 habituatus

228 2236 228 69 difficulter
410 2236 198 69 euellitur
562 2236 76 69 a
593 2236 106 69 suo
653 2236 122 69 malo
729 2236 182 69 habitum:
866 2236 91 69 vt
896 2236 122 69 quando

230 2279 128 58 homo
310 2279 112 58 est
374 2279 96 58 in
422 2279 192 58 periculo
566 2279 176 58 cadendi
694 2279 80 58 e
726 2279 208 58 pinnaculo
886 2279 112 58 vel
950 2279 96 58 in

238 2328 129 50 mare:
324 2328 186 50 convertit
467 2328 86 50 se
510 2328 129 50 totum
596 2328 86 50 ad
639 2328 115 50 sibi
710 2328 229 50 succurrendum
896 2328 86 50 ex
925 2328 100 50 incli

244 2372 155 51 natione
357 2372 169 51 naturae:
483 2372 99 51 sic
540 2372 85 51 vt
582 2372 183 51 aegerrime
723 2372 85 51 se
765 2372 183 51 convertat
906 2372 85 51 in
934 2372 85 51 dete

237 2417 193 48 stationem
386 2417 104 48 sui
445 2417 178 48 peccati.
579 2417 89 48 Si
623 2417 134 48 autem
712 2417 178 48 dormiens
846 2417 104 48 vel
905 2417 104 48 non
950 2417 59 48 ad

237 2462 162 50 uertens
355 2462 103 50 vel
414 2462 88 50 in
458 2462 118 50 actu
531 2462 162 50 peccati
649 2462 206 50 occidatur:
811 2462 103 50 iam
870 2462 147 50 lignum
958 2462 88 50 vbi.

231 2506 190 47 ceciderit
377 2506 117 47 siue
450 2506 88 47 ad
494 2506 190 47 aquilonem
640 2506 117 47 siue
713 2506 88 47 ad
756 2506 175 47 austrum:
888 2506 102 47 ibi
931 2506 88 47 iace

241 2552 122 45 bit.
317 2552 198 45 Propterea
469 2552 91 45 de
515 2552 122 45 tali
591 2552 183 45 serotina
728 2552 229 45 poenitentia
896 2552 122 45 timen-

239 2596 115 50 dum
304 2596 115 50 est
370 2596 99 50 ne
420 2596 181 50 dicatur
551 2596 247 50 poenitentia
749 2596 230 50 Troianorum
913 2596 99 50 scra

239 2638 109 53 Sed
302 2638 125 53 quia
380 2638 187 53 voluntas
520 2638 109 53 est
582 2638 172 53 libera:
707 2638 156 53 potest
816 2638 125 53 homo
879 2638 140 53 detesta

237 2683 90 62 ri
282 2683 105 62 sua
342 2683 165 62 peccata
462 2683 90 62 in
507 2683 225 62 quantolibet
686 2683 165 62 tempore
791 2683 225 62 quantumcunque

234 2725 180 68 pusillo
364 2725 212 68 imminente
528 2725 147 68 morte
626 2725 147 68 sicut
724 2725 147 68 longe
822 2725 131 68 ante
887 2725 131 68 morte:

1069 315 257 77 quemadmodum
1274 315 205 77 demereri
1428 315 188 77 potest.
1565 315 240 77 Contrarium
1736 315 120 77 autem

1067 379 189 61 asserere
1209 379 110 61 est
1272 379 142 61 error
1367 379 237 61 Beguardorum
1556 379 79 61 &
1588 379 237 61 Beguinarum,
1761 379 95 61 vnus

1074 422 89 53 ex
1119 422 119 53 octo
1193 422 208 53 reprobatis
1356 422 89 53 in
1401 422 163 53 Clemen.
1519 422 89 53 Ad
1564 422 178 53 nostrum.
1698 422 89 53 de
1727 422 119 53 haere.

1176 493 118 74 â‹
1224 493 403 74 Distinctionis
1532 493 260 74 Vigesimae

1254 548 291 91 Quaestio
1448 548 242 91 Secunda.

1407 623 211 68 Ecundo
1555 623 190 68 circa
1681 623 169 68 hanc
1766 623 84 68 vi

1409 682 150 64 gesimam
1518 682 231 64 distinctionem
1695 682 163 64 quaeritur.

1407 729 98 61 An
1456 729 262 61 indulgentiae
1669 729 147 61 viuis
1767 729 82 61 &
1783 729 82 61 mor

1406 772 125 63 tuis
1484 772 187 63 prosint:
1624 772 78 63 &
1656 772 93 63 ad
1702 772 140 63 quid.
1796 772 93 63 In

1407 817 111 65 hac
1470 817 221 65 quaestione
1644 817 111 65 sic
1691 817 174 65 proceden-

1406 862 116 50 dum
1473 862 133 50 est.
1556 862 150 50 Primo
1639 862 216 50 explicandum

1349 905 161 61 Eciest
1462 905 226 61 vocabulum.
1639 905 177 61 Secundo
1752 905 129 61 quae:-

1074 953 164 46 rendum
1188 953 245 46 fundamentum
1385 953 311 46 indulgentiarum:
1646 953 213 46 videlicet
1794 953 65 46 ex

1078 995 103 59 quo
1137 995 118 59 iure
1211 995 132 59 earum
1299 995 132 59 valor
1387 995 162 59 probari
1505 995 162 59 possit.
1623 995 147 59 Tertio
1726 995 88 59 ad
1770 995 118 59 quid

1080 1047 73 56 &
1110 1047 147 56 quibus
1212 1047 161 56 valent.
1330 1047 73 56 â‹
1359 1047 132 56 Circa
1447 1047 147 56 primum
1550 1047 132 56 scito
1638 1047 117 56 quod
1697 1047 161 56 indulgere

1070 1086 141 58 teste
1165 1086 204 58 Laurentio
1322 1086 126 58 apud
1400 1086 189 58 auctores
1542 1086 157 58 multos
1652 1086 157 58 tantum
1746 1086 110 58 valet

1080 1138 163 51 quantum
1199 1138 193 51 concedere
1347 1138 74 51 &
1377 1138 178 51 delicate
1511 1138 193 51 tribuere:
1659 1138 104 51 vel
1704 1138 163 51 intendere

1076 1178 93 52 vt
1123 1178 125 52 apud
1201 1178 187 52 Maronem.
1341 1178 109 52 in.
1403 1178 140 52 iiii.
1497 1178 171 52 Aeneid.
1621 1178 171 52 Indulge
1730 1178 125 52 hospi-

1080 1219 121 53 tio:
1156 1219 197 53 causasque
1307 1219 167 53 innecte
1428 1219 182 53 morandi.
1565 1219 91 53 Et
1610 1219 121 53 Cato
1686 1219 167 53 inquit.
1792 1219 76 53 In-

1080 1262 160 50 dulgere
1197 1262 131 50 gulae
1285 1262 131 50 noli.
1372 1262 102 50 sic
1430 1262 175 50 dicimus.
1562 1262 117 50 iste
1635 1262 175 50 indulget
1751 1262 117 50 genio.

1068 1307 74 57 &
1098 1307 222 57 indulgentia
1275 1307 104 57 est
1334 1307 178 57 delicata
1468 1307 192 57 permissio
1616 1307 133 57 atque
1689 1307 178 57 concessio.

1073 1352 268 62 Quintilianus.
1294 1352 158 62 Mollis
1405 1352 126 62 illa
1483 1352 189 62 educatio
1625 1352 126 62 quam
1688 1352 174 62 indulgen-

1075 1398 133 56 tiam
1158 1398 199 56 vocamus:
1308 1398 166 56 neruos
1424 1398 149 56 omnes
1523 1398 83 56 &
1556 1398 166 56 mentis
1673 1398 83 56 &
1689 1398 166 56 corporis

1071 1439 186 57 frangit.
1210 1439 93 57 Et
1256 1439 124 57 hinc
1333 1439 201 57 theologos
1488 1439 93 57 in
1534 1439 139 57 huius
1627 1439 139 57 vocis
1720 1439 108 57 vsu
1766 1439 93 57 bar-

1078 1483 130 48 baros
1164 1483 72 48 /
1193 1483 144 48 aliqui
1294 1483 173 48 satyrico
1423 1483 115 48 sale
1495 1483 173 48 respersi
1625 1483 202 48 appellant.
1769 1483 101 48 Theo-

1077 1528 119 48 logi
1152 1528 119 48 enim
1226 1528 89 48 in
1271 1528 134 48 aliam
1360 1528 268 48 significatione
1584 1528 179 48 vtuntur.
1718 1528 104 48 pro
1763 1528 104 48 venia

1074 1575 175 50 scilicet
1206 1575 73 50 &
1235 1575 205 50 remissione
1396 1575 88 50 in
1440 1575 190 50 peccatis.
1586 1575 88 50 vt
1630 1575 88 50 in
1674 1575 190 50 collecta.
1806 1575 58 50 Fi

1074 1616 169 47 delium
1192 1616 135 47 deus
1277 1616 186 47 omnium.
1412 1616 101 47 Et
1462 1616 101 47 in
1513 1616 118 47 vsu
1563 1616 304 47 indulgentissimos

1073 1666 212 53 principes
1235 1666 179 53 vocamus
1366 1666 114 53 eos
1431 1666 114 53 qui
1496 1666 130 53 sunt
1577 1666 179 53 faciles
1707 1666 98 53 ad
1740 1666 130 53 dandam

1070 1704 163 53 veniam.
1188 1704 89 53 Et
1233 1704 163 53 ratione
1351 1704 192 53 arguitur.
1499 1704 89 53 ex
1543 1704 103 53 vsu
1602 1704 207 53 loquentium
1750 1704 118 53 vocabu

1078 1748 81 53 la
1118 1748 215 53 significant:
1293 1748 94 53 non
1347 1748 135 53 aliter
1441 1748 108 53 enim
1508 1748 175 53 dictiones
1643 1748 161 53 aequocas
1750 1748 108 53 conclu

1079 1793 126 51 dimus
1163 1793 112 51 nisi
1233 1793 112 51 quia
1303 1793 112 51 alii
1373 1793 168 51 vocabulo
1500 1793 84 51 in
1542 1793 84 51 a.
1584 1793 238 51 significantia
1766 1793 98 51 vtun-

1077 1837 116 54 tur:
1150 1837 116 54 alii
1223 1837 131 54 autem
1310 1837 87 54 in
1353 1837 87 54 b.
1397 1837 87 54 Et
1440 1837 174 54 sermones
1571 1837 203 54 accipiendi
1730 1837 116 54 sunt
1788 1837 73 54 se-

1075 1896 154 43 cundum
1183 1896 185 43 materiam
1322 1896 216 43 subiectam.
1491 1896 93 43 At
1538 1896 139 43 forte
1630 1896 154 43 dicis.
1723 1896 139 43 imperi-

1079 1930 143 48 torum
1174 1930 127 48 vsus
1254 1930 207 48 barbariem
1413 1930 95 48 in
1461 1930 207 48 facundiam
1620 1930 111 48 non
1683 1930 159 48 mutat:
1779 1930 79 48 sed

1075 1972 136 50 bene
1160 1972 222 50 loquentum
1331 1972 256 50 consuetudo,
1535 1972 256 50 quemadmodum
1723 1972 136 50 impro-

1070 2017 141 53 borum
1164 2017 188 53 communis
1305 2017 125 53 vita
1383 2017 250 53 sufficientem
1586 2017 266 53 consuetudinem
1805 2017 94 53 in

1074 2062 179 60 moribus
1204 2062 114 60 non
1269 2062 244 60 introducit:
1465 2062 114 60 sed
1530 2062 147 60 solum
1628 2062 212 60 proborum.
1775 2062 81 60 hoc

1072 2109 103 54 non
1131 2109 191 54 sufficit.
1278 2109 88 54 In
1322 2109 177 54 ecclesia
1455 2109 147 54 nanque
1558 2109 132 54 varii
1646 2109 118 54 sunt
1720 2109 74 54 &
1735 2109 132 54 fuerunt

1080 2151 210 49 eloquentes
1245 2151 75 49 &
1275 2151 165 49 eruditi
1395 2151 120 49 viri
1470 2151 105 49 qui
1531 2151 105 49 sic
1591 2151 180 49 vocabulo
1726 2151 105 49 vsi
1771 2151 90 49 sunt

1074 2193 70 53 &
1102 2193 168 53 vtuntur:
1228 2193 112 53 ergo
1298 2193 112 53 quod
1368 2193 98 53 pro
1424 2193 112 53 illa
1494 2193 196 53 tempestate
1648 2193 112 53 erat
1704 2193 154 53 barbarum:

1073 2237 115 65 nunc
1144 2237 186 65 efficitur
1287 2237 172 65 lepidum.
1416 2237 129 65 Nonne
1502 2237 129 65 vides
1588 2237 115 65 quod
1660 2237 172 65 peccatus
1789 2237 86 65 in

1069 2280 165 55 quarta
1184 2280 264 55 declinatione
1398 2280 82 55 &
1431 2280 99 55 in
1480 2280 214 55 masculino
1645 2280 165 55 genere
1744 2280 99 55 apud

1073 2326 173 59 maiores
1199 2326 126 59 erat
1277 2326 94 59 in
1324 2326 110 59 vsu
1387 2326 94 59 ad
1434 2326 126 59 dies
1513 2326 204 59 Ciceronis
1654 2326 204 59 eloquentiae

1081 2369 171 57 parentis
1209 2369 129 57 vsque
1295 2369 200 57 inclusiue?
1452 2369 114 57 nunc
1523 2369 100 57 hoc
1581 2369 171 57 exulauit
1709 2369 71 57 &
1738 2369 86 57 in
1766 2369 86 57 dis-

1067 2414 264 51 suetudinem
1274 2414 188 51 abiit.
1406 2414 169 51 Fodem
1519 2414 151 51 modo
1594 2414 264 51 concludendum

1078 2459 111 55 est
1141 2459 95 55 de
1189 2459 111 55 hoc
1252 2459 190 55 vocabulo
1394 2459 221 55 paraclitus
1568 2459 221 55 poenultima
1726 2459 126 55 breuis

1077 2504 178 63 spiritum
1211 2504 163 63 sanctum
1329 2504 119 63 apud
1404 2504 193 63 ecclesiam
1552 2504 252 63 significante:
1745 2504 104 63 licet

1080 2547 122 60 apud
1156 2547 168 60 graecos
1278 2547 107 60 (vt
1339 2547 168 60 dicunt)
1462 2547 153 60 tantum
1569 2547 153 60 valeat
1676 2547 168 60 quantum
1783 2547 76 60 in-

1072 2591 154 55 famis.
1180 2591 200 55 propterea
1334 2591 154 55 volunt
1442 2591 154 55 debere
1550 2591 123 55 dici
1627 2591 216 55 paracletus
1781 2591 77 55 poe

1079 2636 174 50 nultima
1206 2636 143 50 longa
1301 2636 79 50 &
1333 2636 111 50 cum
1396 2636 174 50 secunda
1523 2636 174 50 vocali:
1649 2636 95 50 in
1697 2636 111 50 quo
1744 2636 111 50 hisce

1083 2683 155 49 diebus
1192 2683 186 49 nonnulli
1332 2683 109 49 non
1394 2683 217 49 erubescunt
1564 2683 202 49 theologos
1704 2683 155 49 appella-

1075 2731 89 53 re
1120 2731 281 53 ineruditissimos
1356 2731 74 53 &
1386 2731 251 53 ineptissimos:
1593 2731 89 53 ac
1637 2731 89 53 si
1682 2731 89 53 in
1726 2731 104 53 hoc
1770 2731 89 53 hae
