2341 3322
434 332 98 56 les
490 332 155 56 aliorum
603 332 155 56 literas
715 332 169 56 secretas
842 332 197 56 aperiendo:
996 332 70 56 &
1024 332 141 56 quiuis
1109 332 98 56 aliii

431 380 127 49 nisi
511 380 175 49 habeant
638 380 207 49 consensum
797 380 302 49 interpretatiuum
1051 380 143 49 eorum
1146 380 95 49 ad

441 428 131 52 quos
523 428 214 52 spectant.
687 428 82 52 ⁋
720 428 164 52 Quarto
835 428 197 52 sequitur
983 428 131 52 quod
1065 428 131 52 nemo
1131 428 82 52 de-

433 471 117 55 bet
500 471 200 55 peccatum
650 471 134 55 suum
734 471 200 55 secretum
884 471 150 55 extra
967 471 234 55 confessionem

436 517 234 57 propalare.
620 517 217 57 probatur:
787 517 134 57 quia
870 517 134 57 nomo
954 517 150 57 debet
1037 517 167 57 peccatum

433 553 173 63 proximi
559 553 188 63 secretum
700 553 204 63 reserare:
857 553 126 63 ergo
935 553 110 63 nec
998 553 126 63 suum
1061 553 141 63 ipsius.

446 598 131 55 enet
527 598 278 55 consequentia:
757 598 131 55 quia
839 598 131 55 dato
920 598 196 55 opposito
1051 598 164 55 cosequen

445 646 102 55 tis
504 646 102 55 cum
562 646 232 55 antecedente:
751 646 174 55 sequitur
881 646 116 55 haec
954 646 218 55 absurditas:
1114 646 87 55 quod

435 686 160 52 aliquis
552 686 116 52 plus
625 686 160 52 tenetur
741 686 175 52 diligere
872 686 175 52 proximum
1003 686 116 52 quam
1061 686 146 52 seipsum.

439 733 119 52 quod
513 733 104 52 est
573 733 163 52 falsum.
691 733 104 52 nam
750 733 178 52 dicitur.
884 733 104 52 ix.
943 733 208 52 Ethicorum.
1091 733 119 52 Amica-

446 786 128 45 bilia
531 786 86 45 ad
574 786 171 45 alterum,
703 786 200 45 referuntur
860 786 86 45 ad
902 786 200 45 amicabilia
1059 786 86 45 in
1088 786 114 45 ordine

435 819 92 56 ad
481 819 123 56 nos.
558 819 77 56 &
588 819 184 56 dilectio
726 819 200 56 suiipsius
880 819 108 56 est
942 819 169 56 mensura
1049 819 169 56 dilectio-

436 865 107 51 nis
497 865 183 51 proximi.
634 865 122 51 Hinc
710 865 198 51 praecipit
862 865 183 51 Saluator
1000 865 152 51 noster
1091 865 122 51 dicens

448 910 163 55 Diliges
566 910 177 55 proximum
699 910 118 55 tuum
773 910 133 55 sicut
862 910 177 55 teipsum.
995 910 89 55 In
1039 910 133 55 super
1113 910 89 55 pec-

432 956 111 53 cat
496 956 111 53 qui
559 956 127 53 bona
639 956 111 53 sua
702 956 175 53 propria
830 956 207 53 dissipat:
988 956 159 53 vtpote
1084 956 127 53 proii-

433 1008 157 47 ciens
537 1008 210 47 triticum
695 1008 105 47 in
747 1008 175 47 aquam:
870 1008 122 47 vel
940 1008 157 47 domum
1027 1008 175 47 propriam

442 1056 199 36 comburens
595 1056 123 36 sine
672 1056 230 36 necessitate
855 1056 77 36 &
886 1056 215 36 vtilitate,
1055 1056 107 36 non
1101 1056 107 36 lice-

430 1082 111 58 bit
494 1082 127 58 ergo
573 1082 143 58 famam
668 1082 127 58 quae
748 1082 127 58 haec
827 1082 127 58 bona
906 1082 206 58 exuperat,
1049 1082 159 58 contemne

442 1137 92 56 re
488 1137 77 56 &
503 1137 169 56 eneruare.

430 1192 113 83 ⁋
476 1192 227 83 Contra
634 1192 181 83 hanc
748 1192 363 83 conclusionem
1020 1192 181 83 argui-

447 1252 102 58 tur
506 1252 117 58 sic.
579 1252 117 58 scio
651 1252 87 58 in
695 1252 160 58 secreto
812 1252 146 58 Sortem
914 1252 131 58 vrbem
1001 1252 175 58 hostibus
1118 1252 87 58 tra-

440 1302 186 53 diturum,
580 1302 109 53 vel
642 1302 217 53 pestiferam
813 1302 186 53 haeresim
953 1302 202 53 sparsurum
1108 1302 93 53 in
1139 1302 62 53 vu

445 1346 110 58 gus.
514 1346 96 58 sed
569 1346 82 58 si
610 1346 82 58 no
651 1346 137 58 liceat
747 1346 165 58 peccatum
870 1346 165 58 occultum
994 1346 137 58 istius
1090 1346 82 58 in
1117 1346 96 58 secre

449 1395 98 49 to
498 1395 196 49 acceptum
645 1395 196 49 prodere:
792 1395 131 49 vrbs
873 1395 196 49 tradetur
1020 1395 212 49 hostibus:
1167 1395 49 49 &

455 1435 129 52 multi
541 1435 201 52 innocentes
699 1435 216 52 occidentur.
872 1435 144 52 contra
972 1435 86 52 id
1016 1435 115 52 quod
1073 1435 144 52 Prouerb.

441 1482 163 47 xxiiii.
560 1482 208 47 scribitur.
723 1482 119 47 Erue
797 1482 104 47 eos
857 1482 104 47 qui
916 1482 178 47 ducuntur
1050 1482 89 47 ad
1079 1482 134 47 mortem:

444 1528 73 49 &
474 1528 102 49 qui
532 1528 190 49 trahuntur
678 1528 87 49 ad
721 1528 190 49 interitum
867 1528 175 49 liberare
998 1528 87 49 ne
1042 1528 160 49 cesses.
1144 1528 73 49 ca-

442 1567 114 55 stae
513 1567 171 55 mulieres
641 1567 242 55 stuprabuntur:
841 1567 71 55 &
869 1567 128 55 multa
955 1567 114 55 alia
1026 1567 171 55 flagitia
1140 1567 71 55 per

445 1613 233 56 petrabuntur.
635 1613 131 56 magis
723 1613 131 56 autem
810 1613 160 56 obligor
927 1613 131 56 istis
1014 1613 190 56 periculis
1146 1613 58 56 oc

442 1661 172 46 currere,
570 1661 114 46 quam
642 1661 100 46 non
699 1661 172 46 reserare
828 1661 172 46 secretum
957 1661 143 46 istius
1057 1661 114 46 mali
1114 1661 100 46 viri.

433 1702 165 45 igitur.
553 1702 75 45 ⁋
583 1702 240 45 Respondetur.
778 1702 210 45 argumentum
944 1702 240 45 sufficienter
1124 1702 90 45 pro-

442 1749 112 50 bat,
512 1749 153 50 seruare
623 1749 167 50 secretum
749 1749 98 50 non
805 1749 112 50 esse
874 1749 84 50 de
916 1749 112 50 iure
986 1749 153 50 naturae
1097 1749 84 50 in
1125 1749 98 50 omnem

433 1792 209 53 euentum.
589 1792 139 53 immo
677 1792 157 53 nullo
781 1792 139 53 modo
868 1792 122 53 est
938 1792 244 53 praeceptum
1112 1792 105 53 quan

434 1838 94 47 do
481 1838 172 47 fortius
607 1838 188 47 vinculum
747 1838 219 47 superuenit
920 1838 94 47 ad
967 1838 203 47 oppositum
1107 1838 110 47 obli-

442 1884 178 47 gatorium.
579 1884 82 47 vt
620 1884 82 47 in
661 1884 191 47 proposito.
811 1884 68 47 &
838 1884 164 47 habetur.
961 1884 123 47 xxii.
1043 1884 109 47 qui.
1111 1884 82 47 v.
1139 1884 68 47 ca-

440 1922 109 48 Hoc
503 1922 186 48 videtur.
642 1922 93 48 si
689 1922 140 48 tamen
782 1922 155 48 possim
890 1922 217 48 persuadere
1061 1922 93 48 ei
1107 1922 93 48 vt
1138 1922 78 48 de-

455 1965 141 59 sistat
554 1965 71 59 a
582 1965 183 59 proposito
723 1965 99 59 suo
779 1965 183 59 concepto:
921 1965 141 59 teneor
1019 1965 113 59 eius
1076 1965 141 59 peccatum

447 2012 175 49 secretum
579 2012 175 49 seruare:
710 2012 102 49 nam
768 2012 102 49 sic
826 2012 131 49 aliis
914 2012 233 49 sufficienter
1089 2012 131 49 succur-

448 2057 103 53 ro:
507 2057 117 53 immo
580 2057 103 53 sic
639 2057 176 53 vtrumque
771 2057 205 53 praeceptum
932 2057 147 53 seruo.
1035 2057 103 53 sed
1094 2057 103 53 vbi
1138 2057 73 53 non

454 2100 171 56 possum:
578 2100 217 56 superiorem
748 2100 155 56 adibo,
857 2100 78 56 &
888 2100 140 56 istum
981 2100 217 56 sceleratum
1136 2100 78 56 non

440 2145 178 52 minatim
569 2145 259 52 manifestabo:
779 2145 146 52 etiam
876 2145 97 52 si
925 2145 243 52 iuteiurando
1103 2145 113 52 affir

441 2191 158 49 massem
552 2191 95 49 ei
599 2191 173 49 seruare
725 2191 142 49 omnia
819 2191 126 49 quae
898 2191 126 49 mihi
977 2191 173 49 dixerit
1087 2191 126 49 secre-

447 2234 108 48 ta:
508 2234 77 48 &
539 2234 154 48 postea
647 2234 123 48 mihi
724 2234 154 48 mentem
831 2234 123 48 suam
908 2234 92 48 de
954 2234 185 48 concepto
1078 2234 138 48 scelere

450 2279 222 49 aperuisset:
628 2279 118 49 quia
702 2279 237 49 intelligitur
894 2279 207 49 iuramentum
1056 2279 133 49 meum:
1130 2279 89 49 nisi

441 2325 183 48 fortiori
578 2325 168 48 vinculo
701 2325 168 48 obliger
823 2325 92 48 ad
869 2325 275 48 manifestandum.
1098 2325 107 48 sed
1144 2325 61 48 si

436 2364 172 53 iurarem
562 2364 94 53 ei
609 2364 125 53 post
687 2364 188 53 sceleris
828 2364 297 53 manifestationem
1078 2364 94 53 me
1109 2364 110 53 illud

452 2411 157 54 nemini
562 2411 235 54 proditurum:
750 2411 172 54 incaute
875 2411 188 54 iurarem:
1016 2411 78 54 &
1048 2411 110 54 per
1095 2411 125 54 conse-

446 2458 143 53 quens
541 2458 111 53 non
605 2458 206 53 obligater
763 2458 143 53 illud
858 2458 222 53 iuramentum
1033 2458 190 53 seruare.
1160 2458 63 53 Ex

450 2498 102 55 quo
509 2498 131 55 patet
596 2498 102 55 per
655 2498 131 55 locum
742 2498 87 55 ab
786 2498 204 55 oppositis,
946 2498 117 55 quod
1019 2498 87 55 si
1048 2498 175 55 religiosus

456 2541 133 59 sciat
545 2541 177 59 peccatum
678 2541 177 59 occultum
811 2541 163 59 fratris
929 2541 103 59 sui
988 2541 118 59 quod
1062 2541 103 59 nec
1107 2541 118 59 tendit

456 2585 81 49 n
488 2585 161 49 damnum
601 2585 210 49 corporale
762 2585 113 49 nec
827 2585 226 49 spirituale
1004 2585 194 49 aliorum:
1133 2585 81 49 non

451 2633 136 53 debet
542 2633 136 53 illud
633 2633 152 53 abbati
739 2633 136 53 etiam
830 2633 243 53 praecipienti
1027 2633 106 53 sub
1088 2633 136 53 poena
1163 2633 61 53 ex

440 2675 306 54 communicationis
697 2675 209 54 detegere.
858 2675 80 54 ⁋
890 2675 177 54 Secundo
1019 2675 209 54 arguitur.
1164 2675 64 54 si

445 2722 118 63 sim
513 2722 270 63 interrogatus
732 2722 152 63 super
833 2722 185 63 occulto
967 2722 185 63 peccato
1085 2722 135 63 Sortis

1267 312 120 74 quod
1342 312 135 74 solus
1432 312 135 74 scio,
1522 312 75 74 a
1552 312 165 74 iudice:
1673 312 75 74 &
1703 312 135 74 iurem
1793 312 150 74 dicere
1883 312 180 74 veritatem:

1264 375 166 54 teneor
1381 375 133 54 tunc
1464 375 216 54 propalare
1630 375 200 54 peccatum
1780 375 200 54 occultum
1913 375 150 54 Sortis.

1269 420 131 44 luxta
1357 420 131 44 illud
1444 420 117 44 quod
1517 420 190 44 scribitur
1663 420 190 44 Leuitici.
1809 420 88 44 v.
1853 420 88 44 Si
1882 420 175 44 peccauerit

1258 462 156 51 anima,
1368 462 78 51 &
1399 462 188 51 audierit
1540 462 141 51 vocem
1634 462 203 51 iurantis,
1790 462 203 51 testisque
1931 462 125 51 fuerit

1273 504 110 62 quod
1342 504 110 62 ipse
1411 504 138 62 vidit,
1508 504 97 62 aut
1563 504 166 62 conscius
1687 504 110 62 est,
1756 504 110 62 nisi
1825 504 207 62 indicauerit
1977 504 83 62 por-

1258 548 148 56 tabit
1356 548 247 56 iniquitatem
1553 548 148 56 suam.
1652 548 115 56 vbi
1718 548 197 56 Nicolaus
1866 548 181 56 Lyranus
1981 548 82 56 di-

1267 607 122 38 cit.
1343 607 91 38 in
1388 607 167 38 Hebraeo
1510 607 182 38 habetur.
1647 607 91 38 Si
1692 607 182 38 audierit
1829 607 137 38 vocem
1920 607 167 38 iurati:

1270 652 108 45 qua
1331 652 185 45 scilicet
1470 652 201 45 adiuratur
1625 652 154 45 dicere
1733 652 216 45 veritatem.
1903 652 77 45 ⁋
1918 652 139 45 Respon-

1264 683 136 52 detur
1354 683 136 52 sicut
1445 683 136 52 dicit
1535 683 196 52 Nicolaus:
1686 683 136 52 illic
1777 683 106 52 est
1837 683 136 52 sermo
1927 683 90 52 de
1957 683 106 52 iudi-

1263 731 113 48 cio
1328 731 227 48 exteriori:
1506 731 81 48 &
1538 731 113 48 per
1603 731 227 48 consequens
1781 731 195 48 peccatum
1927 731 113 48 non
1976 731 81 48 est

1275 772 170 49 penitus
1398 772 201 49 occultum.
1553 772 93 49 si
1599 772 124 49 enim
1676 772 108 49 sit
1738 772 185 49 peccatum
1877 772 170 49 penitus
1985 772 62 49 oc

1265 818 150 52 cultum,
1375 818 109 52 quod
1443 818 96 52 ego
1497 818 123 52 sciam
1579 818 136 52 solus:
1675 818 123 52 dicam
1757 818 136 52 iudici
1852 818 109 52 quod
1907 818 150 52 transcen-

1258 861 101 52 dit
1315 861 174 52 rationis
1446 861 159 52 limites
1562 861 130 52 talia
1649 861 203 52 quaerendo.
1808 861 72 52 &
1837 861 130 52 licet
1924 861 130 52 dicam
1996 861 58 52 me

1273 906 133 53 nihil
1362 906 133 53 super
1451 906 104 53 hoc
1510 906 148 53 scire:
1613 906 222 53 intelligens
1791 906 89 53 in
1835 906 133 53 mente
1924 906 89 53 ad
1968 906 89 53 ei
1998 906 59 53 si

1262 954 260 53 gnificandum:
1473 954 114 53 non
1538 954 146 53 pecco
1635 954 114 53 nec
1700 954 195 53 mentior:
1846 954 114 53 nec
1895 954 146 53 proprit

1274 991 140 54 fallo.
1372 991 112 54 quod
1442 991 98 54 non
1497 991 154 54 mentiar
1609 991 126 54 patet
1693 991 112 54 sic:
1763 991 126 54 solus
1847 991 112 54 ille
1902 991 140 54 mentitur

1276 1039 105 56 qui
1336 1039 120 56 vnum
1411 1039 105 56 ore
1471 1039 105 56 vel
1531 1039 165 56 scripto
1651 1039 195 56 enunciat:
1802 1039 135 56 aliud
1892 1039 150 56 habens
1982 1039 60 56 in

1275 1084 153 47 mente.
1382 1084 77 47 &
1413 1084 92 47 vt
1459 1084 138 47 vulgo
1551 1084 184 47 dicitur,
1689 1084 169 47 mentiri
1812 1084 107 47 est
1873 1084 153 47 contra
1965 1084 77 47 mem

1265 1130 99 46 tem
1321 1130 113 46 ire.
1392 1130 170 46 qualiter
1519 1130 127 46 tamen
1604 1130 99 46 hoc
1661 1130 99 46 sit
1717 1130 141 46 verum,
1816 1130 127 46 alibi
1887 1130 155 46 tangitur.

1269 1168 110 55 sed
1332 1168 126 55 ille
1411 1168 220 55 assentitur
1584 1168 142 55 sicut
1678 1168 173 55 profert
1804 1168 110 55 cum
1851 1168 205 55 expressione

1278 1212 126 61 quam
1357 1212 142 61 addit
1452 1212 95 61 in
1499 1212 158 61 mente.
1609 1212 95 61 Et
1656 1212 142 61 eodem
1751 1212 126 61 modo
1830 1212 158 61 potest
1924 1212 142 61 respon-

1272 1264 118 44 dere
1346 1264 207 44 religiosus
1508 1264 133 44 patri
1597 1264 148 44 abbati
1700 1264 192 44 quaerenti
1848 1264 89 44 in
1892 1264 118 44 casu
1951 1264 118 44 corol-

1268 1305 130 57 larii
1354 1305 87 57 in
1397 1305 115 57 fine
1470 1305 188 57 argumenti
1614 1305 231 57 praecedentis
1802 1305 159 57 illati.
1917 1305 115 57 Quia
1975 1305 72 57 non

1266 1350 149 56 fallat
1370 1350 179 56 proprie,
1505 1350 149 56 patet:
1609 1350 119 56 quia
1683 1350 164 56 fallere
1803 1350 89 56 vt
1847 1350 89 56 in
1892 1350 134 56 primo
1967 1350 89 56 dixi

1261 1393 135 52 mus,
1346 1393 271 52 deformitatem
1566 1393 220 52 importat:
1735 1393 85 52 &
1769 1393 220 52 propterea
1922 1393 135 52 dicens

1269 1438 119 54 quod
1343 1438 148 54 licite
1447 1438 148 54 dicere
1551 1438 148 54 potest
1655 1438 104 54 non
1715 1438 163 54 fallit.
1833 1438 104 54 quo
1893 1438 119 54 modo
1952 1438 104 54 Iacob

1278 1482 107 55 non
1339 1482 199 55 fefellit:
1492 1482 107 55 sed
1553 1482 138 55 pater
1644 1482 168 55 seipsum
1767 1482 199 55 fefellit.
1919 1482 76 55 ⁋
1935 1482 122 55 Tertio

1269 1528 193 46 arguitur.
1418 1528 208 46 vulgariter
1581 1528 148 46 fertur
1685 1528 267 46 excommunicatio
1908 1528 89 46 in
1937 1528 119 46 omnes.

1276 1571 117 56 qui
1343 1571 167 56 sciunt
1460 1571 268 56 impedimentum
1678 1571 251 56 affinitatis
1879 1571 117 56 vel
1929 1571 134 56 consan

1274 1618 225 55 guinitatis
1450 1618 144 55 inter
1547 1618 225 55 matrimonio
1723 1618 273 55 coniungendos:
1948 1618 96 55 vt
1996 1618 96 55 in

1272 1661 188 54 ecclesia
1414 1661 157 54 audis.
1523 1661 110 54 sed
1586 1661 188 54 interdum
1727 1661 110 54 non
1790 1661 157 54 potest
1884 1661 173 54 impedimen

1278 1702 109 50 tum
1341 1702 171 50 ostendi
1465 1702 125 50 nisi
1543 1702 202 50 detegatur
1699 1702 187 50 peccatum
1839 1702 187 50 occultum
1964 1702 93 50 for-

1276 1751 210 46 nicationis
1441 1751 150 46 sponsi
1546 1751 105 46 vel
1606 1751 165 46 sponse:
1727 1751 120 46 ergo
1802 1751 90 46 in
1847 1751 120 46 illo
1922 1751 120 46 casu
1982 1751 75 46 te-

1270 1794 124 59 neor
1347 1794 185 59 peccatum
1486 1794 185 59 occultum
1625 1794 154 59 sponsi
1733 1794 108 59 vel
1795 1794 170 59 sponsae
1903 1794 154 59 prodere-

1282 1839 86 49 ⁋
1316 1839 275 49 Respondetur.
1540 1839 103 49 si
1591 1839 155 49 sciam
1695 1839 138 49 tale
1781 1839 275 49 impedimetum,
1987 1839 69 49 de

1284 1884 102 48 beo
1343 1884 160 48 secrete
1459 1884 131 48 adire
1547 1884 131 48 illum
1634 1884 102 48 qui
1693 1884 175 48 peccatum
1824 1884 190 48 commisit:
1970 1884 73 48 &
1984 1884 73 48 di-

1279 1935 121 47 cere
1354 1935 90 47 ei
1400 1935 166 47 seorsum
1520 1935 136 47 aliis
1611 1935 166 47 insciis
1731 1935 181 47 peccatum
1867 1935 136 47 illud
1942 1935 121 47 gratia

1271 1970 142 48 cuius
1366 1970 142 48 inter
1460 1970 110 48 eum
1523 1970 79 48 &
1555 1970 158 48 Bertam
1665 1970 110 48 non
1728 1970 158 48 potest
1838 1970 126 48 esse
1901 1970 158 48 matrimo-

1275 2012 119 48 nium
1349 2012 89 48 ob
1394 2012 223 48 affinitatem
1572 2012 134 48 talem
1662 2012 104 48 vel
1721 2012 149 48 talem.
1825 2012 89 48 si
1870 2012 134 48 Berta
1944 2012 119 48 crimen

1289 2057 176 51 commisit:
1425 2057 81 51 id
1466 2057 109 51 idem
1534 2057 81 51 ei
1574 2057 81 51 in
1615 2057 149 51 secreto
1724 2057 163 51 aperiam.
1846 2057 122 51 forte
1927 2057 109 51 enim
1982 2057 81 51 ipsa

1277 2106 167 43 credit
1394 2106 134 43 quod
1478 2106 117 43 hoc
1545 2106 234 43 matrimonio
1729 2106 134 43 ante
1796 2106 267 43 dispensationem

1275 2146 110 52 non
1338 2146 204 52 repugnat.
1495 2146 126 52 quod
1573 2146 94 52 si
1621 2146 78 52 a
1652 2146 220 52 matrimonio
1825 2146 204 52 desistere
1966 2146 94 52 nolu

1282 2191 127 49 erit:
1366 2191 141 49 crimen
1465 2191 169 49 occultum
1592 2191 127 49 dicam
1677 2191 183 49 superiori
1817 2191 99 49 vel
1874 2191 113 49 illi
1944 2191 99 49 qui
1987 2191 70 49 po-

1271 2232 130 54 test
1352 2232 243 54 matrimonium
1547 2232 260 54 contrahendum
1758 2232 211 54 impedire.
1920 2232 81 54 &
1952 2232 114 54 hoc
2001 2232 65 54 si

1294 2285 161 43 probare
1412 2285 161 43 possim:
1529 2285 176 43 alioquin
1661 2285 190 43 quiescam.
1807 2285 103 43 hoc
1866 2285 132 43 autem
1953 2285 103 43 fit
1997 2285 59 43 ne

1277 2326 196 47 continuo
1424 2326 180 47 maneant
1554 2326 98 47 in
1603 2326 196 47 peccato.
1750 2326 147 47 quare
1832 2326 228 47 rationabilem

1278 2368 163 49 causam
1392 2368 146 49 habeo
1489 2368 179 49 occultu
1619 2368 195 49 peccatum
1766 2368 212 49 stantibus
1929 2368 114 49 his
1977 2368 98 49 cir-

1290 2410 238 54 runstantiis
1481 2410 222 54 detegendi:
1655 2410 95 54 vt
1703 2410 127 54 alia
1782 2410 175 54 peccata
1893 2410 175 54 impediam.

1289 2455 86 56 ⁋
1323 2455 172 56 Quarto
1444 2455 224 56 arguitur.
1616 2455 172 56 mulier
1736 2455 224 56 tenebatur
1891 2455 172 56 peccatum

1285 2494 168 65 occultum
1411 2494 196 65 xelotypiae
1565 2494 182 65 reserare:
1704 2494 84 65 vt
1746 2494 210 65 praecipitur
1914 2494 154 65 Numeri.
2012 2494 56 65 v.

1287 2540 106 62 Nam
1347 2540 106 62 cum
1408 2540 151 62 mulier
1513 2540 181 62 suspecta
1649 2540 121 62 erat
1725 2540 91 62 de
1770 2540 211 62 adulterio,
1936 2540 121 62 quod
1997 2540 75 62 non

1290 2588 169 48 poterat
1412 2588 169 48 aliunde
1535 2588 92 48 in
1581 2588 123 48 foro
1658 2588 199 48 exteriore
1811 2588 184 48 probari:
1934 2588 138 48 maritus

1288 2631 107 51 eam
1349 2631 92 51 ad
1395 2631 214 51 sacerdotem
1562 2631 183 51 adduxit:
1700 2631 183 51 offerens
1837 2631 107 51 pro
1898 2631 122 51 illa
1959 2631 107 51 deci-

1283 2678 109 44 mam
1346 2678 156 44 partem
1455 2678 124 44 sati
1532 2678 171 44 farinae
1657 2678 233 44 hordeaceae:
1844 2678 109 44 nec
1906 2678 156 44 imponi
1999 2678 78 44 de-

1288 2718 112 79 buit
1358 2718 112 79 thus
1428 2718 126 79 neque
1513 2718 141 79 oleum:
1611 2718 112 79 quia
1681 2718 211 79 sacrificium
1850 2718 197 79 xelotypiae
1991 2718 84 79 aest
