2313 3321
219 272 76 72 &
249 272 168 72 oblatio
372 272 229 72 inuestigans
555 272 229 72 adulterium:
738 272 92 72 ac
784 272 153 72 debuit
876 272 122 72 sacer-

225 335 103 51 dos
284 335 177 51 scribere
417 335 88 51 in
461 335 162 51 libello
579 335 192 51 maledicta
727 335 88 51 in
771 335 103 51 eam
830 335 88 51 si
859 335 133 51 polluta

221 377 176 58 fuisset
349 377 80 58 &
381 377 192 58 commixta
525 377 128 58 viro
605 377 176 58 alieno:
733 377 96 58 vt
781 377 208 58 putrescat
925 377 64 58 fe

227 431 112 48 mur
291 431 80 48 &
323 431 160 48 tumens
435 431 160 48 vterus
547 431 256 48 disrumpatur:
754 431 96 48 vt
802 431 112 48 sit
866 431 96 48 in
898 431 96 48 exem

221 477 128 49 plum
301 477 160 49 populo
413 477 176 49 Israel.
541 477 80 49 ⁋
573 477 256 49 Respondetur.
780 477 128 49 quia
844 477 144 49 populus

217 512 114 51 ille
288 512 185 51 quibusdam
431 512 143 51 vitiis
530 512 157 51 deditus
645 512 128 51 erat:
730 512 86 51 vt
773 512 86 51 in
816 512 185 51 proposito
944 512 57 51 mu

224 559 161 52 lierum
337 559 209 52 excessiuo
498 559 161 52 amori,
610 559 81 52 &
643 559 225 52 inordinato
804 559 193 52 homicidio:

228 604 94 49 vt
275 604 94 49 ex
322 604 156 49 variis
432 604 219 49 scripturae
604 604 141 49 locis
698 604 188 49 legimus:
823 604 172 49 propterea

217 651 120 48 deus
292 651 105 48 eis
352 651 105 48 quo
412 651 90 48 ad
457 651 150 48 aliqua
562 651 210 48 protempore
728 651 150 48 illius
833 651 135 48 legis
908 651 90 48 con-

223 696 198 45 descendit.
378 696 85 45 vt
420 696 85 45 in
463 696 183 45 proposito
604 696 85 45 ne
646 696 226 45 occiderentur
830 696 155 45 vxores:
929 696 56 45 ad

212 745 129 47 quas
292 745 225 47 occidendas
470 745 97 47 ob
518 745 161 47 amorem
631 745 242 47 inordinatum
808 745 177 47 procliues

220 788 146 43 erant:
323 788 117 43 hanc
396 788 131 43 legem
483 788 175 43 seruatam
615 788 161 43 voluit,
731 788 73 43 &
760 788 204 43 miraculose
906 788 88 43 deus

216 823 138 53 illud
308 823 185 53 peccatum
446 823 215 53 detegebat.
616 823 138 53 Nobis
708 823 138 53 autem
800 823 138 53 dedit
877 823 108 53 leges

219 870 167 47 multas,
340 870 182 47 scilicet
476 870 182 47 naturae,
613 870 121 47 quas
688 870 91 47 in
734 870 182 47 cordibus
855 870 136 47 nostris

213 912 144 47 tamquam
317 912 78 47 in
357 912 131 47 silice
448 912 170 47 sculpsit:
579 912 78 47 ac
618 912 118 47 alias
696 912 170 47 positiuas
827 912 131 47 leges:
919 912 65 47 &
945 912 78 47 in

226 953 156 55 starum
336 953 156 55 multis
445 953 250 55 dispensauit:
648 953 94 55 vt
695 953 94 55 in
741 953 203 55 homicidio
882 953 109 55 inno-

213 1004 154 50 centis
320 1004 200 50 Sansonis.
474 1004 185 50 ludicum.
613 1004 123 50 xvi.
689 1004 108 50 Sic
751 1004 92 50 in
797 1004 200 50 proposito
935 1004 62 50 de

219 1048 167 55 peccato
341 1048 107 55 hoc
401 1048 167 55 occulto
523 1048 122 55 quod
599 1048 152 55 debuit
706 1048 76 55 a
736 1048 167 55 muliere
843 1048 152 55 reserati

221 1099 172 43 muliere
346 1099 156 43 inquam
455 1099 187 43 Hebraea.
596 1099 172 43 aliarum
720 1099 125 43 enim
798 1099 187 43 nationum
923 1099 78 43 mu-

219 1135 152 45 lieres
325 1135 137 45 etiam
416 1135 122 45 illo
492 1135 167 45 tempore
614 1135 91 45 ad
660 1135 106 45 hoc
720 1135 106 45 non
766 1135 228 45 obligabantur:

213 1176 106 54 nec
273 1176 167 54 aliquae
395 1176 91 54 in
440 1176 136 54 mundo
531 1176 167 54 hodiemo
652 1176 121 54 die.
728 1176 76 54 ⁋
759 1176 121 54 Ecce
834 1176 121 54 quam
895 1176 91 54 gra-

216 1218 89 50 ue
261 1218 103 50 sit
320 1218 177 50 peccatum
452 1218 74 50 /
482 1218 177 50 occultum
615 1218 162 50 fratris
733 1218 177 50 prodere:
865 1218 118 50 nisi
924 1218 74 50 vbi

217 1265 123 55 homo
293 1265 138 55 habet
385 1265 214 55 praeceptum
554 1265 169 55 aliunde
676 1265 107 55 cui
738 1265 138 55 aliud
814 1265 184 55 praeceptum

219 1316 151 45 cedere
325 1316 151 45 debet.
430 1316 181 45 Interdum
566 1316 136 45 tamen
657 1316 106 45 non
717 1316 106 45 est
778 1316 151 45 facile
868 1316 121 45 iudica

228 1355 81 60 re
268 1355 108 60 quod
335 1355 175 60 preceptum
470 1355 135 60 alteri
564 1355 135 60 cedere
658 1355 148 60 debeat:
766 1355 189 60 nonnumquam
901 1355 94 60 faci-

210 1398 103 56 le.
269 1398 117 56 vnde
342 1398 103 56 hoc
401 1398 132 56 dico:
489 1398 117 56 quod
562 1398 176 56 vtilitas
695 1398 103 56 mea
753 1398 103 56 vel
812 1398 161 56 proximi
915 1398 73 56 non

222 1448 112 46 est
286 1448 144 46 causa
382 1448 223 46 sufficiens
557 1448 96 46 ad
605 1448 112 46 hoc
669 1448 96 46 vt
717 1448 192 46 peccatum
844 1448 160 46 occultum

216 1486 165 47 fratris
336 1486 180 47 detegam,
472 1486 120 47 quod
547 1486 150 47 probo:
652 1486 120 47 quia
727 1486 105 47 non
787 1486 135 47 licet
863 1486 135 47 auferre

209 1533 133 53 bona
293 1533 200 53 fortunae
442 1533 183 53 proximi
576 1533 100 53 ob
626 1533 133 53 meam
709 1533 117 53 vel
776 1533 183 53 proximi
892 1533 100 53 vti-

210 1577 175 48 litatem:
342 1577 117 48 ergo
414 1577 102 48 nec
473 1577 146 48 famam.
575 1577 131 48 patet
662 1577 248 48 consequentia:
866 1577 117 48 quia
924 1577 73 48 il-

220 1620 106 54 lis
280 1620 136 54 bonis
371 1620 181 54 praestat
507 1620 136 54 fama.
598 1620 212 54 antecedens
764 1620 212 54 manifestum
915 1620 76 54 est

227 1669 76 53 ex
265 1669 165 53 Augustini
392 1669 127 53 xiiii.
481 1669 101 53 qui.
544 1669 76 53 v.
582 1669 101 53 cap.
646 1669 127 53 Forte.
734 1669 63 53 &
760 1669 76 53 ex
798 1669 127 53 Grego.
887 1669 76 53 i.
925 1669 76 53 q.
950 1669 38 53 i

228 1709 125 51 cap.
306 1709 109 51 Non
369 1709 109 51 est
431 1709 187 51 putanda.
571 1709 109 51 Sed
634 1709 94 51 si
680 1709 171 51 prodere
805 1709 187 51 peccatum
930 1709 62 51 oc

220 1753 145 53 cultum
322 1753 160 53 fratris
439 1753 102 53 sit
497 1753 218 53 necessarium
671 1753 102 53 pro
729 1753 145 53 salute
817 1753 174 53 spirituali

219 1801 105 55 vel
279 1801 194 55 corporali
428 1801 165 55 aliorum
548 1801 224 55 innocentum:
728 1801 90 55 ne
773 1801 165 55 iniuste
877 1801 120 55 oppri-

219 1847 165 51 mantur:
339 1847 150 51 possum
444 1847 135 51 illud
534 1847 195 51 reserare:
685 1847 90 51 vt
730 1847 90 51 in
775 1847 195 51 solutione
910 1847 90 51 pri-

223 1885 91 49 mi
268 1885 182 49 diximus.
405 1885 182 49 Vlterius
541 1885 91 49 ex
586 1885 151 49 dictis
692 1885 91 49 in
738 1885 106 49 xv.
783 1885 212 49 distinctione

219 1932 226 53 quaestione.
400 1932 121 53 xvi.
475 1932 196 53 sequitur.
626 1932 90 53 si
671 1932 151 53 socius
777 1932 121 53 meus
852 1932 75 53 &
882 1932 106 53 ego
928 1932 60 53 im

226 1978 203 43 posuimus
379 1978 153 43 Sorti
480 1978 187 43 aliquod
616 1978 170 43 falsum
735 1978 187 43 crimen:
853 1978 136 43 teneor

217 2021 126 59 illud
301 2021 168 59 reuelare
427 2021 210 59 restituendo
595 2021 126 59 Sorti
680 2021 112 59 suam
750 2021 140 59 famam:
848 2021 70 59 &
876 2021 98 59 per
918 2021 70 59 con

211 2061 167 53 sequens
332 2061 151 53 reuelo
438 2061 182 53 occultum
574 2061 182 53 peccatum
710 2061 197 53 complicis
862 2061 121 53 mei.
922 2061 76 53 ni-

215 2110 128 48 mirum
300 2110 171 48 proprium
428 2110 128 48 etiam
514 2110 142 48 pando.
613 2110 185 48 Praeterea
755 2110 185 48 sequitur.
898 2110 85 48 si
926 2110 57 48 so

220 2152 105 45 lus
280 2152 135 45 sciam
370 2152 150 45 Sortem
474 2152 135 45 equum
564 2152 224 45 abstulisse:
744 2152 120 45 quod
818 2152 165 45 Platoni
923 2152 75 45 im-

219 2204 176 48 ponitur:
351 2204 73 48 &
380 2204 117 48 quod
454 2204 190 48 occidetur
600 2204 117 48 nisi
673 2204 176 48 peccatum
805 2204 176 48 occultum
922 2204 73 48 Sor

217 2240 107 51 tis
278 2240 183 51 detegam:
415 2240 137 51 debeo
506 2240 137 51 illud
598 2240 244 51 manifestare:
796 2240 91 51 vt
842 2240 137 51 vitam
918 2240 76 51 in-

222 2285 190 47 nocentis
365 2285 79 47 &
396 2285 143 47 famam
491 2285 206 47 protegam.
650 2285 111 47 sic
713 2285 127 47 enim
792 2285 158 47 Daniel
887 2285 111 47 vitam

226 2331 177 47 Susannae
359 2331 191 47 seruauit:
506 2331 177 47 occultum
639 2331 147 47 crimen
742 2331 206 47 sacerdotum
889 2331 103 47 reue-

216 2374 147 54 lando.
319 2374 191 54 Danielis.
466 2374 132 54 xiii.
554 2374 132 54 ratio
642 2374 118 54 est.
716 2374 118 54 quia
789 2374 118 54 plus
848 2374 147 54 ponderam

221 2418 85 45 da
263 2418 100 45 est
320 2418 199 45 innocentis
477 2418 128 45 vita:
562 2418 100 45 vel
619 2418 128 45 etiam
704 2418 114 45 bona
776 2418 128 45 fama,
861 2418 114 45 quam
918 2418 71 45 no-

214 2465 153 47 centis.
325 2465 83 47 In
367 2465 125 47 super
450 2465 181 47 contingit
589 2465 111 47 dare
659 2465 167 47 occultum
784 2465 194 47 peccatorem
923 2465 69 47 fa-

219 2505 93 55 ma
265 2505 201 55 indignum:
420 2505 139 55 cuius
512 2505 139 55 tamen
605 2505 170 55 peccata
729 2505 93 55 si
775 2505 186 55 detegam:
899 2505 93 55 iniu

218 2552 109 43 ste
281 2552 124 43 ago.
358 2552 93 43 vt
405 2552 186 43 occultus
544 2552 217 43 haereticus
715 2552 109 43 est
777 2552 155 43 dignus
885 2552 109 43 qui
932 2552 62 43 bo

221 2595 88 55 na
265 2595 162 55 perdat:
383 2595 74 55 &
412 2595 132 55 tamen
501 2595 103 55 non
560 2595 147 55 possum
662 2595 118 55 ante
736 2595 206 55 sententiam
883 2595 103 55 datam

209 2642 78 46 &
241 2642 280 46 publicationem,
473 2642 124 46 eius
551 2642 124 46 bona
629 2642 186 46 auferre.
769 2642 186 46 Sequitur
893 2642 93 46 prae

224 2686 124 57 terea
307 2686 83 57 ex
348 2686 179 57 solutione
486 2686 83 57 ad
527 2686 151 57 primum:
637 2686 110 57 quod
706 2686 83 57 si
747 2686 96 57 sit
802 2686 110 57 vnus
871 2686 96 57 vel
912 2686 83 57 plu

162 3194 156 66 a

1060 283 102 64 res
1119 283 131 64 fures
1206 283 102 64 vel
1264 283 174 64 latrones
1394 283 261 64 incorrigibiles
1612 283 73 64 /
1641 283 145 64 possum
1728 283 102 64 eorum

1060 335 139 53 furta
1152 335 77 53 &
1183 335 216 53 latrocinia
1353 335 170 53 occulta
1477 335 185 53 reuelare
1616 335 93 53 vt
1647 335 185 53 innocentum

1069 383 124 52 vitas
1152 383 180 52 protegam.
1290 383 124 52 secus
1373 383 83 52 si
1415 383 111 52 sint
1484 383 235 52 corrigibiles:
1677 383 97 52 vel
1719 383 124 52 constet

1059 427 91 45 de
1104 427 243 45 correctione:
1301 427 121 45 nisi
1377 427 182 45 speciali
1514 427 152 45 ordine
1620 427 136 45 iuris
1696 427 136 45 seruato

1057 468 94 65 de
1104 468 140 65 illis
1198 468 234 65 specialiter
1385 468 78 65 &
1416 468 203 65 nominatim
1572 468 234 65 interroger:
1743 468 94 65 quia

1053 516 103 62 iam
1112 516 147 62 teneor
1215 516 191 62 veritatem
1362 516 162 62 dicere.
1480 516 147 62 Vltimo
1583 516 162 62 notadum
1701 516 103 62 est
1745 516 88 62 quod

1056 556 123 64 homo
1132 556 169 64 tenetur
1255 556 169 64 seruare
1378 556 138 64 famam
1470 556 184 64 personae
1608 556 107 64 cum
1669 556 107 64 qua
1715 556 123 64 pecca-

1060 603 110 54 uit:
1129 603 110 54 nisi
1198 603 138 54 illius
1295 603 165 54 personae
1419 603 165 54 detectio
1543 603 193 54 requiratur
1694 603 83 54 ad
1722 603 124 54 peccati

1078 648 141 61 roprii
1177 648 240 61 confessionem.
1374 648 127 61 Ratio
1459 648 113 61 est:
1529 648 99 61 nam
1585 648 169 61 alioquin
1698 648 127 61 reuela-

1049 697 118 66 bit
1116 697 134 66 sine
1200 697 252 66 necessitate
1402 697 202 66 peccatum
1553 697 202 66 occultum
1688 697 151 66 proximi

1052 733 143 60 quod
1141 733 125 60 est
1195 733 178 60 vetitum.

1073 779 115 107 ⁋
1119 779 392 107 Distinctionis
1442 779 254 107 Vigesim
1603 779 231 107 aeprimae

1246 863 276 91 Quaestio
1430 863 207 91 Tertia.

1312 930 156 81 cuam
1410 930 176 81 Ertio
1528 930 176 81 circa
1645 930 156 81 hanc
1723 930 98 81 di-

1387 993 207 65 stinctionem
1553 993 193 65 quaeritur:
1704 993 83 65 an
1732 993 96 65 sacer

1390 1041 107 57 dos
1451 1041 183 57 teneatur
1588 1041 153 57 celare
1680 1041 153 57 peccatum

1389 1085 119 61 sibi
1463 1085 89 61 in
1508 1085 223 61 confessione
1672 1085 163 61 detectum.

1339 1108 112 83 Aa⁋
1403 1108 240 83 Respondetur
1595 1108 96 83 ad
1627 1108 208 83 quaestionem

1370 1167 238 69 laffirmatiue.
1566 1167 168 69 probatur
1692 1167 112 69 sic.
1748 1167 84 69 omne

1369 1209 176 60 lsecretum
1505 1209 81 60 de
1545 1209 203 60 necessitate
1707 1209 95 60 est
1748 1209 81 60 ser-

1052 1262 172 59 uandum:
1177 1262 109 59 sed
1240 1262 125 59 omne
1317 1262 187 59 peccatum
1458 1262 94 59 in
1505 1262 172 59 sigillo
1614 1262 218 59 confessionis

1062 1308 176 53 detectum
1195 1308 103 53 est
1253 1308 191 53 secretum:
1400 1308 118 53 ergo
1474 1308 118 53 omne
1547 1308 118 53 tale
1621 1308 103 53 est
1665 1308 176 53 seruandum.

1055 1355 193 51 antecedens
1207 1355 124 51 patet
1290 1355 83 51 ex
1332 1355 193 51 quaestione
1484 1355 221 51 praecedenti.
1663 1355 69 51 &
1677 1355 152 51 consequen

1055 1396 99 52 tia
1112 1396 99 52 est
1168 1396 85 52 in
1211 1396 170 52 barbara.
1338 1396 156 52 Secundo
1452 1396 170 52 probatur
1579 1396 128 52 idem:
1664 1396 113 52 quia
1735 1396 128 52 illud

1056 1445 108 53 est
1117 1445 93 53 de
1164 1445 123 53 iure
1241 1445 185 53 naturae,
1379 1445 170 53 diuino,
1503 1445 77 53 &
1534 1445 154 53 humano
1626 1445 216 53 strictissime

1068 1491 218 52 prohibitum:
1243 1491 116 52 ergo
1316 1491 102 52 est
1374 1491 87 52 ad
1417 1491 145 52 vnguem
1519 1491 204 52 seruandum.
1679 1491 87 52 de
1723 1491 116 52 iure
1781 1491 58 52 na

1059 1532 120 54 turae
1139 1532 147 54 constat
1246 1532 80 54 ex
1286 1532 187 54 quaestione
1433 1532 214 54 praecedenti.
1607 1532 67 54 &
1633 1532 80 54 de
1674 1532 107 54 iure
1727 1532 107 54 diuino

1066 1579 138 48 vltra
1158 1579 138 48 legem
1250 1579 169 48 naturae
1373 1579 154 48 patet:
1481 1579 123 48 quia
1558 1579 185 48 alioquin
1681 1579 154 48 eneruare

1059 1620 103 48 tur
1118 1620 205 48 praeceptum
1279 1620 161 48 diuinum
1397 1620 88 48 de
1441 1620 220 48 confessione
1617 1620 191 48 facienda.
1749 1620 88 48 quis

1060 1675 147 47 quaeso
1163 1675 117 47 ille
1236 1675 103 47 est
1295 1675 103 47 qui
1354 1675 88 47 si
1398 1675 147 47 sciret
1501 1675 117 47 suum
1574 1675 176 47 peccatum
1691 1675 147 47 occultum

1066 1713 154 51 popriae
1178 1713 126 51 famae
1262 1713 223 51 denigratiuum
1443 1713 195 51 detegendum
1597 1713 70 51 /
1625 1713 84 51 id
1666 1713 140 51 alteri
1750 1713 84 51 rese

1059 1753 149 60 raret:
1164 1753 90 60 De
1208 1753 194 60 praecepto
1358 1753 134 60 autem
1447 1753 149 60 humano
1551 1753 134 60 patet
1641 1753 90 60 de
1671 1753 164 60 poenitem.

1054 1801 78 54 &
1086 1801 156 54 remis.
1194 1801 124 54 cap.
1272 1801 140 54 Omnis
1365 1801 202 54 vtriusque
1521 1801 156 54 sexus.
1630 1801 109 54 vbi
1692 1801 93 54 de
1723 1801 109 54 sacer

1055 1844 134 49 dote
1139 1844 200 49 dicitur.
1289 1844 167 49 Caueat
1406 1844 150 49 autem
1506 1844 167 49 omnino
1623 1844 200 49 sacerdos
1756 1844 67 49 ne

1049 1888 155 53 verbo
1152 1888 121 53 aut
1221 1888 155 53 signo
1325 1888 121 53 aut
1394 1888 138 53 alio
1480 1888 172 53 quouis
1601 1888 138 53 modo
1670 1888 172 53 aliquate

1050 1934 107 54 nus
1111 1934 153 54 prodat
1218 1934 230 54 peccatorem.
1402 1934 107 54 Sed
1463 1934 92 54 si
1509 1934 245 54 prudentioris
1693 1934 138 54 cosilio

1045 1978 228 51 indiguerit:
1227 1978 137 51 illud
1318 1978 152 51 absque
1425 1978 122 51 vlla
1501 1978 228 51 expressione
1668 1978 167 51 personae.

1061 2023 125 49 caute
1144 2023 180 49 requirat:
1283 2023 152 49 quoniam
1394 2023 97 49 qui
1449 2023 152 49 peccatu
1560 2023 83 49 in
1601 2023 236 49 poenitentiali
1782 2023 55 49 iu

1058 2061 130 53 dicio
1144 2061 115 53 sibi
1216 2061 173 53 detectum
1346 2061 245 53 praesumpserit
1547 2061 187 53 reuelare:
1691 2061 101 53 non
1734 2061 101 53 solum

1054 2110 75 48 a
1084 2110 226 48 sacerdotali
1265 2110 166 48 officio
1385 2110 211 48 deponendum
1551 2110 211 48 decernimus
1717 2110 75 48 /
1732 2110 105 48 verum

1045 2152 138 50 etiam
1137 2152 92 50 ad
1183 2152 169 50 agendam
1306 2152 200 50 perpetuam
1460 2152 261 50 poenitentiam,
1675 2152 92 50 in
1706 2152 123 50 arctum

1053 2197 235 48 monasterium
1241 2197 250 48 detrudendum.
1445 2197 125 48 Tunc
1523 2197 125 48 sic.
1601 2197 188 48 peccatum
1726 2197 94 48 quam

1051 2243 90 54 to
1096 2243 179 54 pluribus
1230 2243 269 54 deformitatibus
1454 2243 105 54 est
1514 2243 209 54 inuolutum:
1679 2243 134 54 tanto
1753 2243 75 54 est

1064 2287 141 47 peius.
1163 2287 99 47 sed
1219 2287 169 47 sigillum
1346 2287 226 47 confessionis
1530 2287 169 47 aperiens
1657 2287 127 47 illis
1727 2287 99 47 defor

1054 2324 189 66 mitatibus
1200 2324 218 66 inuoluitur.
1374 2324 160 66 igitur.
1490 2324 174 66 Peccatum
1620 2324 145 66 namque
1722 2324 87 66 in
1751 2324 87 66 con-

1062 2371 180 53 fessione
1197 2371 165 53 auditum
1317 2371 180 53 reuelare
1452 2371 135 53 nedum
1541 2371 105 53 est
1601 2371 195 53 peccatum:
1751 2371 105 53 sed

1053 2424 161 48 grande
1166 2424 145 48 valde
1263 2424 81 48 &
1295 2424 226 48 insolitum:
1473 2424 178 48 hominum
1602 2424 81 48 a
1634 2424 129 48 lege
1699 2424 129 48 diuina

1050 2462 94 50 de
1097 2462 235 50 confessione
1285 2462 188 50 facienda
1426 2462 78 50 /
1457 2462 156 50 maxime
1567 2462 250 50 impeditiuum.
1754 2462 63 50 Ex

1056 2507 110 58 quo
1119 2507 141 58 patet
1213 2507 141 58 longe
1307 2507 141 58 maius
1401 2507 126 58 esse
1480 2507 188 58 peccatum
1605 2507 220 58 contrauenien

1055 2553 81 49 do
1095 2553 148 49 sigillo
1203 2553 215 49 confessionis
1378 2553 108 49 quam
1445 2553 148 49 sigillo
1553 2553 148 49 secreti
1660 2553 108 49 nudi
1728 2553 67 49 /
1741 2553 81 49 siue

1052 2604 101 48 non
1109 2604 245 48 confessionis.
1311 2604 144 48 Potest
1412 2604 130 48 tamen
1499 2604 173 48 sacerdos
1629 2604 159 48 dicere:
1729 2604 87 48 hunc

1052 2644 105 51 vel
1112 2644 135 51 illum
1202 2644 90 51 in
1247 2644 225 51 confessione
1427 2644 165 51 audiui,
1546 2644 105 51 non
1606 2644 195 51 nominando
1741 2644 90 51 eius

1051 2687 156 58 peccata
1165 2687 85 58 in
1207 2687 185 58 speciali.
1350 2687 100 58 vel
1406 2687 142 58 dicere
1506 2687 156 58 potest.
1620 2687 142 58 audiui
1719 2687 85 58 a.
1748 2687 71 58 pec

1499 2729 190 65 ii
