2366 3321
313 318 129 72 quare
398 318 214 72 licentiando
570 318 114 72 iuri
641 318 100 72 suo
698 318 114 72 quis
770 318 200 72 renunciare
927 318 143 72 possit
1013 318 71 72 quo

317 383 78 43 ad
356 383 155 43 sigillum
472 383 155 43 secreti:
589 383 104 43 quin
654 383 104 43 idem
718 383 91 43 sit
770 383 78 43 de
809 383 142 43 sigillo
900 383 194 43 confessionis.

319 420 139 55 Falsum
416 420 97 55 est
472 420 111 55 enim
541 420 139 55 primum
639 420 139 55 dictum
736 420 125 55 eius:
819 420 111 55 quod
889 420 153 55 celatio
986 420 111 55 secre-

302 465 84 45 ti
344 465 84 45 in
386 465 210 45 confessione
554 465 98 45 est
610 465 126 45 primo
694 465 70 45 &
721 465 98 45 per
777 465 84 45 se
819 465 84 45 in
861 465 154 45 fauorem
959 465 126 45 priuaro

310 509 113 46 rum:
381 509 113 46 immo
451 509 99 46 est
508 509 127 46 primo
592 509 71 46 &
621 509 99 46 per
677 509 85 46 se
720 509 85 46 in
762 509 155 46 fauorem
875 509 141 46 totius
960 509 127 46 reipub.

309 556 92 42 seu
361 556 184 42 conitatis.
506 556 79 42 In
546 556 118 42 super
625 556 118 42 illud
704 556 92 42 est
756 556 79 42 de
796 556 105 42 iure
861 556 145 42 naturae
967 556 66 42 /
980 556 105 42 diuino

312 598 75 46 &
342 598 166 46 humano.
463 598 121 46 quod
538 598 106 46 non
598 598 166 46 putatur
719 598 75 46 a
749 598 151 46 multis
855 598 181 46 eruditis
975 598 106 46 viris

311 643 83 47 de
353 643 152 47 iudicio
463 643 207 47 clericorum:
629 643 83 47 vt
670 643 83 47 in
712 643 97 47 vna
767 643 180 47 solutione
905 643 152 47 dominus
1002 643 83 47 Duns

314 687 112 54 enet
384 687 98 54 in.
440 687 126 54 xiii.
523 687 126 54 dist.
607 687 126 54 iiii.
691 687 70 54 &
719 687 140 54 Ocltam
817 687 84 54 in
859 687 168 54 dialogo.
984 687 98 54 sed
1026 687 56 54 de

309 736 110 54 hoc
372 736 157 54 alias.
482 736 188 54 Secundum
622 736 141 54 etiam
716 736 172 54 motiuum
842 736 125 54 eius
920 736 141 54 minus
998 736 94 54 appa

314 775 103 52 tens
378 775 103 52 est.
442 775 90 52 nam
494 775 205 52 consequentia
661 775 115 52 nihil
738 775 128 52 valet:
827 775 167 52 strictius
956 775 103 52 enim
1007 775 77 52 obli

305 817 93 54 gat
358 817 160 54 sigillum
478 817 213 54 confessionis
651 817 107 54 quam
718 817 160 54 sigillum
838 817 147 54 secreti
945 817 133 54 nudum:
1025 817 53 54 vt

306 863 118 54 ipse
380 863 118 54 bene
454 863 192 54 concedit.
602 863 163 54 Secundo
720 863 118 54 nego
794 863 222 54 antecedens.
972 863 103 54 nam
1016 863 59 54 si

303 908 119 49 dixi
377 908 89 49 in
422 908 163 49 secreto
541 908 134 49 Sorti
630 908 178 49 peccatum
764 908 119 49 ncum
838 908 134 49 extra
913 908 163 49 confessio

303 955 112 46 nem
367 955 144 46 famae
463 955 128 46 meae
542 955 271 46 denigratiuum:
766 955 80 46 &
798 955 192 46 tyrannus
941 955 144 46 cogat
1021 955 64 46 me

302 1001 127 46 dare
381 1001 95 46 ei
429 1001 222 46 facultatem
603 1001 222 46 reserandi:
778 1001 111 46 vel
841 1001 95 46 si
889 1001 174 46 egoipse
1000 1001 79 46 mea

298 1040 144 52 sponte
398 1040 101 52 eum
456 1040 86 52 ad
499 1040 101 52 hoc
556 1040 144 52 rogem:
657 1040 144 52 dicere
757 1040 101 52 non
815 1040 144 52 debet:
915 1040 101 52 sed
972 1040 86 52 me
1001 1040 72 52 per

309 1089 152 54 mittet
415 1089 152 54 dicere
522 1089 91 54 si
568 1089 152 54 velim.
674 1089 107 54 Sed
735 1089 152 54 dicis.
841 1089 183 54 tyrannus
963 1089 122 54 potest

300 1132 151 49 cogere
405 1132 226 49 confitentem
586 1132 151 49 dicere
692 1132 196 49 sacerdoti
843 1132 181 49 peccatum
978 1132 90 49 ex
1009 1132 75 49 tra

301 1175 238 49 confessionem
495 1175 119 49 quod
569 1175 164 49 audiuit
689 1175 89 49 in
733 1175 238 49 confessione.
927 1175 104 49 hoc
987 1175 134 49 nego.

300 1225 103 44 cum
359 1225 118 44 enim
433 1225 192 44 poenitens
580 1225 103 44 non
639 1225 177 44 fateatur
772 1225 118 44 suum
845 1225 177 44 peccatum
963 1225 118 44 occul-

314 1263 83 45 um
356 1263 125 45 coram
439 1263 167 45 tyranno:
564 1263 167 45 indicium
690 1263 97 45 est
745 1263 125 45 etiam
829 1263 111 45 quod
898 1263 97 45 non
940 1263 139 45 propala-

311 1309 99 43 bit
367 1309 127 43 ipsum
452 1309 183 43 sacerdoti
592 1309 127 43 extra
677 1309 225 43 confessione.
860 1309 84 43 Et
902 1309 127 43 licet
972 1309 113 43 sacer-

300 1353 104 55 dos
360 1353 179 55 reuelans
494 1353 238 55 confassionem
688 1353 134 55 vltra
777 1353 134 55 graue
866 1353 179 55 peccatum
986 1353 89 55 quod

307 1401 189 47 committit:
455 1401 135 47 debeat
549 1401 135 47 puniri
643 1401 162 47 secundum
765 1401 135 47 poenam
859 1401 162 47 statutam
980 1401 81 47 in
1007 1401 81 47 cap.

302 1439 157 53 Omnis.
412 1439 141 53 tamen
506 1439 94 53 si
553 1439 172 53 aliquis
678 1439 157 53 laicus
788 1439 125 53 tale
866 1439 188 53 peccatum
1007 1439 78 53 a
1022 1439 63 53 sa

303 1480 163 52 cerdote
422 1480 163 52 audiat,
541 1480 104 52 vel
600 1480 89 52 in
645 1480 223 52 confessione
823 1480 193 52 inopinate
972 1480 104 52 vel
1017 1480 59 52 ex

303 1527 211 56 industria,
468 1527 105 56 vel
529 1527 165 56 aliter,
649 1527 105 56 non
709 1527 105 56 est
769 1527 105 56 hac
829 1527 135 56 poena
905 1527 180 56 puniendus:

309 1573 108 46 sed
370 1573 169 46 tenetur
493 1573 169 46 seruare
617 1573 185 46 secretum
755 1573 108 46 sub
817 1573 139 46 poena
910 1573 154 46 maximi
1002 1573 77 46 pec

297 1624 121 48 cati
372 1624 196 48 mortalis.
523 1624 75 48 &
554 1624 91 48 si
599 1624 151 48 Sortes
705 1624 136 48 illud
795 1624 181 48 peccatum
931 1624 136 48 dicat
1007 1624 75 48 Pla

310 1662 136 52 toni,
401 1662 76 52 &
431 1662 136 52 Plato
522 1662 197 52 Ciceroni,
673 1662 76 52 &
704 1662 151 52 Cicero
809 1662 167 52 loanni,
931 1662 76 52 &
961 1662 106 52 sic
1006 1662 76 52 mil

307 1705 82 46 le
348 1705 136 46 aliis:
444 1705 164 46 quilibet
566 1705 150 46 tenetur
675 1705 123 46 illud
757 1705 150 46 seruare
866 1705 177 46 secretum:
989 1705 95 46 licet

300 1753 102 49 non
359 1753 160 49 possint
475 1753 131 49 poena
563 1753 102 49 ca.
621 1753 146 49 Omnis,
723 1753 160 49 puniri:
840 1753 102 49 sed
898 1753 146 49 aliqua
986 1753 87 49 alia

311 1795 189 45 arbitraria
459 1795 162 45 secundum
580 1795 215 45 discretionem
755 1795 121 45 eorum
836 1795 81 45 ad
876 1795 108 45 quos
930 1795 148 45 pertinet:

309 1837 79 46 &
341 1837 142 46 debet
436 1837 127 46 esse
515 1837 158 46 multum
625 1837 158 46 grauis
736 1837 95 46 vt
784 1837 190 46 caeteris
926 1837 95 46 ad
958 1837 127 46 multos

306 1884 140 62 dies
394 1884 158 62 cedat
499 1884 105 62 in
534 1884 193 62 exemplum.

333 1929 213 96 Quarto
482 1929 277 96 arguitur.
696 1929 234 96 ponatur
866 1929 170 96 quod
951 1929 128 96 ali-

320 2009 115 58 iuis
392 2009 129 58 dicat
478 2009 86 58 se
521 2009 173 58 facturum
650 2009 129 58 multa
737 2009 129 58 mala:
823 2009 129 58 illud
909 2009 129 58 licet
981 2009 101 58 reue-

299 2054 123 46 lare,
381 2054 109 46 quia
449 2054 95 46 non
504 2054 95 46 est
558 2054 136 46 dictum
654 2054 82 46 in
695 2054 109 46 foro
763 2054 245 46 poenitentiali.
953 2054 123 46 Simili-

299 2099 99 45 ter
356 2099 85 45 si
398 2099 113 45 quis
469 2099 128 45 dicat
554 2099 85 45 se
597 2099 213 45 haereticum:
767 2099 71 45 &
795 2099 113 45 quod
866 2099 128 45 alios
937 2099 142 45 intendat

290 2144 191 54 inficere:
437 2144 118 54 nemo
511 2144 162 54 tenetur
629 2144 132 54 illud
717 2144 162 54 celare,
835 2144 118 54 quia
894 2144 191 54 astringitur

301 2194 85 50 ad
343 2194 184 50 oppositum
485 2194 170 50 fortiori
612 2194 170 50 vinculo,
739 2194 85 50 vt
781 2194 85 50 in
824 2194 198 50 quaestione
965 2194 113 50 praece

311 2233 147 49 denti
409 2233 196 49 diximus.
556 2233 212 49 Respondet
719 2233 261 49 Innocentius,
931 2233 82 49 &
947 2233 131 49 Panor.

305 2280 86 56 in
348 2280 100 56 ca.
405 2280 143 56 Omnis.
505 2280 86 56 de
548 2280 186 56 poenitem.
692 2280 72 56 &
720 2280 143 56 remis.
820 2280 215 56 insequitur,
978 2280 86 56 quod

298 2323 178 51 sacerdos
432 2323 119 51 tale
506 2323 148 51 crimen
610 2323 89 51 in
654 2323 223 51 confessione
833 2323 163 51 auditum
936 2323 134 51 potest:

313 2366 196 60 propalare.
467 2366 98 60 sed
523 2366 98 60 hoc
579 2366 98 60 est
635 2366 112 60 male
705 2366 154 60 dictum.
816 2366 98 60 nam
872 2366 98 60 sic
914 2366 168 60 aperitetur

304 2413 123 48 aliis
386 2413 96 48 via
441 2413 150 48 dicendi
550 2413 82 48 se
591 2413 123 48 talem
673 2413 123 48 casum
755 2413 178 48 audiuisse
891 2413 68 48 /
905 2413 164 48 asserturis

304 2452 114 52 quod
375 2452 156 52 volebat
488 2452 184 52 confitens
630 2452 128 52 malum
715 2452 156 52 facere:
829 2452 71 52 &
857 2452 99 52 per
900 2452 170 52 consequens

298 2498 160 54 liberum
415 2498 131 54 esset
502 2498 102 54 eis
560 2498 160 54 peccata
677 2498 160 54 secreta
793 2498 175 54 alterius
910 2498 160 54 detegere:

300 2545 73 50 &
330 2545 247 50 retraherentur
533 2545 102 50 per
591 2545 102 50 hoc
649 2545 160 50 homines
765 2545 73 50 a
794 2545 232 50 confessione.
968 2545 102 50 sicut

296 2590 176 53 populus
424 2590 160 53 Israel
537 2590 176 53 propter
665 2590 193 53 peccatum
809 2590 144 53 Ophni
906 2590 80 53 &
922 2590 144 53 Phinees

299 2631 231 59 retrahebatur
486 2631 72 59 a
515 2631 130 59 lege.
602 2631 87 59 i.
645 2631 144 59 Regum.
746 2631 101 59 ii.
804 2631 130 59 Fodem
891 2631 116 59 modo
963 2631 87 59 de
992 2631 72 59 hae

301 2679 127 47 resi.
386 2679 127 47 huius
470 2679 113 47 enim
541 2679 169 47 carminis
668 2679 141 47 iniqua
767 2679 71 47 &
795 2679 183 47 diabolica
936 2679 99 47 est
978 2679 85 47 sen-

298 2723 157 53 tentia.
412 2723 171 53 Haeresis
541 2723 100 53 est
598 2723 143 53 crimen
698 2723 114 53 quod
769 2723 100 53 nec
826 2723 186 53 confessio
955 2723 114 53 celat.

1151 324 130 63 quia
1232 324 162 63 nullum
1345 324 194 63 peccatum
1491 324 97 63 in
1539 324 243 63 confessione
1734 324 178 63 auditum
1847 324 81 63 est

1149 385 193 49 dicendum:
1298 385 119 49 siue
1372 385 193 49 confitens
1521 385 193 49 poeniteat
1669 385 119 49 siue
1744 385 119 49 non:
1818 385 104 49 nec
1878 385 89 49 in

1156 428 136 41 vita:
1247 428 106 41 nec
1307 428 121 41 quod
1383 428 166 41 amplius
1504 428 106 41 est
1564 428 76 41 /
1594 428 91 41 in
1640 428 151 41 morte:
1746 428 121 41 quia
1806 428 121 41 mortuo

1150 465 74 52 &
1180 465 118 52 suis
1253 465 162 52 infamia
1371 465 235 52 obiiceretur.
1562 465 132 52 multi
1650 465 147 52 namque
1753 465 132 52 multa
1827 465 103 52 egre-

1164 510 92 54 gia
1216 510 66 54 &
1243 510 170 54 praeclara
1374 510 157 54 faciunt,
1491 510 144 54 allecti
1596 510 118 54 etiam
1675 510 131 54 gloria
1767 510 131 54 mortem
1845 510 92 54 secu-

1148 557 128 46 tura:
1233 557 128 46 licet
1319 557 142 46 gloria
1418 557 100 46 non
1475 557 100 46 sit
1532 557 128 46 finis
1618 557 171 46 vltimus:
1746 557 100 46 sed
1803 557 128 46 deus.
1874 557 57 46 id

1139 602 143 46 circo
1234 602 175 46 homines
1361 602 95 46 ab
1409 602 175 46 infamia
1536 602 143 46 etiam
1631 602 127 46 post
1711 602 159 46 mortem
1806 602 127 46 procul

1149 650 107 53 esse
1216 650 161 53 student.
1336 650 81 53 vt
1377 650 148 53 habetur
1484 650 81 53 ex
1524 650 107 53 cap.
1591 650 174 53 Perlatum.
1726 650 81 53 de
1766 650 94 53 his
1820 650 107 53 quam
1873 650 54 53 vt

1141 691 103 49 me.
1200 691 88 49 ve
1244 691 118 49 cau.
1318 691 103 49 fi.
1377 691 118 49 ergo
1451 691 88 49 si
1495 691 162 49 liceret
1613 691 118 49 post
1686 691 147 49 mortem
1775 691 147 49 peccatum

1145 733 172 50 occultum
1274 733 187 50 reserare:
1417 733 158 50 homines
1532 733 244 50 retraherentur
1733 733 72 50 a
1747 733 187 50 confessione

1144 783 170 45 complete
1271 783 170 45 facienda
1398 783 85 45 in
1441 783 127 45 vita.
1525 783 99 45 Sed
1582 783 99 45 vbi
1638 783 184 45 confitens
1765 783 170 45 confessori

1143 825 247 53 restitutionem
1347 825 218 53 relinqueret
1521 825 160 53 inmorte
1637 825 116 53 suis
1709 825 160 53 liberis
1811 825 116 53 facien

1144 871 115 50 dam:
1216 871 101 50 est
1273 871 217 50 difficultas
1447 871 87 50 an
1490 871 188 50 confessor
1634 871 144 50 posset
1735 871 130 50 illud
1808 871 115 50 haere-

1139 908 129 59 dibus
1224 908 229 59 significare.
1410 908 129 59 licet
1496 908 114 59 enim
1568 908 200 59 restituere
1725 908 100 59 non
1782 908 100 59 sit
1825 908 100 59 pecca

1150 960 110 51 tum:
1219 960 97 51 per
1274 960 97 51 hoc
1330 960 124 51 tamen
1412 960 193 51 deuenirent
1564 960 110 51 alii
1633 960 83 51 in
1675 960 166 51 notitiam
1785 960 138 51 peccati.

1153 998 123 50 Credo
1235 998 109 50 quod
1304 998 82 50 in
1345 998 164 50 generali
1468 998 137 50 potest
1564 998 96 50 eis
1618 998 150 50 dicere,
1728 998 191 50 restituite
1864 998 55 50 ta

1150 1043 97 57 lia
1205 1043 83 57 si
1247 1043 166 57 defuncti
1371 1043 138 57 animam
1468 1043 193 57 diligitis,
1619 1043 97 57 non
1675 1043 110 57 quod
1744 1043 166 57 haeredes
1854 1043 69 57 pos

1144 1085 114 55 sint
1215 1085 142 55 animam
1315 1085 114 55 eius
1386 1085 85 55 ab
1429 1085 142 55 infemo
1528 1085 157 55 tollere
1642 1085 100 55 vel
1699 1085 128 55 caelo
1771 1085 142 55 reddere,

1142 1132 98 56 sed
1198 1132 196 56 purgatorii
1352 1132 140 56 tempus
1450 1132 210 56 abbreuiare,
1619 1132 98 56 nec
1675 1132 126 56 dicet
1759 1132 112 56 quod
1815 1132 98 56 illud

1136 1174 81 59 in
1176 1174 202 59 confessione
1337 1174 161 59 audiuit:
1458 1174 94 59 sed
1512 1174 161 59 consulet
1633 1174 94 59 cis
1687 1174 148 59 tamquam
1795 1174 94 59 vir
1835 1174 81 59 pru-

1149 1220 134 54 dens.
1239 1220 104 54 vel
1298 1220 149 54 capiat
1403 1220 134 54 istud
1492 1220 179 54 dicendum
1627 1220 134 54 extra
1701 1220 224 54 confessionem.

1180 1265 108 51 His
1242 1265 154 51 dictis
1350 1265 200 51 respondeo
1504 1265 92 51 ad
1550 1265 169 51 punctum
1673 1265 215 51 argumenti,
1827 1265 92 51 for-

1149 1311 131 54 tiori
1237 1311 160 54 vinculo
1354 1311 160 54 obligor
1470 1311 190 54 propalare
1616 1311 175 54 haeresim
1747 1311 117 54 quam
1805 1311 117 54 celare

1150 1357 169 45 peccatum
1277 1357 169 45 occultum
1404 1357 141 45 istius
1503 1357 85 45 in
1545 1357 212 45 confessione
1714 1357 155 45 auditu,
1827 1357 85 45 vt
1856 1357 56 45 in

1147 1403 173 54 quaestione
1282 1403 185 54 praecedenti
1431 1403 123 54 dictum
1517 1403 86 54 est
1566 1403 74 54 de
1603 1403 136 54 sigillo
1702 1403 148 54 secreti,
1801 1403 111 54 negando

1135 1445 195 51 assumptum,
1288 1445 112 51 quia
1358 1445 139 51 nullum
1456 1445 98 51 est
1512 1445 195 51 praeceptum
1665 1445 84 51 ab
1707 1445 112 51 isto
1763 1445 153 51 absoluens

1148 1482 95 63 seu
1203 1482 191 63 deobligans
1353 1482 191 63 quodcumque
1502 1482 95 63 sit
1557 1482 136 63 illud:
1652 1482 109 63 quia
1720 1482 82 63 si
1761 1482 150 63 liceret
1856 1482 68 63 pro

1151 1531 140 62 palare
1249 1531 168 62 haeresim
1375 1531 84 62 in
1417 1531 224 62 confessione:
1599 1531 112 62 mali
1669 1531 196 62 sacerdotes
1809 1531 112 62 quando

1154 1578 149 48 vellent
1263 1578 149 48 aliorum
1372 1578 149 48 peccata
1480 1578 149 48 secreta
1589 1578 163 48 pandere,
1711 1578 177 48 fingerent
1834 1578 81 48 cofi

1136 1621 132 48 tentem
1228 1621 198 48 haereticum.
1386 1621 66 48 &
1413 1621 92 48 sic
1465 1621 105 48 haec
1531 1621 92 48 lex
1584 1621 92 48 dei
1637 1621 79 48 de
1676 1621 198 48 confessione
1822 1621 105 48 facien

1148 1662 83 49 da
1190 1662 124 49 semel
1272 1662 83 49 in
1313 1662 124 49 vita:
1396 1662 96 49 vel
1451 1662 179 49 ecclesiae
1589 1662 124 49 semel
1671 1662 83 49 in
1713 1662 124 49 anno:
1795 1662 110 49 raro
1850 1662 69 49 com

1155 1707 118 54 plete
1233 1707 196 54 seruaretur:
1390 1707 105 54 quia
1456 1707 105 54 ipsa
1521 1707 91 54 est
1573 1707 131 54 multis
1665 1707 183 54 difficilis
1808 1707 65 54 &
1822 1707 91 54 potis

1151 1752 123 48 simum
1233 1752 205 48 verecundis.
1397 1752 136 48 nullum
1492 1752 136 48 igitur
1588 1752 191 48 praeceptum
1738 1752 164 48 occurrit
1847 1752 68 48 cus

1130 1795 141 58 istud
1224 1795 157 58 cedere
1334 1795 172 58 debeat.
1459 1795 110 58 sed
1522 1795 203 58 econuerso
1678 1795 125 58 huic
1741 1795 172 58 quodlibet

1132 1846 123 55 aliud
1214 1846 177 55 occurrens
1350 1846 95 55 dat
1405 1846 123 55 locum
1487 1846 68 55 &
1514 1846 150 55 desinit
1623 1846 109 55 esse
1691 1846 204 55 praeceptum:
1841 1846 82 55 quia

1136 1885 113 48 inter
1212 1885 163 48 praecepta
1338 1885 201 48 rationabilia
1501 1885 88 48 num
1551 1885 101 48 quam
1614 1885 88 48 est
1665 1885 138 48 bellum.
1765 1885 113 48 licet
1828 1885 88 48 inter

1133 1932 109 48 dum
1196 1932 140 48 primo
1289 1932 171 48 aspectu
1414 1932 203 48 videantur
1570 1932 156 48 contra
1679 1932 93 48 se
1725 1932 140 48 acies
1803 1932 125 48 opposi

1137 1978 105 46 tas
1197 1978 165 46 moliti.
1317 1978 90 46 Ex
1361 1978 105 46 quo
1421 1978 135 46 paret
1511 1978 120 46 quod
1586 1978 135 46 longe
1676 1978 165 46 amplius
1795 1978 75 46 &
1810 1978 105 46 stri-

1149 2018 119 48 ctius
1228 2018 171 48 seruandum
1360 2018 92 48 est
1412 2018 158 48 sigillum
1531 2018 211 48 confessionis
1702 2018 92 48 qui
1755 2018 158 48 sigillum
1860 2018 53 48 se

1144 2064 137 52 creti.
1240 2064 96 52 hoc
1295 2064 109 52 enim
1363 2064 123 52 aliis
1445 2064 164 52 peceptis
1568 2064 82 52 in
1609 2064 109 52 casu
1677 2064 96 52 dat
1731 2064 137 52 locum:
1813 2064 96 52 illud

1149 2115 124 51 vero
1227 2115 140 51 nulli
1320 2115 186 51 retrahit
1460 2115 155 51 pedem:
1569 2115 109 51 sed
1631 2115 233 51 inuiolabile
1801 2115 109 51 perma

1134 2154 125 48 net.
1212 2154 140 48 sicut
1306 2154 93 48 in
1352 2154 125 48 arce
1430 2154 202 48 hominibus
1586 2154 218 48 vtilissima
1757 2154 78 48 &
1773 2154 140 48 necessa

1125 2194 121 57 ria,
1201 2194 91 57 ab
1246 2194 182 57 hostibus
1383 2194 182 57 obsessa:
1519 2194 106 57 vbi
1580 2194 167 57 grauior
1701 2194 106 57 est
1746 2194 167 57 insultus,

1135 2239 133 44 opus
1219 2239 117 44 est
1285 2239 200 44 fortiore
1435 2239 150 44 muro,
1536 2239 250 44 adamantino,
1736 2239 83 44 &
1752 2239 167 44 inuiola-

1133 2280 112 61 bili
1203 2280 84 61 si
1245 2280 140 61 haberi
1330 2280 126 61 possit.

1178 2350 235 71 Quinto
1342 2350 306 71 arguitur.
1577 2350 259 71 ponatur
1742 2350 165 71 casus

1132 2416 116 52 quod
1204 2416 173 52 sacerdos
1334 2416 130 52 sciat
1421 2416 145 52 Sortem
1522 2416 159 52 fecisse
1637 2416 87 52 a.
1681 2416 159 52 crimen:
1796 2416 116 52 quod
1854 2416 58 52 au

1129 2457 104 54 dit
1189 2457 89 54 in
1233 2457 238 54 confessione:
1427 2457 179 54 sacerdos
1561 2457 149 54 potest
1665 2457 89 54 a.
1710 2457 149 54 crimen
1799 2457 104 54 etiam

1131 2504 90 46 in
1176 2504 165 46 iudicio
1296 2504 180 46 pandere:
1431 2504 75 46 &
1461 2504 135 46 tamen
1552 2504 105 46 est
1612 2504 180 46 peccatum
1747 2504 90 46 in
1777 2504 120 46 confes

1138 2543 143 51 sione
1233 2543 191 51 auditum:
1377 2543 127 51 ergo
1456 2543 143 51 licet
1551 2543 191 51 peccatum
1694 2543 95 51 in
1726 2543 175 51 confessio

1125 2597 88 47 ne
1169 2597 161 47 auditum
1287 2597 191 47 reuelare.
1433 2597 117 47 quod
1507 2597 147 47 possit
1610 2597 88 47 a.
1654 2597 191 47 detegere,
1786 2597 117 47 patet:

1132 2631 178 49 alioquin
1266 2631 148 49 Sortes
1370 2631 208 49 malefactor
1533 2631 89 49 si
1577 2631 223 49 deprehendat
1756 2631 119 49 quod
1815 2631 89 49 vnus

1130 2679 170 47 sacerdos
1257 2679 99 47 vel
1314 2679 142 47 plures
1413 2679 113 47 suum
1484 2679 142 47 crimen
1583 2679 213 47 percipiant:
1753 2679 156 47 poterit
1852 2679 43 47 a

1132 2721 106 66 vni
1193 2721 198 66 sacerdoti
1345 2721 91 66 si
1390 2721 182 66 viderit,
1527 2721 106 66 vel
1588 2721 182 66 pluribus
1725 2721 91 66 si
1755 2721 152 66 viderint
