2364 3319
605 312 259 91 Ecundo
787 312 233 91 circa
916 312 156 91 hanc

610 373 203 80 distinctionem
777 373 131 80 quaero.
872 373 72 80 An
908 373 72 80 in
944 373 131 80 labente
1027 373 48 80 in

635 442 147 60 nortale
742 442 161 60 peccatum
862 442 107 60 post
929 442 147 60 gratiam
1023 442 54 60 re

634 485 135 57 deant
724 485 150 57 priora
829 485 180 57 peccata.
949 485 135 57 Respon-

632 529 129 59 detur
718 529 172 59 negatiue
847 529 72 59 /
876 529 72 59 &
905 529 101 59 quo
962 529 86 59 ad
991 529 86 59 sub-

628 575 166 57 stantiam
753 575 139 57 actus:
850 575 69 57 &
878 575 97 57 quo
933 575 83 57 ad
961 575 111 57 reatum

604 615 165 62 Iculpae
724 615 105 62 vel
784 615 165 62 poenae.
905 615 120 62 Haec
965 615 120 62 conclu

615 658 102 64 isio
679 658 153 64 negatiua
794 658 77 64 ex
832 658 128 64 dictis
922 658 77 64 in
947 658 128 64 quaestio

310 708 87 53 ne
354 708 218 53 praecedente
529 708 189 53 sequitur.
674 708 204 53 Auctoritas
834 708 131 53 etiam
907 708 174 53 Ezechielis

310 754 147 48 xviii.
413 754 88 48 ad
457 754 103 48 hoc
516 754 103 48 est
574 754 220 48 sufficiens.
751 754 88 48 Si
795 754 147 48 impius
897 754 147 48 egerit
985 754 103 48 poeni

313 798 131 48 tentiam
408 798 83 48 &c.
456 798 119 48 omnium
539 798 179 48 iniquitatum
682 798 95 48 eius
742 798 95 48 quas
801 798 143 48 operatus
908 798 83 48 est
956 798 83 48 non
992 798 95 48 recor-

311 839 123 63 dabor
393 839 68 63 /
420 839 82 63 id
461 839 95 63 est
516 839 95 63 non
570 839 150 63 amplius
680 839 218 63 imputabuntur
857 839 82 63 ad
898 839 150 63 culpam:
993 839 82 63 quia

303 884 126 50 omnium
392 884 214 50 praeteritorum
568 884 113 50 sicut
644 884 189 50 praesentium
795 884 126 50 habent
883 884 164 50 memoriam.
1009 884 63 50 â‹
1022 884 63 50 Co-

308 938 98 46 tra
364 938 98 46 hoc
420 938 182 46 arguitur.
559 938 154 46 Secundo
671 938 154 46 peccans
783 938 168 46 postquam
908 938 126 46 culpa
978 938 112 46 praece

306 978 101 50 dens
369 978 101 50 erat
433 978 76 50 ei
470 978 139 50 dimissa
571 978 88 50 est
622 978 164 50 ingratior
748 978 101 50 quam
811 978 101 50 erat
874 978 101 50 ante
937 978 63 50 &
962 978 101 50 post
1013 978 63 50 il-

303 1019 109 49 lam
366 1019 156 49 culpam
475 1019 187 49 dimissam
615 1019 156 49 tertio
724 1019 171 49 peccans
848 1019 109 49 est
911 1019 140 49 magis
989 1019 93 49 igra

310 1062 117 50 tus.
384 1062 73 50 &
413 1062 103 50 sic
472 1062 147 50 quarto
574 1062 161 50 peccans
692 1062 117 50 post
765 1062 176 50 gratiam,
882 1062 191 50 quemadmodum

304 1104 223 52 sioffenderem
485 1104 126 52 regem
569 1104 98 52 vel
625 1104 126 52 alium
708 1104 153 52 pluries
820 1104 98 52 qui
876 1104 167 52 pepercit
987 1104 98 52 offen

309 1151 99 48 sis
366 1151 128 48 meis:
451 1151 142 48 vltimo
550 1151 185 48 offendens
692 1151 114 48 esse
763 1151 128 48 magis
849 1151 170 48 igratus,
977 1151 71 48 &
991 1151 85 48 gra-

304 1194 108 50 uius
372 1194 203 50 delinquarem
534 1194 149 50 ratione
642 1194 243 50 ingratitudinis
845 1194 108 50 quam
912 1194 135 50 prius:
1007 1194 108 50 ergo

309 1238 176 59 peccata
437 1238 176 59 redeunt
564 1238 112 59 quo
628 1238 96 59 ad
676 1238 303 59 ingratitudinem.
931 1238 112 59 Pro
979 1238 112 59 solu-

304 1296 140 45 tione
397 1296 140 45 huius
490 1296 202 45 argumenti
645 1296 186 45 notabis:
784 1296 124 45 quod
862 1296 140 45 sicut
939 1296 155 45 argumen-

305 1333 98 44 tum
361 1333 112 44 bene
431 1333 169 44 colorat:
558 1333 253 44 quotienscumque
769 1333 112 44 quis
839 1333 141 44 peccat
937 1333 70 44 /
952 1333 127 44 totiens

310 1370 169 56 efficitur
440 1370 182 56 ingratior.
583 1370 104 56 Sunt
648 1370 104 56 enim
714 1370 143 56 aliquae
818 1370 234 56 circumstantiae
1000 1370 78 56 quae

308 1421 167 52 peccata
429 1421 167 52 augent.
551 1421 91 52 vt
596 1421 228 52 christianus
778 1421 91 52 in
824 1421 137 52 eodem
915 1421 152 52 genere
1006 1421 76 52 pec

310 1463 115 47 cati
382 1463 115 47 plus
454 1463 144 47 peccat
554 1463 115 47 quam
626 1463 173 47 Paganus.
756 1463 144 47 xxxii.
857 1463 86 47 q.
900 1463 130 47 iiii.
986 1463 86 47 In
1015 1463 72 47 eo.

312 1510 106 50 nam
373 1510 167 50 peccata
494 1510 198 50 scientium
646 1510 182 50 peccatis
783 1510 228 50 ignorantium
950 1510 137 50 praepo-

312 1545 143 57 nuntur.
416 1545 91 57 vi.
468 1545 104 57 qui.
533 1545 78 57 i.
572 1545 156 57 Quaetro.
689 1545 91 57 Sic
742 1545 78 57 in
781 1545 182 57 proposito.
924 1545 104 57 ltem
989 1545 78 57 is
1015 1545 78 57 con-

311 1600 173 50 trauenit
440 1600 173 50 pluribus
570 1600 130 50 bonis
657 1600 217 50 propositis:
830 1600 115 50 ergo
902 1600 173 50 caeteris
1018 1600 72 50 pa-

305 1642 115 52 ribus
382 1642 102 52 plus
446 1642 141 52 peccat.
548 1642 205 52 consequentia
714 1642 89 52 est
765 1642 115 52 nota.
842 1642 64 52 &
868 1642 179 52 antecedens
996 1642 89 52 proba

309 1684 122 51 tur:
385 1684 122 51 quia
461 1684 213 51 mentaliter
629 1684 183 51 proponit
766 1684 152 51 quando
873 1684 183 51 resurgit
1010 1684 107 51 non

310 1736 128 39 velle
395 1736 156 39 amplius
508 1736 170 39 peccare:
636 1736 85 39 si
679 1736 128 39 digne
764 1736 114 39 egit
835 1736 241 39 poenitentiam.
1019 1736 57 39 Po

312 1777 103 47 test
377 1777 116 47 tamen
454 1777 103 47 quis
519 1777 129 47 dicere
609 1777 103 47 quod
674 1777 90 47 non
725 1777 155 47 intendit
842 1777 77 47 se
880 1777 77 47 ad
919 1777 90 47 hoc
958 1777 129 47 obligare

317 1814 66 50 &
343 1814 93 50 sic
396 1814 106 50 haec
463 1814 119 50 ratio
542 1814 93 50 non
596 1814 159 50 viceret.
715 1814 93 50 Sed
768 1814 119 50 forte
848 1814 106 50 tunc
914 1814 133 50 dicis.
1007 1814 80 50 si
1034 1814 66 50 di-

320 1862 185 47 missiones
462 1862 170 47 primorum
590 1862 199 47 peccatorum
746 1862 114 47 sunt
817 1862 256 47 circumstantiae
1016 1862 71 47 pec

317 1905 127 50 catum
402 1905 184 50 augentes:
543 1905 127 50 tales
628 1905 254 50 circumstantiae
840 1905 113 50 sunt
896 1905 198 50 confitendae.

323 1947 195 56 consequens
476 1947 98 56 est
532 1947 153 56 falsum.
644 1947 98 56 Cum
700 1947 112 56 enim
769 1947 153 56 peccata
881 1947 112 56 sint
951 1947 126 56 semel
1020 1947 70 56 ri-

306 1996 77 51 te
345 1996 166 51 confessa:
472 1996 90 51 non
524 1996 102 51 sunt
588 1996 141 51 amplius
690 1996 179 51 confiteda,
830 1996 115 51 probo
894 1996 205 51 consequentiam.

312 2039 128 45 quia
392 2039 160 45 mutant
504 2039 192 45 peccata,
648 2039 80 45 &
680 2039 112 45 non
745 2039 240 45 venialiter:
937 2039 128 45 ergo
1001 2039 96 45 mor-

319 2078 170 60 taliter.
446 2078 113 60 modo
517 2078 85 60 de
560 2078 170 60 quolibet
687 2078 156 60 mortali
801 2078 170 60 facienda
928 2078 99 60 est
971 2078 113 60 confes

310 2123 115 58 sio.
381 2123 101 58 nam
439 2123 86 58 de
482 2123 144 58 aliquo
583 2123 172 58 facienda
712 2123 101 58 est
769 2123 201 58 confessio:
928 2123 72 58 &
956 2123 129 58 aequa
1028 2123 72 58 est

329 2179 103 47 ratio
397 2179 68 47 de
431 2179 137 47 omnibus.
534 2179 126 47 igitur.
625 2179 68 47 Et
659 2179 68 47 vt
694 2179 80 47 res
739 2179 91 47 fiat
796 2179 137 47 lucidior
899 2179 57 47 /
922 2179 80 47 sit
968 2179 91 47 iste
1013 2179 80 47 casus

324 2213 134 50 Sortes
417 2213 120 50 fecit
497 2213 80 50 a.
537 2213 147 50 mortale
644 2213 107 50 quod
711 2213 200 50 detestatur.
871 2213 134 50 rursus
965 2213 120 50 fecit
1032 2213 53 50 bi

310 2263 130 49 circa
396 2263 116 49 idem
469 2263 174 49 obiectum
599 2263 87 49 in
642 2263 145 49 simili
744 2263 203 49 intensione
903 2263 174 49 graduali
1019 2263 72 49 cum

316 2303 93 45 a.
362 2303 77 45 &
393 2303 139 45 foret
485 2303 108 45 cum
547 2303 93 45 a.
594 2303 185 45 aequalis
733 2303 185 45 malitiae
872 2303 108 45 hoc
934 2303 124 45 solo
995 2303 93 45 dem-

329 2345 93 61 pto
382 2345 107 61 quod
449 2345 200 61 ingratitudo
609 2345 120 61 facit
689 2345 80 61 b.
729 2345 120 61 peius
809 2345 80 61 a.
849 2345 67 61 &
876 2345 93 61 per
929 2345 107 61 idem
996 2345 80 61 c.
1022 2345 67 61 est

330 2396 113 51 peius
406 2396 100 51 quam
468 2396 75 51 b.
506 2396 75 51 d.
543 2396 113 51 peius
618 2396 100 51 quam
681 2396 75 51 c.
718 2396 63 51 &
744 2396 88 51 sic
794 2396 100 51 sine
856 2396 125 51 statu.
944 2396 100 51 ergo
1006 2396 75 51 si
1031 2396 63 51 es-

318 2433 120 51 sent
393 2433 180 51 infinita
527 2433 165 51 peccata
647 2433 75 51 /
677 2433 165 51 dabitur
797 2433 120 51 vnum
872 2433 194 51 infinitae
1021 2433 105 51 ma-

322 2481 160 49 litiae.
438 2481 102 49 Non
496 2481 116 49 enim
568 2481 218 49 disconvenit
742 2481 131 49 inter
829 2481 160 49 extrema
945 2481 145 49 finita
1032 2481 58 49 da

325 2527 89 50 ri
370 2527 194 50 infinitam
519 2527 238 50 multitudinem
713 2527 179 50 creatam:
847 2527 104 50 nec
906 2527 134 50 datur
981 2527 119 50 certum

312 2570 183 48 creatum
445 2570 216 48 immediate
611 2570 133 48 ante
694 2570 199 48 vltimum.
844 2570 100 48 vt
894 2570 100 48 si
944 2570 100 48 in
977 2570 116 48 quali

317 2615 110 49 bet
380 2615 141 49 parte
474 2615 266 49 proportionali
693 2615 141 49 vnius
787 2615 141 49 horae
881 2615 78 49 &
912 2615 94 49 in
943 2615 157 49 instanti

317 2659 143 54 horam
413 2659 223 54 terminante
588 2659 207 54 crearetur
747 2659 127 54 vnus
826 2659 191 54 angelus:
970 2659 111 54 iam
1033 2659 96 54 in

325 2703 96 52 ter
380 2703 123 52 illum
462 2703 68 52 &
489 2703 137 52 primum
585 2703 109 52 sunt
653 2703 178 52 infiniti.
790 2703 82 52 Si
831 2703 123 52 autem
912 2703 82 52 b.
953 2703 96 52 est
994 2703 96 52 peius

1145 306 110 60 quam
1214 306 83 60 a.
1256 306 69 60 &
1283 306 97 60 non
1338 306 207 60 venialiter:
1504 306 110 60 ergo
1573 306 207 60 mortaliter:
1738 306 138 60 igitur
1835 306 124 60 ipsum

1147 358 108 50 est
1208 358 246 50 confitendum.
1408 358 215 50 Praeterea.
1577 358 169 50 ponatur
1700 358 138 50 plato
1793 358 108 50 qui
1839 358 92 50 nul-

1142 402 117 46 lum
1209 402 184 46 mortale
1343 402 150 46 fecit
1443 402 134 46 toto
1526 402 117 46 hoc
1593 402 134 46 anno
1677 402 117 46 vel
1743 402 184 46 duobus:
1860 402 67 46 et

1144 446 113 45 nunc
1214 446 141 45 faciat
1313 446 127 45 actum
1397 446 155 45 similem
1510 446 84 45 a.
1552 446 99 45 ita
1608 446 84 45 vt
1651 446 155 45 caetera
1763 446 113 45 sint
1819 446 99 45 paria

1150 489 102 54 noc
1209 489 146 54 dempto
1311 489 117 54 quod
1384 489 102 54 vni
1442 489 160 54 peccata
1559 489 117 54 sunt
1632 489 146 54 crebro
1734 489 175 54 dimissa.
1851 489 58 54 se

1138 536 167 52 sorti:
1255 536 84 52 &
1289 536 151 52 plato
1389 536 117 52 non
1456 536 201 52 peccauit
1607 536 117 52 hoc
1674 536 151 52 anno.
1758 536 167 52 peccatum

1148 575 172 58 platonis
1277 575 100 58 est
1334 575 115 58 adeo
1406 575 129 58 malum
1492 575 86 58 vt
1535 575 86 58 a.
1578 575 143 58 sortis
1678 575 100 58 vel
1736 575 86 58 b.
1779 575 100 58 nam
1822 575 100 58 quan-

1146 621 92 59 to
1192 621 153 59 gradus
1299 621 169 59 altior,
1422 621 138 59 tanto
1514 621 138 59 casus
1606 621 184 59 grauior.
1744 621 123 59 ergo
1805 621 123 59 cadens

1147 678 71 39 a
1175 678 128 39 statu
1260 678 213 39 innocentiae
1431 678 142 39 tantum
1530 678 142 39 peccat
1629 678 156 39 quantum
1743 678 170 39 recidens
1856 678 71 39 seu

1141 710 207 58 recidiuans,
1307 710 69 58 &
1334 710 138 58 cadere
1431 710 83 58 ab
1472 710 193 58 innocentia
1624 710 96 58 est
1679 710 234 58 circumstantia
1858 710 55 58 ag

1142 758 182 55 grauans:
1278 758 121 55 ergo
1354 758 152 55 quanto
1460 758 136 55 magis
1551 758 197 55 acceditur
1703 758 91 55 ad
1733 758 182 55 innocentia

1148 803 121 46 tanto
1228 803 161 46 peccatum
1349 803 94 46 est
1402 803 161 46 grauius:
1523 803 94 46 sed
1577 803 134 46 primum
1671 803 161 46 peccatum
1791 803 94 46 est
1832 803 80 46 vici

1140 841 107 60 nius
1206 841 201 60 innocentiae
1367 841 94 60 qui
1420 841 174 60 secundum,
1554 841 67 60 &
1581 841 160 60 secundum
1701 841 107 60 quam
1768 841 160 60 tertium:
1875 841 40 60 &

1139 889 109 53 sic
1202 889 265 53 consequenter:
1420 889 125 53 ergo
1498 889 187 53 caeteris
1638 889 171 53 paribus
1763 889 156 53 primum
1856 889 78 53 est

1131 931 132 50 maius
1219 931 176 50 secundo:
1352 931 73 50 &
1381 931 176 50 secundum
1513 931 162 50 tertio.
1631 931 73 50 &
1660 931 103 50 sic
1719 931 118 50 sine
1793 931 132 50 fine.
1866 931 59 50 De

1147 976 85 56 us
1189 976 114 56 item
1260 976 142 56 tantam
1360 976 156 56 gratiam
1473 976 128 56 fecit
1559 976 142 56 beatae
1658 976 156 56 virgini
1772 976 156 56 quantam
1871 976 57 56 Ma

1145 1019 209 55 gdalenae:
1305 1019 128 55 vnam
1386 1019 273 55 praeseruando:
1610 1019 80 55 &
1642 1019 160 55 alteri
1739 1019 176 55 parcendo.

1147 1062 138 49 licet
1239 1062 123 49 plus
1315 1062 199 49 remiserit
1468 1062 153 49 beatae
1576 1062 214 49 Magdalenae
1744 1062 123 49 quam
1805 1062 123 49 beatae

1154 1110 172 53 virgini:
1283 1110 100 53 cui
1340 1110 158 53 proprie
1455 1110 129 53 nihil
1541 1110 172 53 dimisit.
1670 1110 172 53 Analogia
1799 1110 115 53 est,
1871 1110 86 53 do

1141 1157 126 52 sorti
1225 1157 139 52 centum
1322 1157 223 52 liberaliter.
1504 1157 153 52 platoni
1615 1157 126 52 mutuo
1699 1157 153 52 centum:
1810 1157 139 52 quorum

1143 1196 162 60 remitto
1261 1196 118 60 vnam
1334 1196 250 60 dimidietatem:
1540 1196 118 60 plus
1613 1196 162 60 platoni
1731 1196 162 60 remitto
1834 1196 88 60 quam

1144 1238 146 58 sorti.
1247 1238 102 58 sed
1305 1238 146 58 sortes
1407 1238 102 58 est
1466 1238 117 58 mihi
1539 1238 131 58 magis
1626 1238 204 58 deuinctus.
1787 1238 102 58 Sed
1831 1238 102 58 istud

1148 1286 134 54 aegrae
1242 1286 175 54 argumento
1376 1286 202 54 satisfacit.
1537 1286 81 54 na
1578 1286 161 54 quaestio
1699 1286 134 54 semper
1793 1286 94 54 est
1846 1286 81 54 de
1873 1286 54 54 a.

1152 1329 65 55 &
1178 1329 78 55 be
1217 1329 91 55 per
1268 1329 155 55 ordinem.
1385 1329 78 55 Et
1424 1329 91 55 pro
1475 1329 103 55 illo
1540 1329 116 55 ponam
1618 1329 181 55 proponnes:
1760 1329 129 55 quarum
1837 1329 91 55 prima

1146 1375 116 47 est.
1219 1375 232 47 Protoplastus
1408 1375 73 47 a
1437 1375 131 47 statu
1524 1375 218 47 innocentiae
1699 1375 145 47 cadens
1800 1375 116 47 plus
1858 1375 73 47 pec

1151 1415 120 53 cauit
1231 1415 107 53 quam
1297 1415 120 53 alius
1377 1415 93 53 vel
1431 1415 147 53 ipsemet
1537 1415 80 53 in
1577 1415 133 53 simili
1671 1415 120 53 actu:
1751 1415 107 53 illo
1817 1415 120 53 statu
1884 1415 40 53 a

1140 1472 134 37 misso.
1233 1472 107 37 Rato
1300 1472 107 37 est,
1367 1472 107 37 quia
1434 1472 120 37 casus
1514 1472 107 37 eius
1581 1472 107 37 erat
1647 1472 134 37 altus:
1741 1472 67 37 &
1768 1472 134 37 multis
1848 1472 80 37 tene

1152 1507 94 55 bris
1211 1507 82 55 tam
1258 1507 71 55 se
1293 1507 94 55 quam
1352 1507 129 55 humanum
1446 1507 106 55 genus
1517 1507 165 55 implicuit.
1647 1507 129 55 Secunda
1741 1507 129 55 propon.
1823 1507 106 55 Aliquam

1151 1546 92 54 est
1203 1546 224 54 circumstantia
1388 1546 132 54 quaere
1480 1546 79 54 a.
1519 1546 118 54 debet
1598 1546 158 54 excedere
1717 1546 79 54 b.
1756 1546 66 54 i
1782 1546 158 54 malitia:
1888 1546 39 54 &

1146 1596 119 57 aliqua
1230 1596 119 57 quaere
1313 1596 167 57 econtrario
1444 1596 95 57 quae
1504 1596 107 57 facit
1575 1596 60 57 b
1599 1596 95 57 esse
1659 1596 107 57 peius
1730 1596 72 57 a.
1766 1596 60 57 &
1778 1596 155 57 simpliciter

1156 1642 73 47 b.
1192 1642 85 47 est
1241 1642 109 47 peius
1314 1642 73 47 a.
1350 1642 61 47 &
1375 1642 73 47 c.
1411 1642 109 47 peius
1484 1642 85 47 bet
1533 1642 61 47 &
1557 1642 85 47 sic
1606 1642 207 47 consequenter.
1776 1642 97 47 duae
1825 1642 97 47 primae

1158 1688 131 55 partes
1249 1688 117 55 inter
1328 1688 170 55 arguendum
1458 1688 183 55 tanguntur.
1602 1688 131 55 vltima
1693 1688 157 55 probatur
1811 1688 104 55 sic.
1863 1688 65 55 vel

1149 1732 80 51 a.
1189 1732 93 51 est
1242 1732 120 51 peius
1322 1732 80 51 b.
1361 1732 93 51 vel
1415 1732 146 51 contra:
1521 1732 93 51 vel
1574 1732 106 51 sunt
1641 1732 160 51 aequalis
1760 1732 173 51 malitiae.
1880 1732 53 51 si

1149 1779 181 49 tertium,
1285 1779 106 49 non
1345 1779 106 49 est
1405 1779 211 49 peccatorum
1571 1779 226 49 aggrauatio:
1752 1779 136 49 cuius
1828 1779 90 49 oppo

1147 1818 131 53 situm
1235 1818 203 53 asseuerant
1394 1818 145 53 omnes:
1496 1818 102 53 nec
1554 1818 174 53 mirabere
1684 1818 116 53 quod
1757 1818 102 53 vna
1800 1818 131 53 circun-

1153 1864 160 43 stantia
1270 1864 131 43 actum
1357 1864 145 43 augeat
1458 1864 102 43 quo
1516 1864 87 43 ad
1560 1864 189 43 malitiam,
1705 1864 73 43 &
1734 1864 131 43 etiam
1807 1864 116 43 illius

1151 1906 196 48 oppositum.
1305 1906 126 48 sicut
1389 1906 154 48 ratione
1501 1906 126 48 vnius
1586 1906 252 48 circumstantiae
1782 1906 140 48 peccatum

1141 1951 134 46 Euae
1225 1951 134 46 erat
1309 1951 151 46 minus
1409 1951 134 46 quam
1493 1951 201 46 peccatum
1643 1951 151 46 Adae:
1744 1951 134 46 quia
1811 1951 117 46 minus

1148 2000 166 58 rationis
1273 2000 152 58 habuit.
1383 2000 152 58 ratione
1494 2000 125 58 autem
1577 2000 166 58 alterius
1702 2000 111 58 erat
1771 2000 138 58 maius:
1854 2000 83 58 quia

1156 2040 114 52 Adam
1227 2040 86 52 ad
1270 2040 186 52 peccandum
1413 2040 215 52 alliciebat.
1585 2040 100 52 hic
1642 2040 129 52 tamen
1728 2040 100 52 non
1785 2040 100 52 est
1828 2040 100 52 omni-

1144 2089 86 54 no
1187 2089 157 54 similis
1301 2089 186 54 analogia.
1444 2089 100 54 sed
1501 2089 100 54 sat
1558 2089 100 54 est
1615 2089 114 54 quod
1687 2089 143 54 nullam
1773 2089 157 54 repugnan-

1157 2129 116 56 tiam
1229 2129 173 56 inuoluit
1359 2129 87 56 a.
1402 2129 145 56 habere
1503 2129 116 56 vnam
1576 2129 260 56 circumstantiam
1792 2129 130 56 quare
1865 2129 72 56 est

1150 2176 123 52 peius
1232 2176 96 52 be.
1287 2176 68 52 &
1314 2176 82 52 b.
1355 2176 136 52 habere
1451 2176 123 52 aliam
1532 2176 123 52 quare
1614 2176 96 52 est
1669 2176 123 52 peius
1751 2176 82 52 a.
1792 2176 123 52 sicut
1860 2176 68 52 vno

1157 2215 171 59 respectu
1285 2215 157 59 platoni
1400 2215 86 59 in
1442 2215 186 59 beneficio
1585 2215 143 59 sortes
1685 2215 100 59 est
1728 2215 200 59 praeferendus

1156 2259 118 48 alio
1230 2259 221 48 econtrario.
1407 2259 74 48 â‹
1436 2259 103 48 His
1495 2259 221 48 praenotatis
1672 2259 88 48 ad
1716 2259 192 48 argumenti
1849 2259 88 48 for-

1159 2301 83 56 mam
1206 2301 177 56 deueniendum
1348 2301 95 56 est:
1407 2301 83 56 vbi
1455 2301 154 56 quaeritur
1573 2301 71 56 an
1608 2301 142 56 scilicet
1714 2301 106 56 istae
1773 2301 154 56 circumstan-

1156 2358 117 51 tiae
1230 2358 235 51 ingratudinis
1420 2358 220 51 confitendae
1596 2358 132 51 sint.
1684 2358 73 51 &
1714 2358 117 51 dico
1787 2358 117 51 quod
1846 2358 73 51 non

1155 2391 107 50 nam
1216 2391 137 50 licet
1307 2391 167 50 possint
1429 2391 107 50 hoc
1490 2391 122 50 modo
1566 2391 213 50 confiteri:
1733 2391 107 50 non
1794 2391 107 50 est
1840 2391 76 50 non

1157 2436 105 56 uum
1217 2436 180 56 peccatum
1352 2436 150 56 aliuda
1457 2436 150 56 factis
1562 2436 120 56 post
1637 2436 165 56 vltimam
1742 2436 180 56 confessio-

1155 2478 103 61 nem
1214 2478 205 61 confiteri.
1375 2478 103 61 Hoc
1434 2478 103 61 sic
1492 2478 161 61 declaro
1610 2478 249 61 exemplariter.
1815 2478 103 61 ego
1873 2478 88 61 in

1162 2528 153 49 vltimo
1269 2528 153 49 pascha
1376 2528 215 49 confessus:
1545 2528 107 49 iam
1606 2528 92 49 in
1652 2528 215 49 pentecoste
1805 2528 123 49 confes

1161 2573 118 45 sorem
1240 2573 118 45 adeo:
1318 2573 144 45 quatuor
1423 2573 157 45 mortalia
1541 2573 157 45 scilicet
1659 2573 79 45 a.
1698 2573 79 45 b.
1737 2573 79 45 c.
1777 2573 66 45 &
1803 2573 79 45 d.
1842 2573 79 45 ei
1868 2573 66 45 con

1148 2615 192 48 fitendo:
1292 2615 80 48 &
1324 2615 128 48 quia
1403 2615 128 48 deum
1483 2615 128 48 mihi
1563 2615 96 48 de
1611 2615 207 48 confessis
1770 2615 96 48 in
1802 2615 128 48 pascha

1157 2660 184 49 dedisse
1291 2660 167 49 veniam
1408 2660 151 49 reor:
1509 2660 117 49 sed
1576 2660 117 49 mea
1643 2660 151 49 culpa
1743 2660 167 49 lapsus
1843 2660 84 49 sum

1161 2704 79 72 &
1193 2704 110 72 sum
1256 2704 95 72 in
1303 2704 110 72 eum
1366 2704 205 72 ingratus.
1524 2704 126 72 modo
1603 2704 237 72 ingratitudo
1792 2704 110 72 est
1839 2704 95 72 cir
