2299 3307
240 307 153 66 tenetur
351 307 83 66 ad
393 307 236 66 suscipiendum.
587 307 250 66 quotienscumque
795 307 83 66 ei
837 307 166 66 laborans
948 307 55 66 ad

233 371 197 60 sacramentum
390 371 210 60 suscipiendum
561 371 157 60 tenetur:
679 371 157 60 sacerdos
797 371 105 60 eius
863 371 144 60 tenetur
955 371 52 60 ei

240 413 180 54 sacramentum
384 413 96 54 ipse
445 413 180 54 ministrare.
589 413 132 54 Anineis
685 413 156 54 assumptum
805 413 156 54 probatur.
914 413 84 54 super

230 459 154 60 posito
337 459 123 60 quod
414 459 184 60 aegrotus
552 459 138 60 morbo
644 459 215 60 contagioso
813 459 154 60 vtpote
905 459 108 60 epidi

238 505 96 58 mia
293 505 165 58 laboret:
417 505 96 58 non
472 505 151 58 tenetur
581 505 165 58 exponere
705 505 82 58 se
746 505 165 58 periculo
856 505 151 58 probabili

233 548 102 49 suae
297 548 140 49 mortis.
399 548 64 49 â‹
424 548 204 49 Respondetur.
590 548 127 49 opinor
679 548 102 49 quod
743 548 76 49 in
781 548 102 49 isto
844 548 102 49 casu
908 548 89 49 non
946 548 64 49 te-

238 593 131 57 netur
325 593 160 57 dummodo
441 593 218 57 constiterit
615 593 87 57 de
658 593 189 57 cotagione
803 593 131 57 morbi
890 593 102 57 qui
934 593 73 57 ali

242 637 90 57 quo
294 637 141 57 tempore
396 637 64 57 &
422 637 103 57 loco
487 637 193 57 vehementius
641 637 180 57 bacchatur:
782 637 64 57 &
808 637 180 57 inhumanius
937 637 64 57 sae

240 680 86 51 uit
289 680 98 51 quam
350 680 110 51 alio.
423 680 110 51 secus
497 680 86 51 est
545 680 73 51 de
582 680 171 51 sacramento
717 680 208 51 confessionis:
888 680 98 51 quia
937 680 73 51 stat

227 726 123 60 crebro
313 726 111 60 illam
386 726 98 60 esse
448 726 172 60 confitenti
583 726 74 60 ad
620 726 135 60 salutem
718 726 197 60 necessariam:
878 726 61 60 &
902 726 98 60 quod
952 726 61 60 mul

232 773 84 52 ta
274 773 140 52 habeat
372 773 211 52 restituenda
541 773 112 52 quae
611 773 84 52 ex
653 773 126 52 culpa
737 773 98 52 sua
793 773 197 52 restituere
934 773 70 52 non

235 817 186 56 proponit:
378 817 100 56 vel
435 817 143 56 despet
536 817 72 56 /
564 817 72 56 &
593 817 143 56 multis
694 817 129 56 aliis
780 817 143 56 modis.
880 817 86 56 Si
923 817 115 56 ergo

234 863 74 50 ab
271 863 136 50 omnibus
370 863 161 50 concessum
493 863 87 50 sit
543 863 124 50 magnum
630 863 99 50 esse
691 863 173 50 praeceptum
827 863 186 50 succurretur
964 863 49 50 ex

234 905 117 49 treme
312 905 169 49 laboranti
442 905 78 49 in
481 905 104 49 vita
546 905 182 49 corporali:
688 905 91 49 hic
740 905 117 49 longe
818 905 117 49 maius
896 905 91 49 est
935 905 78 49 ades

231 946 81 55 se
271 946 67 55 &
298 946 189 55 succurrere
446 946 148 55 extreme
554 946 175 55 laboranti
688 946 81 55 in
729 946 108 55 vita
796 946 202 55 spirituali:
944 946 54 55 vl

234 994 73 57 de
270 994 85 57 quo
319 994 122 57 dubium
404 994 85 57 est
453 994 73 57 an
489 994 110 57 sitin
563 994 97 57 illo
623 994 183 57 discrimine,
770 994 146 57 quamquam
879 994 134 57 moriens
964 994 49 57 si

231 1035 134 58 prudens
328 1035 122 58 fuerit
413 1035 61 58 &
438 1035 146 58 sapiens:
547 1035 109 58 praet
620 1035 146 58 sibiipsi
729 1035 170 58 succurrere
851 1035 146 58 quaecumque

240 1078 110 51 culpa
313 1078 86 51 est
362 1078 196 51 praecedente:
522 1078 61 51 &
546 1078 74 51 de
583 1078 208 51 restituitione
755 1078 159 51 alienorum
865 1078 135 51 prouidere

237 1130 104 51 ante
302 1130 91 51 hoc
354 1130 117 51 vitae
433 1130 183 51 discrimen:
576 1130 183 51 detestando
720 1130 117 51 omnem
798 1130 117 51 culpa
863 1130 144 51 praeteri-

239 1169 110 46 tam:
308 1169 151 46 volendo
418 1169 206 46 efficaciter
583 1169 110 46 omne
652 1169 151 46 alienum
762 1169 193 46 restituere
914 1169 69 46 &
927 1169 83 46 dare

235 1209 77 57 deo
279 1209 88 57 quae
334 1209 88 57 dei,
389 1209 55 57 &
411 1209 121 57 caesari
500 1209 88 57 quae
555 1209 132 57 caesaris
654 1209 99 57 sunt:
720 1209 77 57 est
764 1209 121 57 secundi
853 1209 143 57 consilium
952 1209 55 57 pru

226 1266 123 44 dentis
312 1266 74 44 si
348 1266 147 44 quempiam
459 1266 110 44 habie
532 1266 135 44 possit.
630 1266 86 44 sed
679 1266 86 44 non
728 1266 110 44 omnes
802 1266 98 44 sunt
863 1266 86 44 sic
900 1266 110 44 pruden-

231 1300 96 56 tes:
291 1300 108 56 sicut
363 1300 84 56 nec
411 1300 108 56 omnes
483 1300 84 56 sut
531 1300 108 56 boni.
603 1300 84 56 nam
652 1300 120 56 potest
736 1300 96 56 esse
796 1300 96 56 quod
856 1300 132 56 laboret
940 1300 60 56 cri

231 1345 148 57 minibus
338 1345 202 57 praedictis:
500 1345 94 57 vel
554 1345 81 57 in
594 1345 94 57 vno
648 1345 162 57 articulo
769 1345 121 57 fidei
850 1345 81 57 ad
877 1345 121 57 salutem

223 1393 174 55 necessario
360 1393 149 55 titubet:
472 1393 87 55 vel
521 1393 100 55 quod
584 1393 149 55 detenius
696 1393 87 55 est
746 1393 62 55 /
770 1393 149 55 articulo
882 1393 100 55 ipsi
932 1393 75 55 dis-

235 1428 148 59 sentiat:
346 1428 99 59 quod
408 1428 99 59 sine
469 1428 111 59 culpa
544 1428 173 59 contingere
680 1428 87 59 non
729 1428 136 59 potest:
828 1428 62 59 &
853 1428 87 59 ita
902 1428 74 59 de
927 1428 74 59 mul-

228 1476 88 52 tis
279 1476 113 52 aliis
354 1476 238 52 contingentibus.
554 1476 63 52 &
579 1476 88 52 vbi
629 1476 138 52 curatus
729 1476 138 52 aegroti
829 1476 88 52 hic
879 1476 113 52 esset
941 1476 63 52 ne-

222 1520 163 61 gligens:
345 1520 95 61 non
399 1520 122 61 video
481 1520 109 61 quin
549 1520 122 61 alius
631 1520 163 61 proximus
753 1520 82 61 ad
794 1520 95 61 hoc
848 1520 95 61 sit
889 1520 109 61 obliga

221 1575 126 51 tus.
300 1575 141 51 Sicut
394 1575 110 51 vbi
457 1575 157 51 sortes
567 1575 157 51 nollet
677 1575 126 51 dare
756 1575 173 51 pauperi
866 1575 141 51 extreme

226 1611 228 51 eleemosynam:
411 1611 100 51 ego
468 1611 228 51 superueniens
653 1611 100 51 est
710 1611 157 51 pauperi
824 1611 100 51 non
867 1611 128 51 extreme

225 1655 180 49 succurrere
367 1655 180 49 deuincior.
509 1655 90 49 Non
560 1655 116 49 tamen
637 1655 90 49 est
689 1655 193 49 necessarium
843 1655 129 49 semper
934 1655 90 49 do-

224 1699 95 68 mun
279 1699 204 68 contagiosam
442 1699 68 68 &
469 1699 204 68 pestilentem
632 1699 163 68 ingredi:
754 1699 68 68 &
781 1699 95 68 hoc
835 1699 81 68 si
862 1699 136 68 aegrotus

226 1738 114 65 ipse
297 1738 128 65 domum
382 1738 142 65 egredi
481 1738 142 65 possit
581 1738 71 65 &
609 1738 85 65 in
651 1738 128 65 aream
737 1738 213 65 descendere.
893 1738 99 65 Sacet

229 1792 96 55 dos
284 1792 82 55 ei
325 1792 123 55 debet
407 1792 164 55 duplicem
530 1792 123 55 habre
612 1792 191 55 respectum:
762 1792 109 55 vnum
830 1792 82 55 ad
857 1792 137 55 propriam

240 1837 110 48 vitam
313 1837 158 48 seruandam
435 1837 97 48 modo
496 1837 134 48 licito.
593 1837 61 48 &
617 1837 110 48 illud
690 1837 85 48 est
739 1837 110 48 minus
812 1837 61 48 /
837 1837 97 48 quia
898 1837 73 48 de
922 1837 73 48 vita

223 1879 160 59 corporali
345 1879 110 59 solum
419 1879 135 59 agitur:
517 1879 110 59 licet
591 1879 98 59 plus
652 1879 123 59 debeat
738 1879 74 59 se
775 1879 147 59 diligere
886 1879 98 59 quam
935 1879 61 59 pro

217 1920 129 57 ximum
303 1920 172 57 caeteris
431 1920 172 57 paribus.
560 1920 129 57 Alium
646 1920 157 57 habebit
761 1920 186 57 respectum
904 1920 86 57 ad
932 1920 72 57 vi-

228 1966 82 52 tam
275 1966 177 52 spiritualem
417 1966 177 52 laborantis:
558 1966 59 52 &
582 1966 118 52 quanto
664 1966 130 52 putatur
758 1966 82 52 ess
806 1966 71 52 in
829 1966 165 52 periculosio-

229 2012 82 56 re
270 2012 136 56 statu:
366 2012 123 56 tanto
447 2012 109 56 homo
515 2012 95 56 est
570 2012 123 56 magis
652 2012 163 56 obnoxius
774 2012 82 56 ei
815 2012 150 56 mederi.
910 2012 82 56 Alio

227 2056 106 51 ergo
293 2056 80 51 ad
333 2056 120 51 aream
413 2056 120 51 extra
493 2056 120 51 domum
572 2056 199 51 descendente
732 2056 133 51 potest
825 2056 120 51 stare
905 2056 80 51 in
932 2056 66 51 ali

221 2099 133 59 quanta
314 2099 226 59 intercapedine
500 2099 66 59 a
527 2099 173 59 patiente:
660 2099 120 59 etiam
739 2099 80 59 ea
779 2099 93 59 qua
832 2099 133 59 ventus
912 2099 80 59 fiat

233 2143 68 56 si
267 2143 91 56 quis
324 2143 148 56 fiauerit:
437 2143 80 56 sic
483 2143 125 56 sciliet
574 2143 68 56 vt
608 2143 137 56 secretum
711 2143 114 56 maneat
790 2143 137 56 peccatum
881 2143 114 56 confiten

217 2188 112 58 tis:
287 2188 70 58 &
315 2188 168 58 secundum
441 2188 154 58 hominum
553 2188 210 58 paucitatem:
720 2188 98 58 vel
776 2188 126 58 areae
846 2188 154 58 magnitudi

226 2235 96 53 nem.
286 2235 72 53 Si
322 2235 108 53 forte
394 2235 84 53 sit
442 2235 72 53 in
478 2235 132 53 campis:
574 2235 108 53 maius
647 2235 120 53 potest
731 2235 180 53 relinquaere
863 2235 132 53 interual-

220 2275 96 53 lum
275 2275 123 53 aeris
357 2275 96 53 vel
412 2275 123 53 aquae
494 2275 151 53 mediae:
604 2275 123 53 inter
686 2275 178 53 scutellas
823 2275 123 53 etiam
892 2275 96 53 porri

221 2319 148 55 gendo
319 2319 247 55 sacramentum
517 2319 280 55 eucharistiae:
748 2319 132 55 quam
830 2319 115 55 ore
880 2319 115 55 doce-

223 2365 99 52 bit
279 2365 183 52 patientem
420 2365 198 52 reuerenter
576 2365 183 52 tractare,
717 2365 71 52 &
745 2365 155 52 docebit
858 2365 99 52 eum
900 2365 85 52 esse

225 2408 155 61 patientem
344 2408 107 61 animo
416 2408 60 61 &
440 2408 119 61 poenam
523 2408 107 61 ipsam
595 2408 191 61 aequanimiter
750 2408 119 61 ferre:
834 2408 60 61 &
858 2408 72 61 in
882 2408 107 61 peccato

215 2457 114 52 rum
280 2457 244 52 expiationem
475 2457 227 52 applicare.
653 2457 130 52 Ecce
734 2457 179 52 quomodo
848 2457 146 52 vtrique

211 2496 126 49 bonus
295 2496 168 49 sacerdos
422 2496 225 49 satisfaciet:
604 2496 70 49 &
632 2496 84 49 si
674 2496 140 49 mortem
772 2496 168 49 incurrat
899 2496 98 49 sic
941 2496 56 49 fa

224 2541 157 51 ciendo:
338 2541 114 51 opus
409 2541 171 51 heroicum
538 2541 143 51 fratri
637 2541 143 51 fecit:
737 2541 71 51 &
766 2541 114 51 plus
837 2541 157 51 dilexit
937 2541 57 51 se

226 2587 73 46 ad
262 2587 109 46 vitam
335 2587 182 46 spiritualem
480 2587 97 46 quam
541 2587 109 46 alium
613 2587 145 46 secundum
722 2587 109 46 verum
795 2587 133 46 ordinem
880 2587 121 46 charita-

224 2631 112 50 tis:
294 2631 98 50 cui
350 2631 112 50 deus
420 2631 84 50 si
461 2631 98 50 sic
517 2631 168 50 moriatur
643 2631 112 50 erit
713 2631 154 50 merces.
824 2631 98 50 Sed
880 2631 98 50 hic
922 2631 70 50 pos

220 2675 102 49 set
279 2675 117 49 esse
352 2675 219 49 difficultas
527 2675 88 49 si
571 2675 132 49 domus
659 2675 146 49 fuerit
761 2675 161 49 infecta
878 2675 73 49 &
893 2675 102 49 locus

226 2721 134 72 totus
316 2721 90 72 in
361 2721 105 72 quo
420 2721 105 72 est
480 2721 164 72 patiens
600 2721 105 72 qui
659 2721 134 72 locum
749 2721 134 72 exire
839 2721 105 72 non
883 2721 120 72 potest

1082 328 69 61 &
1110 328 151 61 putatur
1219 328 110 61 esse
1288 328 82 61 in
1329 328 123 61 vitae
1411 328 206 61 spiritualis
1576 328 206 61 discrimine:
1741 328 82 61 ad
1782 328 110 61 quid

1078 374 184 55 sacerdos
1216 374 200 55 teneatur.
1370 374 123 55 Tali
1446 374 123 55 casu
1523 374 215 55 occurrente
1692 374 108 55 non
1738 374 108 55 video

1077 417 146 57 quomodo
1183 417 159 57 sacerdos
1302 417 93 57 sit
1356 417 173 57 absolutus
1488 417 93 57 seu
1542 417 199 57 deobligatus
1701 417 66 57 a
1727 417 93 57 non
1767 417 80 57 sudc

1068 466 199 45 currendo:
1221 466 76 45 &
1251 466 122 45 siue
1327 466 153 45 possit
1434 466 153 45 habere
1541 466 183 45 antidota
1679 466 76 45 /
1709 466 122 45 siue
1771 466 76 45 non

1075 505 75 47 &
1105 505 89 47 si
1150 505 194 47 theriacam
1299 505 89 47 ex
1343 505 164 47 antiquo
1463 505 209 47 confectam,
1626 505 179 47 bucellam
1746 505 104 47 panis

1065 550 136 51 aceto
1156 550 197 51 intinctam
1307 550 76 51 /
1337 550 106 51 vel
1398 550 136 51 aliud
1489 550 197 51 antidotum
1640 550 151 51 habere
1731 550 121 51 possit

1066 596 138 49 magis
1158 596 108 49 est
1219 596 215 49 deuinctus.
1388 596 108 49 vel
1450 596 92 49 si
1496 596 138 49 parum
1588 596 154 49 habeat
1680 596 169 49 sanguinis

1072 639 76 45 &
1102 639 214 45 phlegmatis
1270 639 76 45 /
1301 639 107 45 sic
1362 639 92 45 vt
1407 639 137 45 minus
1499 639 137 45 morbi
1591 639 107 45 sit
1636 639 214 45 susceptiuus:

1065 680 182 50 semper
1192 680 163 50 magis
1301 680 254 50 obligatur.
1501 680 127 50 sed
1573 680 200 50 curatum
1701 680 163 50 sangui-

1076 724 137 49 neum
1162 724 86 49 &
1196 724 240 49 phlegmatis
1384 724 171 49 plenum
1504 724 103 49 in
1556 724 137 49 casu
1641 724 137 49 quem
1727 724 120 49 iam
1778 724 86 49 po-

1073 771 150 51 suimus,
1183 771 96 51 non
1237 771 150 51 auderem
1347 771 164 51 excusare
1470 771 82 51 si
1510 771 123 51 alium
1592 771 137 51 hature
1688 771 96 51 non
1729 771 123 51 possit.

1066 817 87 51 ex
1110 817 189 51 scriptura
1256 817 102 51 aut
1314 817 131 51 notum
1401 817 102 51 est
1460 817 117 51 quod
1533 817 117 51 deus
1605 817 160 51 pestem,
1722 817 146 51 famen,
1809 817 44 51 &

1065 857 153 54 bellum
1172 857 107 54 pro
1233 857 184 54 peccatis
1371 857 153 54 populi
1478 857 199 54 immittit.
1632 857 107 54 Sed
1693 857 107 54 hic
1739 857 107 54 multa

1078 899 213 62 contingere
1245 899 168 62 possunt
1367 899 122 62 quae
1444 899 244 62 obligationem
1642 899 152 62 augent
1748 899 107 62 vel
1794 899 61 62 at

1071 946 178 49 tenuant:
1205 946 104 49 sic
1264 946 89 49 vt
1309 946 104 49 vna
1368 946 193 49 responsio
1516 946 119 49 dari
1591 946 104 49 non
1650 946 163 49 possit:
1754 946 89 49 vtpo

1069 992 82 59 te
1110 992 82 59 si
1151 992 150 59 curatus
1260 992 95 59 est
1315 992 95 59 non
1369 992 123 59 solum
1451 992 109 59 suae
1519 992 123 59 curae
1601 992 68 59 /
1628 992 95 59 sed
1683 992 109 59 toti
1737 992 109 59 populo

1078 1040 270 53 pernecessarius,
1305 1040 128 53 cuius
1390 1040 199 53 corporalis
1546 1040 114 53 mors
1617 1040 128 53 esset
1702 1040 142 53 populi
1787 1040 57 53 ma

1068 1087 102 52 gna
1127 1087 88 52 in
1171 1087 132 52 rebus
1258 1087 175 52 mysticis
1390 1087 205 52 desolatio:
1551 1087 102 52 nec
1609 1087 146 52 potest
1697 1087 146 52 reperiri

1065 1126 131 50 alius
1153 1126 145 50 volens
1254 1126 189 50 patientem
1399 1126 131 50 adire
1486 1126 102 50 qui
1544 1126 160 50 putatur
1660 1126 116 50 esse
1733 1126 87 50 in
1762 1126 87 50 dis-

1065 1172 181 51 criminem
1201 1172 136 51 magno
1291 1172 136 51 vitae
1382 1172 226 51 spiritualis
1563 1172 106 51 vel
1623 1172 196 51 corporis.
1759 1172 90 51 ltem

1065 1213 183 56 timendum
1202 1213 107 56 est
1263 1213 92 56 de
1309 1213 183 56 scandalo
1446 1213 76 56 &
1477 1213 122 56 mala
1553 1213 168 56 sequela
1675 1213 153 56 istius
1767 1213 76 56 cu-

1073 1262 114 49 rati
1144 1262 129 49 probi
1230 1262 86 49 de
1273 1262 100 49 quo
1330 1262 186 49 loquimur:
1473 1262 100 49 nam
1530 1262 86 49 si
1573 1262 186 49 patientem
1715 1262 114 49 mori
1773 1262 71 49 si-

1061 1300 93 51 ne
1108 1300 234 51 confessione
1295 1300 218 51 permittat:
1467 1300 187 51 fortasse
1607 1300 125 51 erit
1685 1300 140 51 causa
1778 1300 109 51 qua

1061 1351 95 45 re
1109 1351 127 45 alii
1188 1351 237 45 confessores
1378 1351 95 45 in
1425 1351 190 45 mortibus
1567 1351 127 45 suos
1646 1351 206 45 agminatim
1789 1351 63 45 re

1074 1391 172 56 linquant:
1206 1391 119 56 sicut
1285 1391 79 56 in
1325 1391 106 56 acie
1391 1391 119 56 belli
1470 1391 66 56 /
1497 1391 79 56 ad
1536 1391 119 56 fugam
1615 1391 106 56 viri
1681 1391 132 56 fortis
1761 1391 79 56 reli

1075 1441 108 48 quus
1143 1441 176 48 exercitus
1278 1441 189 48 collabitur
1427 1441 81 48 in
1468 1441 203 48 reipublicae
1630 1441 189 48 perniciem.
1765 1441 81 48 Cura

1062 1479 105 53 tus
1122 1479 150 53 itaque
1227 1479 135 53 debet
1316 1479 150 53 animam
1421 1479 120 53 suam
1496 1479 150 53 ponere
1601 1479 90 53 in
1646 1479 165 53 manibus
1750 1479 90 53 suis

1071 1523 78 65 &
1103 1523 155 65 curare
1211 1523 93 65 de
1258 1523 155 65 salute
1366 1523 171 65 gregis.
1490 1523 109 65 pro
1552 1523 109 65 quo
1614 1523 186 65 saluando
1738 1523 109 65 orbis

1062 1567 200 67 redemptor
1216 1567 185 67 propriam
1354 1567 154 67 animam
1462 1567 154 67 ponere
1570 1567 108 67 non
1616 1567 185 67 dubitauit.

1061 1619 93 53 â‹
1099 1619 223 53 Hactenus
1266 1619 112 53 de
1322 1619 261 53 sacramento
1527 1619 205 53 extrema
1657 1619 186 53 vnctione

1066 1665 124 54 quae
1143 1665 93 54 in
1189 1665 154 54 variis
1297 1665 170 54 aegroti
1421 1665 108 54 seu
1482 1665 170 54 infirmi
1606 1665 185 54 partibus
1729 1665 124 54 appli-

1062 1704 141 50 catur
1156 1704 78 50 /
1188 1704 188 50 partibus
1329 1704 157 50 inquam
1438 1704 94 50 in
1486 1704 157 50 quibus
1595 1704 172 50 peccata
1705 1704 141 50 exercen

1061 1748 126 59 tur.
1140 1748 79 59 &
1172 1748 142 59 forte
1266 1748 110 59 non
1329 1748 110 59 est
1393 1748 95 59 de
1440 1748 237 59 necessitate
1629 1748 221 59 sacramenti
1787 1748 63 59 vn

1054 1788 190 53 ctionem
1192 1788 207 53 cuilibet
1347 1788 190 53 partium
1485 1788 241 53 vulgariter
1657 1788 190 53 nominata-

1068 1844 111 49 rum
1131 1844 221 49 applicare:
1305 1844 111 49 nec
1368 1844 142 49 etiam
1463 1844 95 49 in
1510 1844 190 49 partibus
1653 1844 158 49 multum
1747 1844 95 49 pro-

1060 1881 201 58 pinquis,
1211 1881 100 58 vt
1261 1881 184 58 diximus
1395 1881 100 58 in
1445 1881 201 58 foemina.
1596 1881 84 58 &
1629 1881 100 58 ex
1663 1881 184 58 consequen

1061 1932 93 50 ti
1108 1932 171 50 sumitur
1232 1932 140 50 color
1325 1932 124 50 quod
1403 1932 171 50 extrema
1527 1932 155 50 vnctio
1636 1932 109 50 sit
1698 1932 140 50 danda
1776 1932 62 50 pe

1065 1968 179 56 stilenti
1199 1968 90 56 in
1244 1968 224 56 extremitate
1423 1968 164 56 virgae:
1543 1968 119 56 quia
1617 1968 104 56 sic
1677 1968 75 56 a
1692 1968 149 56 contagio

1065 2010 93 52 ne
1111 2010 201 52 plerunque
1265 2010 216 52 cauebitur.
1435 2010 185 52 Vlterius
1574 2010 170 52 diximus
1698 2010 93 52 de
1744 2010 124 52 duo-

1056 2056 112 50 bus
1120 2056 239 50 sacramentis
1311 2056 128 50 pure
1391 2056 223 50 spontaneis
1567 2056 255 50 regulariter:
1758 2056 80 50 sci

1065 2100 143 47 licet
1161 2100 96 47 de
1209 2100 159 47 ordine
1320 2100 80 47 &
1352 2100 239 47 matrimonio:
1543 2100 80 47 &
1575 2100 96 47 de
1623 2100 175 47 quinque
1734 2100 112 47 neces

1058 2147 192 47 sariis:
1197 2147 227 47 communius
1372 2147 87 47 &
1407 2147 157 47 minus
1512 2147 245 47 communiter
1687 2147 157 47 obligam

1064 2190 134 55 tibus.
1157 2190 80 55 Ex
1197 2190 134 55 dictis
1291 2190 93 55 in.
1344 2190 107 55 xii.
1411 2190 160 55 distinc.
1531 2190 160 55 sequitur
1651 2190 107 55 quod
1718 2190 80 55 si
1745 2190 93 55 oleum

1057 2235 179 53 sacrum
1182 2235 125 53 cum
1254 2235 161 53 paruo
1361 2235 125 53 non
1433 2235 161 53 sacro
1540 2235 250 53 misceatur:
1719 2235 125 53 totum

1062 2274 150 55 sacrum
1167 2274 210 55 efficitur:
1332 2274 135 55 sicut
1422 2274 90 55 in
1466 2274 150 55 paruae
1571 2274 135 55 aquae
1661 2274 105 55 non
1706 2274 135 55 benedi-

1058 2323 132 49 ctae
1140 2323 197 49 mixtione
1288 2323 115 49 cum
1354 2323 230 49 benedicta,
1535 2323 132 49 tota
1617 2323 214 49 benedicta
1765 2323 66 49 es

1059 2363 197 51 ficitur.
1206 2363 115 51 nam
1272 2363 148 51 minus
1371 2363 164 51 dignum
1486 2363 99 51 ad
1535 2363 99 51 se
1584 2363 148 51 magis
1683 2363 164 51 dignum
1781 2363 66 51 at

1055 2412 174 52 trahit.
1182 2412 79 52 &
1213 2412 111 52 non
1276 2412 142 52 solum
1371 2412 158 52 quando
1482 2412 111 52 est
1529 2412 300 52 imperceptibilitas

1053 2450 212 56 dignioris
1216 2450 81 56 &
1248 2450 147 56 minus
1346 2450 147 56 digni
1444 2450 261 56 coniunctorum
1656 2450 98 56 vt
1705 2450 98 56 in
1737 2450 98 56 aqua

1054 2496 98 52 iam
1110 2496 168 52 diximus:
1236 2496 98 52 sed
1293 2496 112 52 etia
1363 2496 140 52 quando
1461 2496 98 52 est
1517 2496 281 52 perceptibilitas,
1756 2496 70 52 &
1770 2496 70 52 mi-

1053 2549 105 53 nus
1113 2549 150 53 maiori
1218 2549 225 53 applicatur:
1398 2549 90 53 vt
1443 2549 90 53 in
1487 2549 210 53 refectione
1652 2549 150 53 stolae
1742 2549 90 53 bene

1064 2582 155 59 dictae.
1177 2582 99 59 Sed
1233 2582 113 59 quia
1303 2582 141 59 potest
1402 2582 113 59 esse
1472 2582 211 59 difficultas
1641 2582 84 59 de
1683 2582 99 59 his
1725 2582 113 59 sacra-

1057 2633 214 55 mentalibus
1225 2633 77 55 &
1256 2633 214 55 potissimum
1424 2633 92 55 de
1470 2633 123 55 aqua
1547 2633 199 55 benedicta
1700 2633 92 55 ad
1746 2633 123 55 quid

1056 2674 147 54 valeat
1159 2674 88 54 in
1203 2674 191 54 ecclesia:
1350 2674 73 54 &
1380 2674 132 54 inter
1468 2674 162 54 errores
1585 2674 162 54 loannis
1688 2674 147 54 picleffi

1061 2720 177 62 numeratur,
1201 2720 114 62 aquam
1277 2720 177 62 benedictam
1416 2720 76 62 in
1454 2720 152 62 ecclesia
1568 2720 101 62 esse
1631 2720 165 62 inutilem:
1745 2720 89 62 cuius
