2345 3321
245 329 124 49 Hinc
322 329 170 49 priorem
446 329 170 49 gloriam
569 329 93 49 in
616 329 170 49 literis
740 329 77 49 &
770 329 139 49 armis
848 329 170 49 amiserunt

246 378 74 55 &
276 378 193 55 seruituti
424 378 208 55 barbarorum
588 378 134 55 (vnde
677 378 178 55 dolendum
811 378 119 55 est)
885 378 119 55 sunt
945 378 74 55 sub

245 423 140 47 iecti.
343 423 98 47 Nam
399 423 84 47 de
441 423 154 47 literis
553 423 196 47 notissimum
707 423 112 47 est,
777 423 70 47 &
805 423 112 47 luce
861 423 154 47 meridiana

245 468 169 50 clarius:
372 468 99 50 eas
428 468 85 50 ad
471 468 155 50 latinos
584 468 198 50 pudicitiae
739 468 183 50 studentes
866 468 155 50 migrasse.

253 509 115 54 Vnde
325 509 187 54 graecorum
468 509 144 54 sortem
569 509 86 54 de
612 509 187 54 literarum
756 509 187 54 amissione
886 509 129 54 deflens

247 552 169 49 Baptista
374 552 197 49 Mantuanus.
528 552 99 49 ii.
585 552 113 49 lib.
655 552 113 49 diui
725 552 169 49 Dionysii
852 552 99 49 sic
894 552 127 49 inquit.

251 599 94 57 Et
298 599 109 57 tua
361 599 94 57 de
407 599 156 57 graiis
516 599 171 57 migrans
641 599 187 57 academia
781 599 156 57 campis
890 599 125 57 lbit
953 599 62 57 ad

255 649 181 52 occasum:
391 649 197 52 vacuasque
542 649 181 52 reliquet
678 649 181 52 athenas.
814 649 166 52 Graecia
920 649 91 52 posi

242 690 130 53 illos
328 690 144 53 semper
429 690 216 53 tenebrosior
602 690 130 53 annos
688 690 130 53 Fiet:
774 690 72 53 &
803 690 86 53 in
846 690 158 53 praedam
947 690 72 53 scy

248 732 143 53 thicis
348 732 114 53 data
419 732 171 53 gentibus
547 732 114 53 ibit
619 732 86 53 In
661 732 157 53 nemora,
776 732 86 53 in
818 732 157 53 sentes,
918 732 100 53 obscu

234 774 87 61 ra
278 774 87 61 in
322 774 145 61 lustra
423 774 174 61 ferarum.
554 774 102 61 Cum
612 774 131 61 autem
699 774 174 61 alicuius
830 774 174 61 regionis
946 774 73 61 bo-

239 818 97 53 ni
287 818 146 53 mores
385 818 162 53 pessum
498 818 146 53 eunt:
595 818 227 53 argumentum
773 818 113 53 est
838 818 113 53 (si
903 818 113 53 non
951 818 65 53 ad

247 864 168 55 hibeatur
373 864 224 55 poenitentia,
555 864 140 55 magnae
653 864 70 55 &
681 864 154 55 acerbae
793 864 154 55 clandis
891 864 112 55 futuri

244 914 68 51 ⁋
272 914 150 51 Secundo
381 914 177 51 arguitur.
517 914 150 51 xxviii.
626 914 150 51 distin.
736 914 177 51 scribitur
872 914 82 51 in
913 914 96 51 ca.
954 914 68 51 Dia

243 957 121 49 coni
318 957 197 49 quicumque
470 957 106 49 cum
530 957 212 49 ordinantur
696 957 91 49 si
742 957 91 49 in
787 957 121 49 ipsa
848 957 166 49 ordinatio

241 1006 91 49 ne
286 1006 212 49 protestati
453 1006 121 49 sunt
529 1006 182 49 dicentes
665 1006 91 49 se
710 1006 136 49 velle
801 1006 151 49 habere
892 1006 121 49 vxores

248 1044 101 55 nec
305 1044 130 55 posse
392 1044 203 55 continere:
552 1044 87 55 hi
595 1044 87 55 si
639 1044 145 55 postea
740 1044 87 55 ad
783 1044 159 55 nuptias
885 1044 130 55 peruene

239 1091 128 52 rint,
324 1091 156 52 maneant
437 1091 85 52 in
480 1091 213 52 ministerio,
650 1091 184 52 propterea
792 1091 113 52 quod
863 1091 99 52 his
906 1091 113 52 episco

242 1139 100 52 pus
299 1139 185 52 licentiam
441 1139 171 52 dederit.
569 1139 71 52 ⁋
597 1139 85 52 Ad
640 1139 171 52 secundum
768 1139 228 52 respondetur,
939 1139 71 52 quo

233 1173 138 58 illic
325 1173 107 58 est
386 1173 138 58 sermo
478 1173 92 58 de
524 1173 138 58 prius
616 1173 215 58 coniugato,
785 1173 92 58 vt
831 1173 138 58 dicit
908 1173 107 58 Appa-

252 1228 137 46 ratus
343 1228 91 46 in
389 1228 198 46 commento.
541 1228 107 46 sed
602 1228 122 46 quia
678 1228 137 46 dices
769 1228 167 46 glossam
891 1228 122 46 esse
952 1228 61 46 Au

241 1267 211 54 relianensem
409 1267 140 54 textus
508 1267 225 54 corruptiuam:
690 1267 154 54 legatur
802 1267 140 54 litera
901 1267 84 54 de
929 1267 84 54 habe

250 1310 84 48 te
292 1310 141 48 vxorem
391 1310 197 48 transeunte
546 1310 84 48 ad
588 1310 211 48 diaconatum:
757 1310 99 48 qui
813 1310 84 48 si
841 1310 169 48 protestat.

238 1360 149 50 fuerit
343 1360 90 50 se
387 1360 105 50 non
447 1360 134 50 posse
537 1360 224 50 continenter
716 1360 164 50 viuere,
836 1360 75 50 &
866 1360 149 50 postea
955 1360 60 50 ad

247 1400 168 49 nuptias
369 1400 229 49 peruenerit:
552 1400 152 49 maneat
658 1400 91 49 in
704 1400 229 49 matrimonio.
887 1400 122 49 tota
948 1400 61 49 di

239 1443 169 55 ficultas
366 1443 127 55 latet
450 1443 85 55 in
493 1443 155 55 verbis.
605 1443 70 55 &
634 1443 99 55 per
690 1443 155 55 nuptias
803 1443 183 55 intellige
929 1443 85 55 con-

238 1487 174 48 iugem.
359 1487 122 48 nam
429 1487 104 48 in
481 1487 191 48 communi
620 1487 139 48 modo
706 1487 208 48 loquendi
863 1487 191 48 nonnun-

249 1533 105 46 quam
314 1533 157 46 dicimus,
432 1533 105 46 ille
498 1533 144 46 transit
602 1533 79 46 ad
642 1533 157 46 nuptias.
759 1533 79 46 i.
799 1533 92 46 rem
851 1533 92 46 cum
903 1533 118 46 vxore
969 1533 52 46 ha

246 1577 122 53 bet.
322 1577 138 53 Fodem
414 1577 122 53 modo
490 1577 244 53 intelligatur
689 1577 122 53 cap.
765 1577 199 53 Diaconus.
903 1577 122 53 xxvii.

254 1622 124 46 dist.
337 1622 110 46 quia
406 1622 97 46 hic
461 1622 97 46 est
516 1622 124 46 sermo
599 1622 83 46 de
641 1622 152 46 graecis
751 1622 97 46 qui
806 1622 207 46 promouentur
972 1622 83 46 ad

243 1665 150 53 sacros
348 1665 165 53 ordines
468 1665 90 53 in
513 1665 195 53 coniugio.
662 1665 90 53 vt
707 1665 150 53 patet.
812 1665 135 53 xxxi.
887 1665 135 53 distin.

250 1712 165 55 Quoniam.
374 1712 96 55 Sed
429 1712 151 55 nunquam
538 1712 69 55 a
566 1712 137 55 diebus
662 1712 137 55 Cirici
758 1712 69 55 &
785 1712 192 55 Innocentii
922 1712 96 55 primi

240 1760 267 40 occidentalibus
463 1760 148 40 licuit
567 1760 89 40 ad
611 1760 208 40 diaconatum
775 1760 104 40 vel
834 1760 134 40 supra
908 1760 119 40 promo-

242 1800 103 46 ueri
306 1800 103 46 nisi
370 1800 192 46 continentia
524 1800 167 46 promissa.
653 1800 77 46 vt
691 1800 154 46 dicitur.
807 1800 141 46 lxxxii.
897 1800 115 46 distinc

241 1843 266 48 Proposuisti.
457 1843 83 48 &
491 1843 116 48 ca.
557 1843 216 48 Plurimos.
723 1843 116 48 Sed
773 1843 249 48 subdiaconibus

251 1889 86 62 ad
294 1889 144 62 tempus
394 1889 129 62 vsque
481 1889 173 62 Gregorii
610 1889 158 62 licuit.
725 1889 129 62 xxxi.
811 1889 129 62 dist.
898 1889 101 62 ca.
941 1889 86 62 Ante

242 1934 187 61 triennium.
389 1934 80 61 Et
429 1934 107 61 quod
495 1934 120 61 istos
575 1934 134 61 textus
669 1934 93 61 hoc
722 1934 107 61 modo
789 1934 200 61 intelligere
936 1934 80 61 opor

246 1982 112 46 teat:
320 1982 187 46 convincitur
470 1982 87 46 per
520 1982 112 46 alios
595 1982 125 46 textus
682 1982 62 46 &
707 1982 100 46 illa
769 1982 100 46 quae
832 1982 75 46 ad
857 1982 162 46 coclusionem

236 2013 242 58 introduximus:
435 2013 114 58 quae
507 2013 128 58 inter
592 2013 86 58 se
635 2013 128 58 acies
721 2013 185 58 oppositas
849 2013 171 58 molitentur

245 2066 112 51 nisi
315 2066 98 51 ita
371 2066 223 51 exponeremus.
552 2066 70 51 &
580 2066 140 51 istius
678 2066 223 51 oppositionis
859 2066 140 51 signum
943 2066 70 51 est

247 2112 116 55 quod
319 2112 188 55 Apparatus
463 2112 159 55 textuum
579 2112 275 55 diligentissimus
811 2112 188 55 expositor
941 2112 72 55 ita

240 2163 157 46 tenet.
350 2163 78 46 ⁋
382 2163 157 46 Tertio
491 2163 204 46 arguitur.
648 2163 235 46 Innocentius
837 2163 173 46 octauus
947 2163 78 46 cum

244 2203 146 53 quodam
347 2203 175 53 Normanno
478 2203 146 53 domino
580 2203 88 53 de
624 2203 190 53 Ferreris,
770 2203 190 53 existente
916 2203 88 53 in
945 2203 73 53 sa-

248 2254 111 47 cris
318 2254 223 47 dispensauit:
498 2254 70 47 &
526 2254 139 47 filiae
624 2254 111 47 eius
693 2254 181 47 legitimae
832 2254 153 47 habitae
930 2254 83 47 sunt

250 2286 90 57 Et
295 2286 195 57 Alexander
445 2286 150 57 sextus
550 2286 105 57 cum
610 2286 120 57 duce
686 2286 255 57 Valentinensi.
896 2286 120 57 ldem
956 2286 60 57 au

247 2335 112 49 diui
317 2335 84 49 de
359 2335 140 49 quodam
457 2335 98 49 his
513 2335 140 49 diebus
611 2335 84 49 in
652 2335 168 49 Francia.
778 2335 70 49 &
806 2335 98 49 non
862 2335 98 49 est
904 2335 112 49 verosi

245 2382 114 52 mile
316 2382 114 52 quod
388 2382 114 52 sine
459 2382 129 52 magno
545 2382 186 52 libramine
688 2382 172 52 pontifex
817 2382 86 52 in
860 2382 100 52 his
903 2382 114 52 dispen

239 2421 141 49 saret.
338 2421 141 49 igitur
437 2421 184 49 sapientes
578 2421 170 49 iudicant
705 2421 99 49 eum
762 2421 127 49 posse
832 2421 184 49 dispensares

244 2466 118 55 quia
318 2466 103 55 non
377 2466 103 55 est
436 2466 237 55 restringenda
629 2466 118 55 eius
703 2466 177 55 potestas
836 2466 103 55 vbi
895 2466 103 55 non
939 2466 74 55 con

235 2511 111 46 stat
305 2511 84 46 de
346 2511 181 46 opposito.
486 2511 70 46 ⁋
514 2511 84 46 Ad
555 2511 153 46 tertium
667 2511 223 46 respondetur.
848 2511 84 46 ad
876 2511 139 46 quaestio

235 2556 103 54 nem
294 2556 132 54 facti
382 2556 103 54 non
441 2556 191 54 respondet
587 2556 278 54 iurisconsultus.
807 2556 205 54 intelleximus

234 2599 146 58 namque
337 2599 132 58 multa
424 2599 146 58 absque
527 2599 161 58 notitia
644 2599 73 58 &
673 2599 132 58 scitu
761 2599 205 58 Innocentii
907 2599 117 58 conces

253 2643 87 58 sa:
302 2643 100 58 ipse
365 2643 112 58 autem
439 2643 174 58 approbauit
576 2643 112 58 omnia
651 2643 87 58 qua
701 2643 112 58 alter
775 2643 174 58 concessit,
912 2643 100 58 quae
962 2643 50 58 ap

233 2689 165 56 probare
353 2689 180 56 poterat:
488 2689 135 56 inter
578 2689 120 56 quae
652 2689 135 56 illud
742 2689 150 56 mansit
847 2689 120 56 vnum
907 2689 105 56 ambus

247 2734 126 70 guum.
331 2734 70 70 &
359 2734 154 70 quamuis
471 2734 112 70 eius
541 2734 126 70 filia
625 2734 182 70 haberetur
764 2734 182 70 legitima:
904 2734 98 70 hoc
946 2734 70 70 ni

1079 329 109 54 hil
1142 329 156 54 facit.
1251 329 109 54 nam
1313 329 93 54 si
1360 329 125 54 bona
1438 329 125 54 fide
1516 329 156 54 mulier
1625 329 203 54 contrahat
1765 329 109 54 matri

1085 379 163 54 monium
1199 379 114 54 cum
1264 379 212 54 inhabili:
1427 379 179 54 propter
1557 379 147 54 bonam
1655 379 147 54 fidem
1737 379 130 54 mulie-

1089 422 102 51 ris
1148 422 146 51 proles
1250 422 233 51 aestimabitur
1439 422 189 51 legitima.
1584 422 87 51 De
1628 422 116 51 duce
1686 422 175 51 Valentinem

1085 468 92 50 si
1131 468 76 50 &
1161 468 199 50 Alexandro
1314 468 138 50 sexto
1406 468 122 50 eius
1482 468 153 50 patre,
1589 468 122 50 ante
1665 468 138 50 tamen
1742 468 122 50 summum

1083 512 256 52 pontificatum:
1294 512 121 52 quid
1369 512 211 52 contigerit
1535 512 181 52 nouerunt
1671 512 151 52 omnes.
1762 512 90 52 sane

1085 559 152 50 fidelis
1196 559 180 50 historiae
1334 559 180 50 recitatio
1472 559 97 50 tam
1527 559 83 50 in
1569 559 111 50 ipso
1638 559 111 50 quam
1707 559 83 50 in
1735 559 124 50 omnibus

1079 600 142 56 aliis
1174 600 111 56 est
1237 600 174 56 optimum
1364 600 221 56 argumentum
1537 600 111 56 pro
1600 600 237 56 conciusione
1774 600 95 56 quam

1077 645 220 52 sustinemus.
1253 645 117 52 Vnus
1326 645 73 52 (
1355 645 88 52 vt
1399 645 205 52 scriptores
1560 645 190 52 referunt)
1707 645 146 52 voluit
1794 645 59 52 do

1084 692 104 44 mum
1144 692 163 44 Borgiam
1262 692 89 44 in
1307 692 148 44 ltalia
1411 692 178 44 fundare:
1544 692 74 44 &
1574 692 134 44 tamen
1663 692 178 44 antequam
1782 692 74 44 dux

1074 734 142 49 ferro
1169 734 95 49 in
1216 734 173 49 Nauarra
1342 734 236 49 occumberet:
1531 734 126 49 vnam
1610 734 189 49 duntaxat
1736 734 126 49 filiam

1081 778 162 51 reliquit,
1205 778 87 51 cui
1255 778 75 51 in
1293 778 125 51 ltalia
1380 778 150 51 relictum
1492 778 87 51 est
1542 778 125 51 nihil.
1630 778 112 51 etiam
1705 778 75 51 in
1742 778 112 51 filia
1805 778 62 51 ex-

1079 828 213 54 tinguitur
1242 828 213 54 cognomen.
1406 828 131 54 Ille
1488 828 164 54 quoque
1603 828 180 54 dominus
1718 828 147 54 Norman-

1084 863 115 57 niae
1156 863 130 57 solum
1242 863 144 57 filias
1343 863 187 57 reliquit.
1487 863 159 57 Tertius
1603 863 130 57 vero,
1689 863 115 57 nunc
1747 863 115 57 viuens

1079 912 97 46 ab
1127 912 177 46 omnibus
1256 912 193 46 Parisiis
1401 912 209 46 cognitus,
1562 912 209 46 referebat
1723 912 97 46 se
1755 912 113 46 timo-

1080 959 97 45 re
1128 959 178 45 cadente
1258 959 97 45 in
1306 959 226 45 constantem
1484 959 146 45 virum
1581 959 97 45 ad
1630 959 178 45 ordines
1743 959 113 45 susci

1089 1000 176 53 piendos
1217 1000 176 53 coactum
1345 1000 80 53 a
1377 1000 144 53 patre
1473 1000 112 53 dum
1536 1000 192 53 viueret.
1680 1000 96 53 an
1728 1000 112 53 hoc
1776 1000 80 53 suf

1081 1050 143 55 ficiat
1181 1050 100 55 nec
1238 1050 100 55 ne:
1295 1050 129 55 nihil
1381 1050 86 55 ad
1424 1050 100 55 me.
1481 1050 143 55 Dicis,
1581 1050 100 55 non
1638 1050 100 55 est
1681 1050 171 55 restringen

1086 1089 88 46 da
1130 1089 205 46 pontificis
1291 1089 175 46 potestas
1423 1089 117 46 nisi
1496 1089 102 46 vbi
1554 1089 161 46 constat
1671 1089 88 46 de
1700 1089 161 46 opposito.

1081 1130 222 50 Respondetur,
1262 1130 97 50 nec
1317 1130 125 50 etiam
1401 1130 153 50 laxanda
1512 1130 97 50 est
1567 1130 83 50 ne
1609 1130 125 50 detur
1692 1130 153 50 occasio
1790 1130 69 50 fa-

1075 1181 155 53 ciendi
1183 1181 124 53 quod
1260 1181 108 53 non
1322 1181 170 53 potest.
1446 1181 170 53 Secundo
1570 1181 139 53 dico:
1663 1181 108 53 nec
1710 1181 139 53 amplian

1088 1224 95 56 da
1136 1224 111 56 est
1199 1224 111 56 vbi
1262 1224 111 56 non
1325 1224 174 56 constat
1451 1224 95 56 de
1499 1224 205 56 opposito.
1657 1224 79 56 &
1688 1224 126 56 addo
1751 1224 111 56 potis

1076 1266 151 50 simum
1177 1266 101 50 in
1227 1266 185 50 materia
1362 1266 201 50 statutum
1513 1266 235 50 sacerdotum
1680 1266 185 50 saluberri

1080 1319 106 45 mum
1141 1319 243 45 concernente:
1338 1319 91 45 ne
1384 1319 228 45 dispensatio
1566 1319 106 45 sit
1627 1319 91 45 in
1673 1319 152 45 illius
1764 1319 91 45 sta-

1085 1355 128 49 tuti
1165 1355 144 49 luem.
1261 1355 80 49 ⁋
1293 1355 160 49 Quarto
1405 1355 208 49 arguitur.
1564 1355 144 49 multa
1660 1355 128 49 mala
1740 1355 96 49 ex
1772 1355 80 49 sa-

1086 1402 193 46 cerdotum
1231 1402 209 46 caelibatu
1392 1402 225 46 sequuntur:
1569 1402 129 46 ergo
1650 1402 193 46 statutum
1778 1402 81 46 non

1086 1443 104 52 est
1146 1443 224 52 reipublicae
1325 1443 224 52 christianae
1504 1443 239 52 vtilissimum.
1683 1443 179 52 Antecedens

1073 1493 158 47 patet:
1184 1493 127 47 quia
1263 1493 143 47 multi
1358 1493 174 47 peccant
1485 1493 111 47 per
1548 1493 301 47 incontinentiam:
1786 1493 79 47 vbi

1083 1536 89 48 si
1128 1536 221 48 matrimonium
1305 1536 133 48 esset
1393 1536 162 48 licitum
1511 1536 74 48 /
1541 1536 103 48 non
1600 1536 207 48 peccarent:
1747 1536 118 48 saltem

1088 1580 171 55 viuerent
1216 1580 86 55 in
1259 1580 186 55 castitate
1402 1580 200 55 coniugali.
1559 1580 129 55 sicut
1645 1580 114 55 Loth
1716 1580 100 55 qui
1773 1580 86 55 in
1802 1580 57 55 So

1087 1620 118 50 doma
1161 1620 88 50 se
1205 1620 162 50 saluare
1323 1620 103 50 non
1382 1620 177 50 poterat,
1514 1620 88 50 in
1558 1620 162 50 pusillo
1676 1620 88 50 lo
1720 1620 88 50 co
1749 1620 118 50 scili-

1072 1668 119 49 cet
1140 1668 152 49 Segor
1241 1668 102 49 se
1292 1668 220 49 saluauit.
1462 1668 102 49 Ad
1512 1668 186 49 quartum
1648 1668 220 49 respondet
1800 1668 68 49 Pa

1082 1712 114 46 nor.
1153 1712 86 46 de
1196 1712 172 46 clericis
1325 1712 157 46 coniug.
1439 1712 100 46 ca.
1496 1712 100 46 Cum
1553 1712 129 46 olim.
1639 1712 186 46 inquiens:
1768 1712 100 46 bonum

1083 1754 124 54 esset:
1169 1754 99 54 quod
1231 1754 149 54 quilibet
1343 1754 112 54 esset
1417 1754 99 54 sibi
1480 1754 161 54 relictus:
1604 1754 87 54 sic
1653 1754 149 54 scilicet
1765 1754 74 54 vt
1790 1754 74 54 ille

1083 1798 96 57 qui
1138 1798 136 57 vellet
1233 1798 205 57 continenter
1397 1798 150 57 viuere,
1506 1798 96 57 ita
1561 1798 164 57 viueret:
1684 1798 68 57 &
1711 1798 109 57 ille
1766 1798 96 57 etiam

1082 1846 101 57 qui
1139 1846 144 57 vellet
1240 1846 144 57 vxorem
1341 1846 158 57 ducere,
1456 1846 101 57 eam
1513 1846 173 57 duceret.
1643 1846 86 57 Ad
1686 1846 115 57 quod
1744 1846 115 57 respon

1082 1888 112 48 queo
1152 1888 112 48 quod
1222 1888 98 48 non
1278 1888 112 48 modo
1348 1888 168 48 inscite:
1475 1888 98 48 sed
1531 1888 126 48 etiam
1615 1888 126 48 valde
1685 1888 168 48 irteligio-

1079 1934 84 52 se
1121 1934 182 52 loquitur.
1261 1934 140 52 verbum
1358 1934 126 52 nempe
1442 1934 126 52 illud
1526 1934 112 52 viri
1596 1934 98 52 est
1652 1934 195 52 religiosum
1791 1934 70 52 ha-

1074 1978 150 52 bitum,
1179 1978 75 52 &
1209 1978 105 52 non
1269 1978 210 52 religiosam
1434 1978 150 52 mentem
1540 1978 225 52 deferentis.
1720 1978 135 52 Ponit
1795 1978 60 52 au

1082 2030 101 43 tem
1139 2030 129 43 illud
1225 2030 144 43 dictum
1326 2030 158 43 tanquam
1441 2030 158 43 glossam
1555 2030 258 43 Aurelianensem.
1771 2030 72 43 &
1785 2030 72 43 ra-

1075 2070 102 54 tio
1134 2070 117 54 est:
1207 2070 117 54 quia
1280 2070 131 54 illud
1367 2070 117 54 cap.
1440 2070 102 54 est
1498 2070 102 54 pro
1557 2070 219 54 conclusione
1732 2070 117 54 quam
1790 2070 73 54 sus

1073 2114 189 46 tinemus.
1215 2114 110 46 vbi
1278 2114 142 46 dicit
1373 2114 205 46 pontifex.
1531 2114 110 46 Nos
1594 2114 158 46 igitur
1688 2114 174 46 attenden-

1081 2158 99 49 tes
1137 2158 113 49 quod
1208 2158 197 49 orientalis
1363 2158 169 49 ecclesia
1490 2158 127 49 votum
1574 2158 225 49 continentiae
1757 2158 99 49 non
1800 2158 56 49 ad

1085 2199 155 55 misit:
1194 2199 171 55 quoniam
1318 2199 217 55 orientales
1489 2199 93 55 in
1536 2199 202 55 minoribus
1675 2199 171 55 ordinibus

1092 2245 243 51 contrahunt:
1286 2245 81 51 &
1319 2245 97 51 in
1367 2245 259 51 superioribus
1578 2245 178 51 vtuntur
1691 2245 162 51 matrimo-

1069 2288 106 48 nio
1130 2288 106 48 iam
1190 2288 213 48 contracto.
1358 2288 106 48 &c,
1418 2288 122 48 quod
1494 2288 106 48 est
1555 2288 182 48 expresse
1692 2288 106 48 pro
1737 2288 122 48 conelu

1086 2331 155 60 sione:
1194 2331 77 60 &
1225 2331 108 60 pro
1287 2331 170 60 regulam
1410 2331 155 60 seruo.
1519 2331 93 60 in
1565 2331 139 60 rebus
1658 2331 155 60 nanque
1751 2331 108 60 ambi-

1073 2373 129 61 guis
1153 2373 81 61 &
1186 2373 161 61 arduis
1298 2373 145 61 verba
1395 2373 161 61 textus
1508 2373 242 61 glossematis
1685 2373 177 61 neglectis

1082 2429 198 50 pondero.
1230 2429 247 50 glossatores
1428 2429 132 50 enim
1510 2429 165 50 crebro
1609 2429 247 50 notatiunculas

1075 2476 99 41 vt
1125 2476 149 41 verba
1224 2476 281 41 multiplicent,
1455 2476 116 41 non
1522 2476 149 41 solum
1604 2476 248 41 impertinentes

1080 2512 105 48 sed
1140 2512 135 48 etiam
1230 2512 225 48 repugnantes
1410 2512 75 48 (
1440 2512 90 48 vt
1484 2512 90 48 in
1529 2512 210 48 proposito)
1679 2512 180 48 colligunt.

1086 2556 83 50 ⁋
1119 2556 182 50 Concedo
1251 2556 165 50 igitur
1366 2556 132 50 quod
1449 2556 132 50 mala
1531 2556 165 50 aliqua
1647 2556 215 50 sequantur
1795 2556 66 50 ex

1070 2608 221 46 sacerdotum
1244 2608 237 46 caelibatum:
1434 2608 111 46 sed
1497 2608 95 46 ad
1545 2608 127 46 illa
1624 2608 111 46 non
1687 2608 142 46 solum
1766 2608 95 46 opor

1076 2642 109 52 tet
1139 2642 155 52 habere
1247 2642 171 52 oculum:
1371 2642 93 52 vt
1418 2642 202 52 prudenter
1573 2642 140 52 dicit
1650 2642 202 52 Aristoteles

1080 2686 205 49 secundo
1229 2686 279 49 Politicorum
1453 2686 279 49 respondendo
1676 2686 112 49 ad
1713 2686 149 49 motiua

1068 2728 196 63 Socratis
1214 2728 81 63 &
1247 2728 212 63 Platonis:
1410 2728 130 63 quod
1491 2728 212 63 sequuntur
1654 2728 130 63 mala
1736 2728 98 63 ex
1769 2728 81 63 re
