<?xml version="1.0" encoding="UTF-8"?>
<alto xmlns:xsi="http://www.w3.org/2001/XMLSchema-instance"
      xmlns="http://www.loc.gov/standards/alto/ns-v2#"
      xmlns:page="http://schema.primaresearch.org/PAGE/gts/pagecontent/2013-07-15"
      xsi:schemaLocation="http://www.loc.gov/standards/alto/ns-v2# http://www.loc.gov/standards/alto/alto.xsd">
   <Description>
      <MeasurementUnit>pixel</MeasurementUnit>
      <OCRProcessing ID="IdOcr">
         <ocrProcessingStep>
            <processingDateTime>2020-06-19T10:10:10.51-04:00</processingDateTime>
            <processingSoftware>
               <softwareCreator>READ COOP</softwareCreator>
               <softwareName>Transkribus</softwareName>
            </processingSoftware>
         </ocrProcessingStep>
      </OCRProcessing>
   </Description>
   <Tags/>
   <Layout>
      <Page ID="Page1" PHYSICAL_IMG_NR="1" HEIGHT="3317" WIDTH="2283">
         <TopMargin HEIGHT="0" WIDTH="2283" VPOS="0" HPOS="0"/>
         <LeftMargin HEIGHT="3317" WIDTH="0" VPOS="0" HPOS="0"/>
         <RightMargin HEIGHT="3317" WIDTH="0" VPOS="0" HPOS="2283"/>
         <BottomMargin HEIGHT="0" WIDTH="2283" VPOS="3317" HPOS="0"/>
         <PrintSpace HEIGHT="3317" WIDTH="2283" VPOS="0" HPOS="0">
            <TextBlock ID="TextRegion_1591909586850_476"
                       HEIGHT="2512"
                       WIDTH="817"
                       VPOS="285"
                       HPOS="432">
               <Shape>
                  <Polygon POINTS="432,285 1249,285 1249,2797 432,2797"/>
               </Shape>
               <TextLine ID="r1l2"
                         BASELINE="397"
                         HEIGHT="67"
                         WIDTH="766"
                         VPOS="330"
                         HPOS="427">
                  <String HEIGHT="67"
                          WIDTH="165"
                          VPOS="330"
                          HPOS="412"
                          CONTENT="omnium."/>
                  <SP HEIGHT="67" WIDTH="15" VPOS="330" HPOS="577"/>
                  <String HEIGHT="67"
                          WIDTH="165"
                          VPOS="330"
                          HPOS="532"
                          CONTENT="Contra."/>
                  <SP HEIGHT="67" WIDTH="15" VPOS="330" HPOS="697"/>
                  <String HEIGHT="67"
                          WIDTH="165"
                          VPOS="330"
                          HPOS="652"
                          CONTENT="probare"/>
                  <SP HEIGHT="67" WIDTH="15" VPOS="330" HPOS="818"/>
                  <String HEIGHT="67" WIDTH="105" VPOS="330" HPOS="772" CONTENT="non"/>
                  <SP HEIGHT="67" WIDTH="15" VPOS="330" HPOS="878"/>
                  <String HEIGHT="67"
                          WIDTH="135"
                          VPOS="330"
                          HPOS="833"
                          CONTENT="potes"/>
                  <SP HEIGHT="67" WIDTH="15" VPOS="330" HPOS="968"/>
                  <String HEIGHT="67"
                          WIDTH="120"
                          VPOS="330"
                          HPOS="923"
                          CONTENT="quod"/>
                  <SP HEIGHT="67" WIDTH="15" VPOS="330" HPOS="1043"/>
                  <String HEIGHT="67"
                          WIDTH="180"
                          VPOS="330"
                          HPOS="998"
                          CONTENT="Christus"/>
                  <SP HEIGHT="67" WIDTH="15" VPOS="330" HPOS="1178"/>
                  <String HEIGHT="67"
                          WIDTH="75"
                          VPOS="330"
                          HPOS="1118"
                          CONTENT="se"
                          SUBS_TYPE="HypPart1"
                          SUBS_CONTENT="secundum"/>
                  <HYP CONTENT="-"/>
               </TextLine>
               <TextLine ID="r1l4"
                         BASELINE="444"
                         HEIGHT="48"
                         WIDTH="751"
                         VPOS="396"
                         HPOS="439">
                  <String HEIGHT="48"
                          WIDTH="132"
                          VPOS="396"
                          HPOS="426"
                          CONTENT="cundum"
                          SUBS_TYPE="HypPart2"
                          SUBS_CONTENT="secundum"/>
                  <SP HEIGHT="48" WIDTH="13" VPOS="396" HPOS="558"/>
                  <String HEIGHT="48"
                          WIDTH="198"
                          VPOS="396"
                          HPOS="518"
                          CONTENT="humanitatem"/>
                  <SP HEIGHT="48" WIDTH="13" VPOS="396" HPOS="716"/>
                  <String HEIGHT="48" WIDTH="92" VPOS="396" HPOS="676" CONTENT="sit"/>
                  <SP HEIGHT="48" WIDTH="13" VPOS="396" HPOS="768"/>
                  <String HEIGHT="48"
                          WIDTH="145"
                          VPOS="396"
                          HPOS="729"
                          CONTENT="dominus"/>
                  <SP HEIGHT="48" WIDTH="13" VPOS="396" HPOS="874"/>
                  <String HEIGHT="48"
                          WIDTH="145"
                          VPOS="396"
                          HPOS="834"
                          CONTENT="omnium:"/>
                  <SP HEIGHT="48" WIDTH="13" VPOS="396" HPOS="979"/>
                  <String HEIGHT="48" WIDTH="92" VPOS="396" HPOS="940" CONTENT="cum"/>
                  <SP HEIGHT="48" WIDTH="13" VPOS="396" HPOS="1032"/>
                  <String HEIGHT="48"
                          WIDTH="145"
                          VPOS="396"
                          HPOS="992"
                          CONTENT="dixerit"/>
                  <SP HEIGHT="48" WIDTH="13" VPOS="396" HPOS="1137"/>
                  <String HEIGHT="48"
                          WIDTH="105"
                          VPOS="396"
                          HPOS="1085"
                          CONTENT="Pilato"/>
               </TextLine>
               <TextLine ID="r1l7"
                         BASELINE="483"
                         HEIGHT="50"
                         WIDTH="755"
                         VPOS="433"
                         HPOS="435">
                  <String HEIGHT="50"
                          WIDTH="148"
                          VPOS="433"
                          HPOS="420"
                          CONTENT="Regnum"/>
                  <SP HEIGHT="50" WIDTH="15" VPOS="433" HPOS="568"/>
                  <String HEIGHT="50"
                          WIDTH="118"
                          VPOS="433"
                          HPOS="524"
                          CONTENT="meum"/>
                  <SP HEIGHT="50" WIDTH="15" VPOS="433" HPOS="642"/>
                  <String HEIGHT="50" WIDTH="104" VPOS="433" HPOS="598" CONTENT="non"/>
                  <SP HEIGHT="50" WIDTH="15" VPOS="433" HPOS="701"/>
                  <String HEIGHT="50" WIDTH="104" VPOS="433" HPOS="657" CONTENT="est"/>
                  <SP HEIGHT="50" WIDTH="15" VPOS="433" HPOS="761"/>
                  <String HEIGHT="50" WIDTH="89" VPOS="433" HPOS="716" CONTENT="de"/>
                  <SP HEIGHT="50" WIDTH="15" VPOS="433" HPOS="805"/>
                  <String HEIGHT="50" WIDTH="104" VPOS="433" HPOS="761" CONTENT="hoc"/>
                  <SP HEIGHT="50" WIDTH="15" VPOS="433" HPOS="864"/>
                  <String HEIGHT="50"
                          WIDTH="148"
                          VPOS="433"
                          HPOS="820"
                          CONTENT="mundo."/>
                  <SP HEIGHT="50" WIDTH="15" VPOS="433" HPOS="968"/>
                  <String HEIGHT="50" WIDTH="74" VPOS="433" HPOS="924" CONTENT="&amp;"/>
                  <SP HEIGHT="50" WIDTH="15" VPOS="433" HPOS="998"/>
                  <String HEIGHT="50"
                          WIDTH="118"
                          VPOS="433"
                          HPOS="953"
                          CONTENT="illo"/>
                  <SP HEIGHT="50" WIDTH="15" VPOS="433" HPOS="1072"/>
                  <String HEIGHT="50"
                          WIDTH="118"
                          VPOS="433"
                          HPOS="1027"
                          CONTENT="dato"/>
                  <SP HEIGHT="50" WIDTH="15" VPOS="433" HPOS="1146"/>
                  <String HEIGHT="50"
                          WIDTH="104"
                          VPOS="433"
                          HPOS="1086"
                          CONTENT="consi"/>
               </TextLine>
               <TextLine ID="r1l8"
                         BASELINE="536"
                         HEIGHT="57"
                         WIDTH="754"
                         VPOS="479"
                         HPOS="439">
                  <String HEIGHT="57"
                          WIDTH="160"
                          VPOS="479"
                          HPOS="425"
                          CONTENT="quentia"/>
                  <SP HEIGHT="57" WIDTH="15" VPOS="479" HPOS="584"/>
                  <String HEIGHT="57" WIDTH="102" VPOS="479" HPOS="541" CONTENT="est"/>
                  <SP HEIGHT="57" WIDTH="15" VPOS="479" HPOS="642"/>
                  <String HEIGHT="57"
                          WIDTH="189"
                          VPOS="479"
                          HPOS="599"
                          CONTENT="inualida:"/>
                  <SP HEIGHT="57" WIDTH="15" VPOS="479" HPOS="787"/>
                  <String HEIGHT="57" WIDTH="73" VPOS="479" HPOS="744" CONTENT="&amp;"/>
                  <SP HEIGHT="57" WIDTH="15" VPOS="479" HPOS="816"/>
                  <String HEIGHT="57"
                          WIDTH="218"
                          VPOS="479"
                          HPOS="773"
                          CONTENT="impossibile"/>
                  <SP HEIGHT="57" WIDTH="15" VPOS="479" HPOS="990"/>
                  <String HEIGHT="57" WIDTH="102" VPOS="479" HPOS="947" CONTENT="est"/>
                  <SP HEIGHT="57" WIDTH="15" VPOS="479" HPOS="1048"/>
                  <String HEIGHT="57"
                          WIDTH="102"
                          VPOS="479"
                          HPOS="1005"
                          CONTENT="eam"/>
                  <SP HEIGHT="57" WIDTH="15" VPOS="479" HPOS="1106"/>
                  <String HEIGHT="57"
                          WIDTH="145"
                          VPOS="479"
                          HPOS="1048"
                          CONTENT="probare."/>
               </TextLine>
               <TextLine ID="r1l10"
                         BASELINE="580"
                         HEIGHT="57"
                         WIDTH="766"
                         VPOS="523"
                         HPOS="430">
                  <String HEIGHT="57"
                          WIDTH="137"
                          VPOS="523"
                          HPOS="416"
                          CONTENT="crebro"/>
                  <SP HEIGHT="57" WIDTH="14" VPOS="523" HPOS="553"/>
                  <String HEIGHT="57"
                          WIDTH="109"
                          VPOS="523"
                          HPOS="512"
                          CONTENT="enim"/>
                  <SP HEIGHT="57" WIDTH="14" VPOS="523" HPOS="622"/>
                  <String HEIGHT="57"
                          WIDTH="164"
                          VPOS="523"
                          HPOS="580"
                          CONTENT="vicarius"/>
                  <SP HEIGHT="57" WIDTH="14" VPOS="523" HPOS="745"/>
                  <String HEIGHT="57" WIDTH="96" VPOS="523" HPOS="704" CONTENT="non"/>
                  <SP HEIGHT="57" WIDTH="14" VPOS="523" HPOS="799"/>
                  <String HEIGHT="57" WIDTH="96" VPOS="523" HPOS="758" CONTENT="est"/>
                  <SP HEIGHT="57" WIDTH="14" VPOS="523" HPOS="854"/>
                  <String HEIGHT="57"
                          WIDTH="137"
                          VPOS="523"
                          HPOS="813"
                          CONTENT="tantae"/>
                  <SP HEIGHT="57" WIDTH="14" VPOS="523" HPOS="950"/>
                  <String HEIGHT="57"
                          WIDTH="219"
                          VPOS="523"
                          HPOS="909"
                          CONTENT="auctoritatis"/>
                  <SP HEIGHT="57" WIDTH="14" VPOS="523" HPOS="1128"/>
                  <String HEIGHT="57"
                          WIDTH="123"
                          VPOS="523"
                          HPOS="1073"
                          CONTENT="quantae"/>
               </TextLine>
               <TextLine ID="r1l12"
                         BASELINE="619"
                         HEIGHT="49"
                         WIDTH="761"
                         VPOS="570"
                         HPOS="435">
                  <String HEIGHT="49" WIDTH="97" VPOS="570" HPOS="421" CONTENT="est"/>
                  <SP HEIGHT="49" WIDTH="14" VPOS="570" HPOS="518"/>
                  <String HEIGHT="49"
                          WIDTH="166"
                          VPOS="570"
                          HPOS="477"
                          CONTENT="superior"/>
                  <SP HEIGHT="49" WIDTH="14" VPOS="570" HPOS="643"/>
                  <String HEIGHT="49"
                          WIDTH="125"
                          VPOS="570"
                          HPOS="601"
                          CONTENT="cuius"/>
                  <SP HEIGHT="49" WIDTH="14" VPOS="570" HPOS="726"/>
                  <String HEIGHT="49" WIDTH="97" VPOS="570" HPOS="684" CONTENT="est"/>
                  <SP HEIGHT="49" WIDTH="14" VPOS="570" HPOS="781"/>
                  <String HEIGHT="49"
                          WIDTH="180"
                          VPOS="570"
                          HPOS="739"
                          CONTENT="vicarius."/>
                  <SP HEIGHT="49" WIDTH="14" VPOS="570" HPOS="919"/>
                  <String HEIGHT="49" WIDTH="97" VPOS="570" HPOS="878" CONTENT="nam"/>
                  <SP HEIGHT="49" WIDTH="14" VPOS="570" HPOS="975"/>
                  <String HEIGHT="49"
                          WIDTH="166"
                          VPOS="570"
                          HPOS="933"
                          CONTENT="Christus"/>
                  <SP HEIGHT="49" WIDTH="14" VPOS="570" HPOS="1099"/>
                  <String HEIGHT="49"
                          WIDTH="152"
                          VPOS="570"
                          HPOS="1044"
                          CONTENT="instituit"/>
               </TextLine>
               <TextLine ID="r1l14"
                         BASELINE="674"
                         HEIGHT="57"
                         WIDTH="772"
                         VPOS="617"
                         HPOS="430">
                  <String HEIGHT="57"
                          WIDTH="207"
                          VPOS="617"
                          HPOS="416"
                          CONTENT="sacramenta:"/>
                  <SP HEIGHT="57" WIDTH="14" VPOS="617" HPOS="623"/>
                  <String HEIGHT="57"
                          WIDTH="124"
                          VPOS="617"
                          HPOS="582"
                          CONTENT="dedit"/>
                  <SP HEIGHT="57" WIDTH="14" VPOS="617" HPOS="706"/>
                  <String HEIGHT="57"
                          WIDTH="138"
                          VPOS="617"
                          HPOS="664"
                          CONTENT="legemn"/>
                  <SP HEIGHT="57" WIDTH="14" VPOS="617" HPOS="802"/>
                  <String HEIGHT="57"
                          WIDTH="165"
                          VPOS="617"
                          HPOS="761"
                          CONTENT="gratiae:"/>
                  <SP HEIGHT="57" WIDTH="14" VPOS="617" HPOS="926"/>
                  <String HEIGHT="57" WIDTH="69" VPOS="617" HPOS="885" CONTENT="&amp;"/>
                  <SP HEIGHT="57" WIDTH="14" VPOS="617" HPOS="954"/>
                  <String HEIGHT="57"
                          WIDTH="138"
                          VPOS="617"
                          HPOS="913"
                          CONTENT="potest"/>
                  <SP HEIGHT="57" WIDTH="14" VPOS="617" HPOS="1050"/>
                  <String HEIGHT="57"
                          WIDTH="165"
                          VPOS="617"
                          HPOS="1009"
                          CONTENT="reuocare"/>
                  <SP HEIGHT="57" WIDTH="14" VPOS="617" HPOS="1174"/>
                  <String HEIGHT="57"
                          WIDTH="83"
                          VPOS="617"
                          HPOS="1119"
                          CONTENT="omne"/>
               </TextLine>
               <TextLine ID="r1l16"
                         BASELINE="715"
                         HEIGHT="50"
                         WIDTH="760"
                         VPOS="665"
                         HPOS="432">
                  <String HEIGHT="50" WIDTH="102" VPOS="665" HPOS="417" CONTENT="ius"/>
                  <SP HEIGHT="50" WIDTH="15" VPOS="665" HPOS="520"/>
                  <String HEIGHT="50"
                          WIDTH="161"
                          VPOS="665"
                          HPOS="476"
                          CONTENT="diuinum"/>
                  <SP HEIGHT="50" WIDTH="15" VPOS="665" HPOS="637"/>
                  <String HEIGHT="50"
                          WIDTH="205"
                          VPOS="665"
                          HPOS="593"
                          CONTENT="positiuum:"/>
                  <SP HEIGHT="50" WIDTH="15" VPOS="665" HPOS="797"/>
                  <String HEIGHT="50" WIDTH="102" VPOS="665" HPOS="754" CONTENT="hoc"/>
                  <SP HEIGHT="50" WIDTH="15" VPOS="665" HPOS="856"/>
                  <String HEIGHT="50"
                          WIDTH="132"
                          VPOS="665"
                          HPOS="812"
                          CONTENT="tamen"/>
                  <SP HEIGHT="50" WIDTH="15" VPOS="665" HPOS="944"/>
                  <String HEIGHT="50" WIDTH="102" VPOS="665" HPOS="900" CONTENT="non"/>
                  <SP HEIGHT="50" WIDTH="15" VPOS="665" HPOS="1002"/>
                  <String HEIGHT="50"
                          WIDTH="146"
                          VPOS="665"
                          HPOS="958"
                          CONTENT="potest"/>
                  <SP HEIGHT="50" WIDTH="15" VPOS="665" HPOS="1104"/>
                  <String HEIGHT="50"
                          WIDTH="146"
                          VPOS="665"
                          HPOS="1046"
                          CONTENT="pontifex"/>
               </TextLine>
               <TextLine ID="r1l18"
                         BASELINE="746"
                         HEIGHT="45"
                         WIDTH="756"
                         VPOS="701"
                         HPOS="439">
                  <String HEIGHT="45"
                          WIDTH="140"
                          VPOS="701"
                          HPOS="425"
                          CONTENT="Tertio"/>
                  <SP HEIGHT="45" WIDTH="14" VPOS="701" HPOS="565"/>
                  <String HEIGHT="45"
                          WIDTH="182"
                          VPOS="701"
                          HPOS="523"
                          CONTENT="arguitur."/>
                  <SP HEIGHT="45" WIDTH="14" VPOS="701" HPOS="705"/>
                  <String HEIGHT="45"
                          WIDTH="112"
                          VPOS="701"
                          HPOS="663"
                          CONTENT="dato"/>
                  <SP HEIGHT="45" WIDTH="14" VPOS="701" HPOS="775"/>
                  <String HEIGHT="45"
                          WIDTH="168"
                          VPOS="701"
                          HPOS="733"
                          CONTENT="opposito"/>
                  <SP HEIGHT="45" WIDTH="14" VPOS="701" HPOS="901"/>
                  <String HEIGHT="45"
                          WIDTH="168"
                          VPOS="701"
                          HPOS="859"
                          CONTENT="sequitur"/>
                  <SP HEIGHT="45" WIDTH="14" VPOS="701" HPOS="1027"/>
                  <String HEIGHT="45"
                          WIDTH="112"
                          VPOS="701"
                          HPOS="985"
                          CONTENT="haec"/>
                  <SP HEIGHT="45" WIDTH="14" VPOS="701" HPOS="1097"/>
                  <String HEIGHT="45"
                          WIDTH="154"
                          VPOS="701"
                          HPOS="1041"
                          CONTENT="conclusio"/>
               </TextLine>
               <TextLine ID="r1l20"
                         BASELINE="797"
                         HEIGHT="52"
                         WIDTH="756"
                         VPOS="745"
                         HPOS="439">
                  <String HEIGHT="52"
                          WIDTH="242"
                          VPOS="745"
                          HPOS="424"
                          CONTENT="Constantinus"/>
                  <SP HEIGHT="52" WIDTH="15" VPOS="745" HPOS="666"/>
                  <String HEIGHT="52"
                          WIDTH="136"
                          VPOS="745"
                          HPOS="620"
                          CONTENT="nihil"/>
                  <SP HEIGHT="52" WIDTH="15" VPOS="745" HPOS="757"/>
                  <String HEIGHT="52"
                          WIDTH="136"
                          VPOS="745"
                          HPOS="711"
                          CONTENT="dedit"/>
                  <SP HEIGHT="52" WIDTH="15" VPOS="745" HPOS="847"/>
                  <String HEIGHT="52"
                          WIDTH="212"
                          VPOS="745"
                          HPOS="802"
                          CONTENT="Syluestro:"/>
                  <SP HEIGHT="52" WIDTH="15" VPOS="745" HPOS="1014"/>
                  <String HEIGHT="52" WIDTH="106" VPOS="745" HPOS="968" CONTENT="sed"/>
                  <SP HEIGHT="52" WIDTH="15" VPOS="745" HPOS="1074"/>
                  <String HEIGHT="52"
                          WIDTH="136"
                          VPOS="745"
                          HPOS="1029"
                          CONTENT="solum"/>
                  <SP HEIGHT="52" WIDTH="15" VPOS="745" HPOS="1165"/>
                  <String HEIGHT="52"
                          WIDTH="91"
                          VPOS="745"
                          HPOS="1104"
                          CONTENT="rest"/>
               </TextLine>
               <TextLine ID="r1l22"
                         BASELINE="838"
                         HEIGHT="47"
                         WIDTH="772"
                         VPOS="791"
                         HPOS="430">
                  <String HEIGHT="47"
                          WIDTH="105"
                          VPOS="791"
                          HPOS="417"
                          CONTENT="tuit"/>
                  <SP HEIGHT="47" WIDTH="13" VPOS="791" HPOS="522"/>
                  <String HEIGHT="47" WIDTH="79" VPOS="791" HPOS="482" CONTENT="ei"/>
                  <SP HEIGHT="47" WIDTH="13" VPOS="791" HPOS="561"/>
                  <String HEIGHT="47"
                          WIDTH="157"
                          VPOS="791"
                          HPOS="522"
                          CONTENT="debitum."/>
                  <SP HEIGHT="47" WIDTH="13" VPOS="791" HPOS="679"/>
                  <String HEIGHT="47"
                          WIDTH="118"
                          VPOS="791"
                          HPOS="639"
                          CONTENT="cuius"/>
                  <SP HEIGHT="47" WIDTH="13" VPOS="791" HPOS="757"/>
                  <String HEIGHT="47"
                          WIDTH="183"
                          VPOS="791"
                          HPOS="718"
                          CONTENT="contrarium"/>
                  <SP HEIGHT="47" WIDTH="13" VPOS="791" HPOS="901"/>
                  <String HEIGHT="47"
                          WIDTH="157"
                          VPOS="791"
                          HPOS="862"
                          CONTENT="dicitur."/>
                  <SP HEIGHT="47" WIDTH="13" VPOS="791" HPOS="1019"/>
                  <String HEIGHT="47"
                          WIDTH="118"
                          VPOS="791"
                          HPOS="980"
                          CONTENT="xcvi."/>
                  <SP HEIGHT="47" WIDTH="13" VPOS="791" HPOS="1097"/>
                  <String HEIGHT="47"
                          WIDTH="144"
                          VPOS="791"
                          HPOS="1058"
                          CONTENT="distin."/>
                  <SP HEIGHT="47" WIDTH="13" VPOS="791" HPOS="1202"/>
                  <String HEIGHT="47" WIDTH="52" VPOS="791" HPOS="1150" CONTENT="c."/>
               </TextLine>
               <TextLine ID="r1l24"
                         BASELINE="884"
                         HEIGHT="50"
                         WIDTH="770"
                         VPOS="834"
                         HPOS="438">
                  <String HEIGHT="50"
                          WIDTH="226"
                          VPOS="834"
                          HPOS="425"
                          CONTENT="Constantinus."/>
                  <SP HEIGHT="50" WIDTH="13" VPOS="834" HPOS="650"/>
                  <String HEIGHT="50" WIDTH="80" VPOS="834" HPOS="611" CONTENT="&amp;."/>
                  <SP HEIGHT="50" WIDTH="13" VPOS="834" HPOS="690"/>
                  <String HEIGHT="50"
                          WIDTH="106"
                          VPOS="834"
                          HPOS="650"
                          CONTENT="xii."/>
                  <SP HEIGHT="50" WIDTH="13" VPOS="834" HPOS="757"/>
                  <String HEIGHT="50" WIDTH="80" VPOS="834" HPOS="717" CONTENT="q."/>
                  <SP HEIGHT="50" WIDTH="13" VPOS="834" HPOS="796"/>
                  <String HEIGHT="50" WIDTH="80" VPOS="834" HPOS="757" CONTENT="i."/>
                  <SP HEIGHT="50" WIDTH="13" VPOS="834" HPOS="836"/>
                  <String HEIGHT="50" WIDTH="80" VPOS="834" HPOS="796" CONTENT="c."/>
                  <SP HEIGHT="50" WIDTH="13" VPOS="834" HPOS="876"/>
                  <String HEIGHT="50"
                          WIDTH="159"
                          VPOS="834"
                          HPOS="836"
                          CONTENT="Futuram."/>
                  <SP HEIGHT="50" WIDTH="13" VPOS="834" HPOS="996"/>
                  <String HEIGHT="50"
                          WIDTH="173"
                          VPOS="834"
                          HPOS="956"
                          CONTENT="Praeterea"/>
                  <SP HEIGHT="50" WIDTH="13" VPOS="834" HPOS="1128"/>
                  <String HEIGHT="50"
                          WIDTH="106"
                          VPOS="834"
                          HPOS="1089"
                          CONTENT="ipsi"/>
                  <SP HEIGHT="50" WIDTH="13" VPOS="834" HPOS="1195"/>
                  <String HEIGHT="50" WIDTH="66" VPOS="834" HPOS="1142" CONTENT="pon"/>
               </TextLine>
               <TextLine ID="r1l26"
                         BASELINE="932"
                         HEIGHT="52"
                         WIDTH="756"
                         VPOS="880"
                         HPOS="436">
                  <String HEIGHT="52"
                          WIDTH="149"
                          VPOS="880"
                          HPOS="423"
                          CONTENT="tifices"/>
                  <SP HEIGHT="52" WIDTH="14" VPOS="880" HPOS="571"/>
                  <String HEIGHT="52"
                          WIDTH="162"
                          VPOS="880"
                          HPOS="531"
                          CONTENT="fatentur"/>
                  <SP HEIGHT="52" WIDTH="14" VPOS="880" HPOS="693"/>
                  <String HEIGHT="52" WIDTH="81" VPOS="880" HPOS="652" CONTENT="ad"/>
                  <SP HEIGHT="52" WIDTH="14" VPOS="880" HPOS="733"/>
                  <String HEIGHT="52" WIDTH="81" VPOS="880" HPOS="693" CONTENT="se"/>
                  <SP HEIGHT="52" WIDTH="14" VPOS="880" HPOS="774"/>
                  <String HEIGHT="52" WIDTH="95" VPOS="880" HPOS="733" CONTENT="non"/>
                  <SP HEIGHT="52" WIDTH="14" VPOS="880" HPOS="828"/>
                  <String HEIGHT="52"
                          WIDTH="162"
                          VPOS="880"
                          HPOS="787"
                          CONTENT="spectare"/>
                  <SP HEIGHT="52" WIDTH="14" VPOS="880" HPOS="949"/>
                  <String HEIGHT="52"
                          WIDTH="243"
                          VPOS="880"
                          HPOS="909"
                          CONTENT="iurisdictionem"/>
                  <SP HEIGHT="52" WIDTH="14" VPOS="880" HPOS="1152"/>
                  <String HEIGHT="52"
                          WIDTH="95"
                          VPOS="880"
                          HPOS="1098"
                          CONTENT="tempo"/>
               </TextLine>
               <TextLine ID="r1l28"
                         BASELINE="974"
                         HEIGHT="48"
                         WIDTH="760"
                         VPOS="926"
                         HPOS="439">
                  <String HEIGHT="48"
                          WIDTH="143"
                          VPOS="926"
                          HPOS="425"
                          CONTENT="ralem,"/>
                  <SP HEIGHT="48" WIDTH="14" VPOS="926" HPOS="568"/>
                  <String HEIGHT="48" WIDTH="100" VPOS="926" HPOS="525" CONTENT="nec"/>
                  <SP HEIGHT="48" WIDTH="14" VPOS="926" HPOS="625"/>
                  <String HEIGHT="48"
                          WIDTH="129"
                          VPOS="926"
                          HPOS="582"
                          CONTENT="velle"/>
                  <SP HEIGHT="48" WIDTH="14" VPOS="926" HPOS="711"/>
                  <String HEIGHT="48"
                          WIDTH="115"
                          VPOS="926"
                          HPOS="668"
                          CONTENT="iuri"/>
                  <SP HEIGHT="48" WIDTH="14" VPOS="926" HPOS="783"/>
                  <String HEIGHT="48"
                          WIDTH="129"
                          VPOS="926"
                          HPOS="740"
                          CONTENT="regum"/>
                  <SP HEIGHT="48" WIDTH="14" VPOS="926" HPOS="869"/>
                  <String HEIGHT="48"
                          WIDTH="201"
                          VPOS="926"
                          HPOS="826"
                          CONTENT="detrahere:"/>
                  <SP HEIGHT="48" WIDTH="14" VPOS="926" HPOS="1027"/>
                  <String HEIGHT="48" WIDTH="86" VPOS="926" HPOS="984" CONTENT="vt"/>
                  <SP HEIGHT="48" WIDTH="14" VPOS="926" HPOS="1070"/>
                  <String HEIGHT="48"
                          WIDTH="186"
                          VPOS="926"
                          HPOS="1013"
                          CONTENT="Innocentius"/>
               </TextLine>
               <TextLine ID="r1l30"
                         BASELINE="1022"
                         HEIGHT="51"
                         WIDTH="752"
                         VPOS="971"
                         HPOS="447">
                  <String HEIGHT="51"
                          WIDTH="174"
                          VPOS="971"
                          HPOS="433"
                          CONTENT="Tertius."/>
                  <SP HEIGHT="51" WIDTH="14" VPOS="971" HPOS="606"/>
                  <String HEIGHT="51" WIDTH="101" VPOS="971" HPOS="563" CONTENT="in."/>
                  <SP HEIGHT="51" WIDTH="14" VPOS="971" HPOS="664"/>
                  <String HEIGHT="51" WIDTH="87" VPOS="971" HPOS="621" CONTENT="c."/>
                  <SP HEIGHT="51" WIDTH="14" VPOS="971" HPOS="707"/>
                  <String HEIGHT="51"
                          WIDTH="145"
                          VPOS="971"
                          HPOS="664"
                          CONTENT="Nouit."/>
                  <SP HEIGHT="51" WIDTH="14" VPOS="971" HPOS="809"/>
                  <String HEIGHT="51" WIDTH="87" VPOS="971" HPOS="765" CONTENT="de"/>
                  <SP HEIGHT="51" WIDTH="14" VPOS="971" HPOS="852"/>
                  <String HEIGHT="51"
                          WIDTH="188"
                          VPOS="971"
                          HPOS="809"
                          CONTENT="iudiciis."/>
                  <SP HEIGHT="51" WIDTH="14" VPOS="971" HPOS="997"/>
                  <String HEIGHT="51" WIDTH="72" VPOS="971" HPOS="953" CONTENT="&amp;"/>
                  <SP HEIGHT="51" WIDTH="14" VPOS="971" HPOS="1025"/>
                  <String HEIGHT="51"
                          WIDTH="188"
                          VPOS="971"
                          HPOS="982"
                          CONTENT="Alexander"/>
                  <SP HEIGHT="51" WIDTH="14" VPOS="971" HPOS="1170"/>
                  <String HEIGHT="51"
                          WIDTH="87"
                          VPOS="971"
                          HPOS="1112"
                          CONTENT="Ter"
                          SUBS_TYPE="HypPart1"
                          SUBS_CONTENT="Tertius."/>
                  <HYP CONTENT="-"/>
               </TextLine>
               <TextLine ID="r1l32"
                         BASELINE="1062"
                         HEIGHT="56"
                         WIDTH="778"
                         VPOS="1006"
                         HPOS="430">
                  <String HEIGHT="56"
                          WIDTH="119"
                          VPOS="1006"
                          HPOS="417"
                          CONTENT="tius."
                          SUBS_TYPE="HypPart2"
                          SUBS_CONTENT="Tertius."/>
                  <SP HEIGHT="56" WIDTH="13" VPOS="1006" HPOS="535"/>
                  <String HEIGHT="56" WIDTH="92" VPOS="1006" HPOS="496" CONTENT="in."/>
                  <SP HEIGHT="56" WIDTH="13" VPOS="1006" HPOS="588"/>
                  <String HEIGHT="56" WIDTH="79" VPOS="1006" HPOS="549" CONTENT="c."/>
                  <SP HEIGHT="56" WIDTH="13" VPOS="1006" HPOS="628"/>
                  <String HEIGHT="56"
                          WIDTH="145"
                          VPOS="1006"
                          HPOS="588"
                          CONTENT="Causam."/>
                  <SP HEIGHT="56" WIDTH="13" VPOS="1006" HPOS="733"/>
                  <String HEIGHT="56" WIDTH="92" VPOS="1006" HPOS="694" CONTENT="qui"/>
                  <SP HEIGHT="56" WIDTH="13" VPOS="1006" HPOS="786"/>
                  <String HEIGHT="56"
                          WIDTH="119"
                          VPOS="1006"
                          HPOS="746"
                          CONTENT="filii"/>
                  <SP HEIGHT="56" WIDTH="13" VPOS="1006" HPOS="865"/>
                  <String HEIGHT="56"
                          WIDTH="105"
                          VPOS="1006"
                          HPOS="826"
                          CONTENT="sint"/>
                  <SP HEIGHT="56" WIDTH="13" VPOS="1006" HPOS="931"/>
                  <String HEIGHT="56"
                          WIDTH="171"
                          VPOS="1006"
                          HPOS="892"
                          CONTENT="legitimi."/>
                  <SP HEIGHT="56" WIDTH="13" VPOS="1006" HPOS="1063"/>
                  <String HEIGHT="56" WIDTH="66" VPOS="1006" HPOS="1023" CONTENT="&amp;"/>
                  <SP HEIGHT="56" WIDTH="13" VPOS="1006" HPOS="1089"/>
                  <String HEIGHT="56" WIDTH="79" VPOS="1006" HPOS="1050" CONTENT="in"/>
                  <SP HEIGHT="56" WIDTH="13" VPOS="1006" HPOS="1129"/>
                  <String HEIGHT="56"
                          WIDTH="105"
                          VPOS="1006"
                          HPOS="1089"
                          CONTENT="illo"/>
                  <SP HEIGHT="56" WIDTH="13" VPOS="1006" HPOS="1195"/>
                  <String HEIGHT="56"
                          WIDTH="66"
                          VPOS="1006"
                          HPOS="1142"
                          CONTENT="fa"
                          SUBS_TYPE="HypPart1"
                          SUBS_CONTENT="famato."/>
                  <HYP CONTENT="-"/>
               </TextLine>
               <TextLine ID="r1l34"
                         BASELINE="1104"
                         HEIGHT="47"
                         WIDTH="757"
                         VPOS="1057"
                         HPOS="441">
                  <String HEIGHT="47"
                          WIDTH="129"
                          VPOS="1057"
                          HPOS="427"
                          CONTENT="mato."
                          SUBS_TYPE="HypPart2"
                          SUBS_CONTENT="famato."/>
                  <SP HEIGHT="47" WIDTH="14" VPOS="1057" HPOS="555"/>
                  <String HEIGHT="47" WIDTH="86" VPOS="1057" HPOS="512" CONTENT="c."/>
                  <SP HEIGHT="47" WIDTH="14" VPOS="1057" HPOS="598"/>
                  <String HEIGHT="47"
                          WIDTH="100"
                          VPOS="1057"
                          HPOS="555"
                          CONTENT="Per"/>
                  <SP HEIGHT="47" WIDTH="14" VPOS="1057" HPOS="655"/>
                  <String HEIGHT="47"
                          WIDTH="229"
                          VPOS="1057"
                          HPOS="612"
                          CONTENT="venerabilem."/>
                  <SP HEIGHT="47" WIDTH="14" VPOS="1057" HPOS="841"/>
                  <String HEIGHT="47"
                          WIDTH="100"
                          VPOS="1057"
                          HPOS="798"
                          CONTENT="eo."/>
                  <SP HEIGHT="47" WIDTH="14" VPOS="1057" HPOS="898"/>
                  <String HEIGHT="47"
                          WIDTH="100"
                          VPOS="1057"
                          HPOS="855"
                          CONTENT="ti."/>
                  <SP HEIGHT="47" WIDTH="14" VPOS="1057" HPOS="955"/>
                  <String HEIGHT="47"
                          WIDTH="214"
                          VPOS="1057"
                          HPOS="912"
                          CONTENT="Innocentius"/>
                  <SP HEIGHT="47" WIDTH="14" VPOS="1057" HPOS="1127"/>
                  <String HEIGHT="47"
                          WIDTH="129"
                          VPOS="1057"
                          HPOS="1069"
                          CONTENT="Tertius"/>
               </TextLine>
               <TextLine ID="r1l36"
                         BASELINE="1152"
                         HEIGHT="54"
                         WIDTH="784"
                         VPOS="1098"
                         HPOS="430">
                  <String HEIGHT="54"
                          WIDTH="128"
                          VPOS="1098"
                          HPOS="416"
                          CONTENT="dicit"/>
                  <SP HEIGHT="54" WIDTH="14" VPOS="1098" HPOS="544"/>
                  <String HEIGHT="54"
                          WIDTH="114"
                          VPOS="1098"
                          HPOS="501"
                          CONTENT="quod"/>
                  <SP HEIGHT="54" WIDTH="14" VPOS="1098" HPOS="615"/>
                  <String HEIGHT="54"
                          WIDTH="100"
                          VPOS="1098"
                          HPOS="573"
                          CONTENT="rex"/>
                  <SP HEIGHT="54" WIDTH="14" VPOS="1098" HPOS="672"/>
                  <String HEIGHT="54"
                          WIDTH="185"
                          VPOS="1098"
                          HPOS="630"
                          CONTENT="Francorum"/>
                  <SP HEIGHT="54" WIDTH="14" VPOS="1098" HPOS="815"/>
                  <String HEIGHT="54"
                          WIDTH="200"
                          VPOS="1098"
                          HPOS="772"
                          CONTENT="superiorem"/>
                  <SP HEIGHT="54" WIDTH="14" VPOS="1098" HPOS="972"/>
                  <String HEIGHT="54" WIDTH="86" VPOS="1098" HPOS="929" CONTENT="in"/>
                  <SP HEIGHT="54" WIDTH="14" VPOS="1098" HPOS="1014"/>
                  <String HEIGHT="54"
                          WIDTH="228"
                          VPOS="1098"
                          HPOS="972"
                          CONTENT="temporalibus"/>
                  <SP HEIGHT="54" WIDTH="14" VPOS="1098" HPOS="1200"/>
                  <String HEIGHT="54"
                          WIDTH="71"
                          VPOS="1098"
                          HPOS="1143"
                          CONTENT="mi"
                          SUBS_TYPE="HypPart1"
                          SUBS_CONTENT="minime"/>
                  <HYP CONTENT="-"/>
               </TextLine>
               <TextLine ID="r1l38"
                         BASELINE="1206"
                         HEIGHT="54"
                         WIDTH="764"
                         VPOS="1152"
                         HPOS="441">
                  <String HEIGHT="54"
                          WIDTH="107"
                          VPOS="1152"
                          HPOS="428"
                          CONTENT="nime"
                          SUBS_TYPE="HypPart2"
                          SUBS_CONTENT="minime"/>
                  <SP HEIGHT="54" WIDTH="13" VPOS="1152" HPOS="535"/>
                  <String HEIGHT="54"
                          WIDTH="214"
                          VPOS="1152"
                          HPOS="495"
                          CONTENT="recognoscit,"/>
                  <SP HEIGHT="54" WIDTH="13" VPOS="1152" HPOS="709"/>
                  <String HEIGHT="54"
                          WIDTH="174"
                          VPOS="1152"
                          HPOS="669"
                          CONTENT="propterea"/>
                  <SP HEIGHT="54" WIDTH="13" VPOS="1152" HPOS="843"/>
                  <String HEIGHT="54" WIDTH="94" VPOS="1152" HPOS="803" CONTENT="cum"/>
                  <SP HEIGHT="54" WIDTH="13" VPOS="1152" HPOS="897"/>
                  <String HEIGHT="54"
                          WIDTH="121"
                          VPOS="1152"
                          HPOS="857"
                          CONTENT="filio"/>
                  <SP HEIGHT="54" WIDTH="13" VPOS="1152" HPOS="977"/>
                  <String HEIGHT="54"
                          WIDTH="147"
                          VPOS="1152"
                          HPOS="937"
                          CONTENT="tanquam"/>
                  <SP HEIGHT="54" WIDTH="13" VPOS="1152" HPOS="1084"/>
                  <String HEIGHT="54"
                          WIDTH="94"
                          VPOS="1152"
                          HPOS="1044"
                          CONTENT="cum"/>
                  <SP HEIGHT="54" WIDTH="13" VPOS="1152" HPOS="1138"/>
                  <String HEIGHT="54"
                          WIDTH="121"
                          VPOS="1152"
                          HPOS="1084"
                          CONTENT="inferio"/>
               </TextLine>
               <TextLine ID="r1l40"
                         BASELINE="1239"
                         HEIGHT="49"
                         WIDTH="764"
                         VPOS="1190"
                         HPOS="438">
                  <String HEIGHT="49" WIDTH="85" VPOS="1190" HPOS="424" CONTENT="re"/>
                  <SP HEIGHT="49" WIDTH="14" VPOS="1190" HPOS="509"/>
                  <String HEIGHT="49"
                          WIDTH="198"
                          VPOS="1190"
                          HPOS="466"
                          CONTENT="dispensare"/>
                  <SP HEIGHT="49" WIDTH="14" VPOS="1190" HPOS="664"/>
                  <String HEIGHT="49"
                          WIDTH="170"
                          VPOS="1190"
                          HPOS="622"
                          CONTENT="poterat."/>
                  <SP HEIGHT="49" WIDTH="14" VPOS="1190" HPOS="792"/>
                  <String HEIGHT="49" WIDTH="99" VPOS="1190" HPOS="749" CONTENT="Sed"/>
                  <SP HEIGHT="49" WIDTH="14" VPOS="1190" HPOS="848"/>
                  <String HEIGHT="49"
                          WIDTH="127"
                          VPOS="1190"
                          HPOS="806"
                          CONTENT="dicis"/>
                  <SP HEIGHT="49" WIDTH="14" VPOS="1190" HPOS="933"/>
                  <String HEIGHT="49" WIDTH="99" VPOS="1190" HPOS="891" CONTENT="cum"/>
                  <SP HEIGHT="49" WIDTH="14" VPOS="1190" HPOS="990"/>
                  <String HEIGHT="49"
                          WIDTH="156"
                          VPOS="1190"
                          HPOS="947"
                          CONTENT="glossa,"/>
                  <SP HEIGHT="49" WIDTH="14" VPOS="1190" HPOS="1103"/>
                  <String HEIGHT="49"
                          WIDTH="99"
                          VPOS="1190"
                          HPOS="1061"
                          CONTENT="non"/>
                  <SP HEIGHT="49" WIDTH="14" VPOS="1190" HPOS="1160"/>
                  <String HEIGHT="49"
                          WIDTH="99"
                          VPOS="1190"
                          HPOS="1103"
                          CONTENT="reco"
                          SUBS_TYPE="HypPart1"
                          SUBS_CONTENT="recognoscit"/>
                  <HYP CONTENT="-"/>
               </TextLine>
               <TextLine ID="r1l42"
                         BASELINE="1290"
                         HEIGHT="58"
                         WIDTH="764"
                         VPOS="1232"
                         HPOS="434">
                  <String HEIGHT="58"
                          WIDTH="159"
                          VPOS="1232"
                          HPOS="420"
                          CONTENT="gnoscit"
                          SUBS_TYPE="HypPart2"
                          SUBS_CONTENT="recognoscit"/>
                  <SP HEIGHT="58" WIDTH="14" VPOS="1232" HPOS="578"/>
                  <String HEIGHT="58" WIDTH="86" VPOS="1232" HPOS="535" CONTENT="de"/>
                  <SP HEIGHT="58" WIDTH="14" VPOS="1232" HPOS="621"/>
                  <String HEIGHT="58"
                          WIDTH="144"
                          VPOS="1232"
                          HPOS="578"
                          CONTENT="facto:"/>
                  <SP HEIGHT="58" WIDTH="14" VPOS="1232" HPOS="722"/>
                  <String HEIGHT="58"
                          WIDTH="130"
                          VPOS="1232"
                          HPOS="679"
                          CONTENT="debet"/>
                  <SP HEIGHT="58" WIDTH="14" VPOS="1232" HPOS="809"/>
                  <String HEIGHT="58"
                          WIDTH="130"
                          VPOS="1232"
                          HPOS="766"
                          CONTENT="tamen"/>
                  <SP HEIGHT="58" WIDTH="14" VPOS="1232" HPOS="895"/>
                  <String HEIGHT="58" WIDTH="86" VPOS="1232" HPOS="852" CONTENT="de"/>
                  <SP HEIGHT="58" WIDTH="14" VPOS="1232" HPOS="939"/>
                  <String HEIGHT="58"
                          WIDTH="130"
                          VPOS="1232"
                          HPOS="895"
                          CONTENT="iure."/>
                  <SP HEIGHT="58" WIDTH="14" VPOS="1232" HPOS="1025"/>
                  <String HEIGHT="58"
                          WIDTH="115"
                          VPOS="1232"
                          HPOS="982"
                          CONTENT="hanc"/>
                  <SP HEIGHT="58" WIDTH="14" VPOS="1232" HPOS="1097"/>
                  <String HEIGHT="58"
                          WIDTH="101"
                          VPOS="1232"
                          HPOS="1054"
                          CONTENT="glo"/>
                  <SP HEIGHT="58" WIDTH="14" VPOS="1232" HPOS="1155"/>
                  <String HEIGHT="58"
                          WIDTH="101"
                          VPOS="1232"
                          HPOS="1097"
                          CONTENT="probo"/>
               </TextLine>
               <TextLine ID="r1l44"
                         BASELINE="1335"
                         HEIGHT="55"
                         WIDTH="769"
                         VPOS="1280"
                         HPOS="442">
                  <String HEIGHT="55"
                          WIDTH="114"
                          VPOS="1280"
                          HPOS="428"
                          CONTENT="esse"/>
                  <SP HEIGHT="55" WIDTH="14" VPOS="1280" HPOS="542"/>
                  <String HEIGHT="55"
                          WIDTH="256"
                          VPOS="1280"
                          HPOS="499"
                          CONTENT="Aurelianensem,"/>
                  <SP HEIGHT="55" WIDTH="14" VPOS="1280" HPOS="755"/>
                  <String HEIGHT="55" WIDTH="71" VPOS="1280" HPOS="713" CONTENT="&amp;"/>
                  <SP HEIGHT="55" WIDTH="14" VPOS="1280" HPOS="784"/>
                  <String HEIGHT="55"
                          WIDTH="142"
                          VPOS="1280"
                          HPOS="741"
                          CONTENT="textus"/>
                  <SP HEIGHT="55" WIDTH="14" VPOS="1280" HPOS="883"/>
                  <String HEIGHT="55"
                          WIDTH="228"
                          VPOS="1280"
                          HPOS="841"
                          CONTENT="corruptiuam."/>
                  <SP HEIGHT="55" WIDTH="14" VPOS="1280" HPOS="1069"/>
                  <String HEIGHT="55"
                          WIDTH="114"
                          VPOS="1280"
                          HPOS="1026"
                          CONTENT="quia"/>
                  <SP HEIGHT="55" WIDTH="14" VPOS="1280" HPOS="1140"/>
                  <String HEIGHT="55" WIDTH="85" VPOS="1280" HPOS="1097" CONTENT="si"/>
                  <SP HEIGHT="55" WIDTH="14" VPOS="1280" HPOS="1183"/>
                  <String HEIGHT="55"
                          WIDTH="85"
                          VPOS="1280"
                          HPOS="1126"
                          CONTENT="sic:"/>
               </TextLine>
               <TextLine ID="r1l46"
                         BASELINE="1372"
                         HEIGHT="52"
                         WIDTH="776"
                         VPOS="1320"
                         HPOS="438">
                  <String HEIGHT="52"
                          WIDTH="152"
                          VPOS="1320"
                          HPOS="424"
                          CONTENT="romanus"/>
                  <SP HEIGHT="52" WIDTH="14" VPOS="1320" HPOS="577"/>
                  <String HEIGHT="52"
                          WIDTH="166"
                          VPOS="1320"
                          HPOS="535"
                          CONTENT="pontifex"/>
                  <SP HEIGHT="52" WIDTH="14" VPOS="1320" HPOS="701"/>
                  <String HEIGHT="52" WIDTH="97" VPOS="1320" HPOS="660" CONTENT="non"/>
                  <SP HEIGHT="52" WIDTH="14" VPOS="1320" HPOS="757"/>
                  <String HEIGHT="52"
                          WIDTH="222"
                          VPOS="1320"
                          HPOS="715"
                          CONTENT="sufficienter"/>
                  <SP HEIGHT="52" WIDTH="14" VPOS="1320" HPOS="937"/>
                  <String HEIGHT="52"
                          WIDTH="222"
                          VPOS="1320"
                          HPOS="895"
                          CONTENT="respondisset"/>
                  <SP HEIGHT="52" WIDTH="14" VPOS="1320" HPOS="1117"/>
                  <String HEIGHT="52"
                          WIDTH="111"
                          VPOS="1320"
                          HPOS="1075"
                          CONTENT="illi"/>
                  <SP HEIGHT="52" WIDTH="14" VPOS="1320" HPOS="1186"/>
                  <String HEIGHT="52"
                          WIDTH="83"
                          VPOS="1320"
                          HPOS="1131"
                          CONTENT="nobi"/>
               </TextLine>
               <TextLine ID="r1l48"
                         BASELINE="1415"
                         HEIGHT="48"
                         WIDTH="756"
                         VPOS="1367"
                         HPOS="442">
                  <String HEIGHT="48" WIDTH="87" VPOS="1367" HPOS="427" CONTENT="li"/>
                  <SP HEIGHT="48" WIDTH="15" VPOS="1367" HPOS="515"/>
                  <String HEIGHT="48" WIDTH="87" VPOS="1367" HPOS="471" CONTENT="de"/>
                  <SP HEIGHT="48" WIDTH="15" VPOS="1367" HPOS="558"/>
                  <String HEIGHT="48"
                          WIDTH="131"
                          VPOS="1367"
                          HPOS="515"
                          CONTENT="Monte"/>
                  <SP HEIGHT="48" WIDTH="15" VPOS="1367" HPOS="646"/>
                  <String HEIGHT="48"
                          WIDTH="189"
                          VPOS="1367"
                          HPOS="602"
                          CONTENT="Pessulamo"/>
                  <SP HEIGHT="48" WIDTH="15" VPOS="1367" HPOS="791"/>
                  <String HEIGHT="48"
                          WIDTH="160"
                          VPOS="1367"
                          HPOS="747"
                          CONTENT="petenti"/>
                  <SP HEIGHT="48" WIDTH="15" VPOS="1367" HPOS="907"/>
                  <String HEIGHT="48"
                          WIDTH="262"
                          VPOS="1367"
                          HPOS="864"
                          CONTENT="dispensationem"/>
                  <SP HEIGHT="48" WIDTH="15" VPOS="1367" HPOS="1125"/>
                  <String HEIGHT="48"
                          WIDTH="102"
                          VPOS="1367"
                          HPOS="1082"
                          CONTENT="pro"/>
                  <SP HEIGHT="48" WIDTH="15" VPOS="1367" HPOS="1183"/>
                  <String HEIGHT="48"
                          WIDTH="73"
                          VPOS="1367"
                          HPOS="1125"
                          CONTENT="sue"/>
               </TextLine>
               <TextLine ID="r1l50"
                         BASELINE="1466"
                         HEIGHT="58"
                         WIDTH="767"
                         VPOS="1408"
                         HPOS="438">
                  <String HEIGHT="58"
                          WIDTH="156"
                          VPOS="1408"
                          HPOS="424"
                          CONTENT="spurio:"/>
                  <SP HEIGHT="58" WIDTH="14" VPOS="1408" HPOS="580"/>
                  <String HEIGHT="58" WIDTH="99" VPOS="1408" HPOS="537" CONTENT="quo"/>
                  <SP HEIGHT="58" WIDTH="14" VPOS="1408" HPOS="637"/>
                  <String HEIGHT="58"
                          WIDTH="114"
                          VPOS="1408"
                          HPOS="594"
                          CONTENT="modo"/>
                  <SP HEIGHT="58" WIDTH="14" VPOS="1408" HPOS="708"/>
                  <String HEIGHT="58" WIDTH="99" VPOS="1408" HPOS="665" CONTENT="rex"/>
                  <SP HEIGHT="58" WIDTH="14" VPOS="1408" HPOS="765"/>
                  <String HEIGHT="58" WIDTH="99" VPOS="1408" HPOS="722" CONTENT="cum"/>
                  <SP HEIGHT="58" WIDTH="14" VPOS="1408" HPOS="822"/>
                  <String HEIGHT="58" WIDTH="99" VPOS="1408" HPOS="779" CONTENT="suo"/>
                  <SP HEIGHT="58" WIDTH="14" VPOS="1408" HPOS="878"/>
                  <String HEIGHT="58"
                          WIDTH="199"
                          VPOS="1408"
                          HPOS="836"
                          CONTENT="illegitimo"/>
                  <SP HEIGHT="58" WIDTH="14" VPOS="1408" HPOS="1035"/>
                  <String HEIGHT="58"
                          WIDTH="128"
                          VPOS="1408"
                          HPOS="992"
                          CONTENT="filio"/>
                  <SP HEIGHT="58" WIDTH="14" VPOS="1408" HPOS="1120"/>
                  <String HEIGHT="58"
                          WIDTH="142"
                          VPOS="1408"
                          HPOS="1063"
                          CONTENT="dispensa"/>
               </TextLine>
               <TextLine ID="r1l52"
                         BASELINE="1505"
                         HEIGHT="51"
                         WIDTH="770"
                         VPOS="1454"
                         HPOS="429">
                  <String HEIGHT="51"
                          WIDTH="114"
                          VPOS="1454"
                          HPOS="415"
                          CONTENT="ret."/>
                  <SP HEIGHT="51" WIDTH="14" VPOS="1454" HPOS="529"/>
                  <String HEIGHT="51"
                          WIDTH="100"
                          VPOS="1454"
                          HPOS="486"
                          CONTENT="Nam"/>
                  <SP HEIGHT="51" WIDTH="14" VPOS="1454" HPOS="586"/>
                  <String HEIGHT="51"
                          WIDTH="128"
                          VPOS="1454"
                          HPOS="543"
                          CONTENT="dixit"/>
                  <SP HEIGHT="51" WIDTH="14" VPOS="1454" HPOS="671"/>
                  <String HEIGHT="51"
                          WIDTH="157"
                          VPOS="1454"
                          HPOS="629"
                          CONTENT="romanus"/>
                  <SP HEIGHT="51" WIDTH="14" VPOS="1454" HPOS="785"/>
                  <String HEIGHT="51"
                          WIDTH="185"
                          VPOS="1454"
                          HPOS="743"
                          CONTENT="pontifex."/>
                  <SP HEIGHT="51" WIDTH="14" VPOS="1454" HPOS="928"/>
                  <String HEIGHT="51"
                          WIDTH="100"
                          VPOS="1454"
                          HPOS="885"
                          CONTENT="rex"/>
                  <SP HEIGHT="51" WIDTH="14" VPOS="1454" HPOS="985"/>
                  <String HEIGHT="51"
                          WIDTH="185"
                          VPOS="1454"
                          HPOS="942"
                          CONTENT="Francorum"/>
                  <SP HEIGHT="51" WIDTH="14" VPOS="1454" HPOS="1128"/>
                  <String HEIGHT="51"
                          WIDTH="100"
                          VPOS="1454"
                          HPOS="1085"
                          CONTENT="est"/>
                  <SP HEIGHT="51" WIDTH="14" VPOS="1454" HPOS="1185"/>
                  <String HEIGHT="51"
                          WIDTH="71"
                          VPOS="1454"
                          HPOS="1128"
                          CONTENT="suf"/>
               </TextLine>
               <TextLine ID="r1l54"
                         BASELINE="1548"
                         HEIGHT="51"
                         WIDTH="757"
                         VPOS="1497"
                         HPOS="445">
                  <String HEIGHT="51" WIDTH="95" VPOS="1497" HPOS="431" CONTENT="mus"/>
                  <SP HEIGHT="51" WIDTH="14" VPOS="1497" HPOS="526"/>
                  <String HEIGHT="51" WIDTH="81" VPOS="1497" HPOS="486" CONTENT="in"/>
                  <SP HEIGHT="51" WIDTH="14" VPOS="1497" HPOS="567"/>
                  <String HEIGHT="51" WIDTH="95" VPOS="1497" HPOS="526" CONTENT="suo"/>
                  <SP HEIGHT="51" WIDTH="14" VPOS="1497" HPOS="621"/>
                  <String HEIGHT="51"
                          WIDTH="122"
                          VPOS="1497"
                          HPOS="580"
                          CONTENT="regno"/>
                  <SP HEIGHT="51" WIDTH="14" VPOS="1497" HPOS="702"/>
                  <String HEIGHT="51" WIDTH="81" VPOS="1497" HPOS="661" CONTENT="in"/>
                  <SP HEIGHT="51" WIDTH="14" VPOS="1497" HPOS="742"/>
                  <String HEIGHT="51"
                          WIDTH="230"
                          VPOS="1497"
                          HPOS="702"
                          CONTENT="temporalibus."/>
                  <SP HEIGHT="51" WIDTH="14" VPOS="1497" HPOS="932"/>
                  <String HEIGHT="51" WIDTH="81" VPOS="1497" HPOS="891" CONTENT="si"/>
                  <SP HEIGHT="51" WIDTH="14" VPOS="1497" HPOS="972"/>
                  <String HEIGHT="51"
                          WIDTH="162"
                          VPOS="1497"
                          HPOS="932"
                          CONTENT="loquutus"/>
                  <SP HEIGHT="51" WIDTH="14" VPOS="1497" HPOS="1094"/>
                  <String HEIGHT="51"
                          WIDTH="149"
                          VPOS="1497"
                          HPOS="1053"
                          CONTENT="fuisset"/>
                  <SP HEIGHT="51" WIDTH="14" VPOS="1497" HPOS="1202"/>
                  <String HEIGHT="51" WIDTH="54" VPOS="1497" HPOS="1148" CONTENT="de"/>
               </TextLine>
               <TextLine ID="r1l56"
                         BASELINE="1592"
                         HEIGHT="48"
                         WIDTH="759"
                         VPOS="1544"
                         HPOS="442">
                  <String HEIGHT="48"
                          WIDTH="124"
                          VPOS="1544"
                          HPOS="430"
                          CONTENT="facto,"/>
                  <SP HEIGHT="48" WIDTH="12" VPOS="1544" HPOS="554"/>
                  <String HEIGHT="48"
                          WIDTH="162"
                          VPOS="1544"
                          HPOS="517"
                          CONTENT="responsio"/>
                  <SP HEIGHT="48" WIDTH="12" VPOS="1544" HPOS="678"/>
                  <String HEIGHT="48"
                          WIDTH="137"
                          VPOS="1544"
                          HPOS="641"
                          CONTENT="fuisset"/>
                  <SP HEIGHT="48" WIDTH="12" VPOS="1544" HPOS="778"/>
                  <String HEIGHT="48"
                          WIDTH="124"
                          VPOS="1544"
                          HPOS="741"
                          CONTENT="nulla."/>
                  <SP HEIGHT="48" WIDTH="12" VPOS="1544" HPOS="865"/>
                  <String HEIGHT="48"
                          WIDTH="149"
                          VPOS="1544"
                          HPOS="828"
                          CONTENT="poterant"/>
                  <SP HEIGHT="48" WIDTH="12" VPOS="1544" HPOS="977"/>
                  <String HEIGHT="48"
                          WIDTH="100"
                          VPOS="1544"
                          HPOS="940"
                          CONTENT="enim"/>
                  <SP HEIGHT="48" WIDTH="12" VPOS="1544" HPOS="1039"/>
                  <String HEIGHT="48"
                          WIDTH="87"
                          VPOS="1544"
                          HPOS="1002"
                          CONTENT="sic"/>
                  <SP HEIGHT="48" WIDTH="12" VPOS="1544" HPOS="1089"/>
                  <String HEIGHT="48"
                          WIDTH="100"
                          VPOS="1544"
                          HPOS="1052"
                          CONTENT="ille"/>
                  <SP HEIGHT="48" WIDTH="12" VPOS="1544" HPOS="1151"/>
                  <String HEIGHT="48"
                          WIDTH="100"
                          VPOS="1544"
                          HPOS="1101"
                          CONTENT="nobili"/>
               </TextLine>
               <TextLine ID="r1l58"
                         BASELINE="1646"
                         HEIGHT="46"
                         WIDTH="768"
                         VPOS="1600"
                         HPOS="442">
                  <String HEIGHT="46"
                          WIDTH="226"
                          VPOS="1600"
                          HPOS="427"
                          CONTENT="respondere."/>
                  <SP HEIGHT="46" WIDTH="15" VPOS="1600" HPOS="653"/>
                  <String HEIGHT="46"
                          WIDTH="105"
                          VPOS="1600"
                          HPOS="608"
                          CONTENT="ego"/>
                  <SP HEIGHT="46" WIDTH="15" VPOS="1600" HPOS="713"/>
                  <String HEIGHT="46"
                          WIDTH="105"
                          VPOS="1600"
                          HPOS="668"
                          CONTENT="non"/>
                  <SP HEIGHT="46" WIDTH="15" VPOS="1600" HPOS="773"/>
                  <String HEIGHT="46"
                          WIDTH="181"
                          VPOS="1600"
                          HPOS="728"
                          CONTENT="cognosco"/>
                  <SP HEIGHT="46" WIDTH="15" VPOS="1600" HPOS="909"/>
                  <String HEIGHT="46"
                          WIDTH="105"
                          VPOS="1600"
                          HPOS="864"
                          CONTENT="vel"/>
                  <SP HEIGHT="46" WIDTH="15" VPOS="1600" HPOS="969"/>
                  <String HEIGHT="46"
                          WIDTH="105"
                          VPOS="1600"
                          HPOS="924"
                          CONTENT="non"/>
                  <SP HEIGHT="46" WIDTH="15" VPOS="1600" HPOS="1029"/>
                  <String HEIGHT="46"
                          WIDTH="196"
                          VPOS="1600"
                          HPOS="984"
                          CONTENT="cognoscam"/>
                  <SP HEIGHT="46" WIDTH="15" VPOS="1600" HPOS="1180"/>
                  <String HEIGHT="46"
                          WIDTH="90"
                          VPOS="1600"
                          HPOS="1120"
                          CONTENT="amo"
                          SUBS_TYPE="HypPart1"
                          SUBS_CONTENT="amodo"/>
                  <HYP CONTENT="-"/>
               </TextLine>
               <TextLine ID="r1l60"
                         BASELINE="1695"
                         HEIGHT="66"
                         WIDTH="772"
                         VPOS="1629"
                         HPOS="444">
                  <String HEIGHT="66"
                          WIDTH="84"
                          VPOS="1629"
                          HPOS="430"
                          CONTENT="do"
                          SUBS_TYPE="HypPart2"
                          SUBS_CONTENT="amodo"/>
                  <SP HEIGHT="66" WIDTH="14" VPOS="1629" HPOS="514"/>
                  <String HEIGHT="66"
                          WIDTH="197"
                          VPOS="1629"
                          HPOS="472"
                          CONTENT="superiorem"/>
                  <SP HEIGHT="66" WIDTH="14" VPOS="1629" HPOS="669"/>
                  <String HEIGHT="66" WIDTH="84" VPOS="1629" HPOS="626" CONTENT="de"/>
                  <SP HEIGHT="66" WIDTH="14" VPOS="1629" HPOS="711"/>
                  <String HEIGHT="66"
                          WIDTH="140"
                          VPOS="1629"
                          HPOS="669"
                          CONTENT="facto."/>
                  <SP HEIGHT="66" WIDTH="14" VPOS="1629" HPOS="809"/>
                  <String HEIGHT="66"
                          WIDTH="126"
                          VPOS="1629"
                          HPOS="767"
                          CONTENT="Quito"/>
                  <SP HEIGHT="66" WIDTH="14" VPOS="1629" HPOS="893"/>
                  <String HEIGHT="66"
                          WIDTH="182"
                          VPOS="1629"
                          HPOS="851"
                          CONTENT="arguitur."/>
                  <SP HEIGHT="66" WIDTH="14" VPOS="1629" HPOS="1034"/>
                  <String HEIGHT="66"
                          WIDTH="182"
                          VPOS="1629"
                          HPOS="991"
                          CONTENT="oppositum"/>
                  <SP HEIGHT="66" WIDTH="14" VPOS="1629" HPOS="1174"/>
                  <String HEIGHT="66"
                          WIDTH="98"
                          VPOS="1629"
                          HPOS="1118"
                          CONTENT="asse"
                          SUBS_TYPE="HypPart1"
                          SUBS_CONTENT="asserens"/>
                  <HYP CONTENT="-"/>
               </TextLine>
               <TextLine ID="r1l62"
                         BASELINE="1721"
                         HEIGHT="46"
                         WIDTH="766"
                         VPOS="1675"
                         HPOS="448">
                  <String HEIGHT="46"
                          WIDTH="113"
                          VPOS="1675"
                          HPOS="434"
                          CONTENT="rens"
                          SUBS_TYPE="HypPart2"
                          SUBS_CONTENT="asserens"/>
                  <SP HEIGHT="46" WIDTH="14" VPOS="1675" HPOS="547"/>
                  <String HEIGHT="46" WIDTH="71" VPOS="1675" HPOS="505" CONTENT="/"/>
                  <SP HEIGHT="46" WIDTH="14" VPOS="1675" HPOS="576"/>
                  <String HEIGHT="46" WIDTH="71" VPOS="1675" HPOS="533" CONTENT="&amp;"/>
                  <SP HEIGHT="46" WIDTH="14" VPOS="1675" HPOS="604"/>
                  <String HEIGHT="46"
                          WIDTH="156"
                          VPOS="1675"
                          HPOS="561"
                          CONTENT="maximum"/>
                  <SP HEIGHT="46" WIDTH="14" VPOS="1675" HPOS="718"/>
                  <String HEIGHT="46"
                          WIDTH="199"
                          VPOS="1675"
                          HPOS="675"
                          CONTENT="pontificem"/>
                  <SP HEIGHT="46" WIDTH="14" VPOS="1675" HPOS="874"/>
                  <String HEIGHT="46" WIDTH="71" VPOS="1675" HPOS="831" CONTENT="&amp;"/>
                  <SP HEIGHT="46" WIDTH="14" VPOS="1675" HPOS="902"/>
                  <String HEIGHT="46"
                          WIDTH="128"
                          VPOS="1675"
                          HPOS="859"
                          CONTENT="reges"/>
                  <SP HEIGHT="46" WIDTH="14" VPOS="1675" HPOS="987"/>
                  <String HEIGHT="46"
                          WIDTH="170"
                          VPOS="1675"
                          HPOS="944"
                          CONTENT="offendit"/>
                  <SP HEIGHT="46" WIDTH="14" VPOS="1675" HPOS="1115"/>
                  <String HEIGHT="46" WIDTH="71" VPOS="1675" HPOS="1072" CONTENT="&amp;"/>
                  <SP HEIGHT="46" WIDTH="14" VPOS="1675" HPOS="1143"/>
                  <String HEIGHT="46"
                          WIDTH="99"
                          VPOS="1675"
                          HPOS="1101"
                          CONTENT="eis"/>
                  <SP HEIGHT="46" WIDTH="14" VPOS="1675" HPOS="1200"/>
                  <String HEIGHT="46"
                          WIDTH="71"
                          VPOS="1675"
                          HPOS="1143"
                          CONTENT="no"
                          SUBS_TYPE="HypPart1"
                          SUBS_CONTENT="nocumentum"/>
                  <HYP CONTENT="-"/>
               </TextLine>
               <TextLine ID="r1l64"
                         BASELINE="1767"
                         HEIGHT="50"
                         WIDTH="765"
                         VPOS="1717"
                         HPOS="445">
                  <String HEIGHT="50"
                          WIDTH="177"
                          VPOS="1717"
                          HPOS="430"
                          CONTENT="cumentum"
                          SUBS_TYPE="HypPart2"
                          SUBS_CONTENT="nocumentum"/>
                  <SP HEIGHT="50" WIDTH="15" VPOS="1717" HPOS="607"/>
                  <String HEIGHT="50"
                          WIDTH="191"
                          VPOS="1717"
                          HPOS="563"
                          CONTENT="praestat:"/>
                  <SP HEIGHT="50" WIDTH="15" VPOS="1717" HPOS="754"/>
                  <String HEIGHT="50"
                          WIDTH="118"
                          VPOS="1717"
                          HPOS="710"
                          CONTENT="ergo"/>
                  <SP HEIGHT="50" WIDTH="15" VPOS="1717" HPOS="828"/>
                  <String HEIGHT="50"
                          WIDTH="162"
                          VPOS="1717"
                          HPOS="783"
                          CONTENT="sapiens"/>
                  <SP HEIGHT="50" WIDTH="15" VPOS="1717" HPOS="945"/>
                  <String HEIGHT="50"
                          WIDTH="103"
                          VPOS="1717"
                          HPOS="901"
                          CONTENT="non"/>
                  <SP HEIGHT="50" WIDTH="15" VPOS="1717" HPOS="1004"/>
                  <String HEIGHT="50"
                          WIDTH="132"
                          VPOS="1717"
                          HPOS="960"
                          CONTENT="debet"/>
                  <SP HEIGHT="50" WIDTH="15" VPOS="1717" HPOS="1092"/>
                  <String HEIGHT="50"
                          WIDTH="132"
                          VPOS="1717"
                          HPOS="1048"
                          CONTENT="illud"/>
                  <SP HEIGHT="50" WIDTH="15" VPOS="1717" HPOS="1181"/>
                  <String HEIGHT="50"
                          WIDTH="88"
                          VPOS="1717"
                          HPOS="1122"
                          CONTENT="asse"/>
               </TextLine>
               <TextLine ID="r1l66"
                         BASELINE="1824"
                         HEIGHT="50"
                         WIDTH="777"
                         VPOS="1774"
                         HPOS="445">
                  <String HEIGHT="50"
                          WIDTH="115"
                          VPOS="1774"
                          HPOS="432"
                          CONTENT="rere."/>
                  <SP HEIGHT="50" WIDTH="13" VPOS="1774" HPOS="547"/>
                  <String HEIGHT="50"
                          WIDTH="102"
                          VPOS="1774"
                          HPOS="509"
                          CONTENT="quod"/>
                  <SP HEIGHT="50" WIDTH="13" VPOS="1774" HPOS="611"/>
                  <String HEIGHT="50" WIDTH="89" VPOS="1774" HPOS="572" CONTENT="non"/>
                  <SP HEIGHT="50" WIDTH="13" VPOS="1774" HPOS="662"/>
                  <String HEIGHT="50"
                          WIDTH="127"
                          VPOS="1774"
                          HPOS="623"
                          CONTENT="prosit"/>
                  <SP HEIGHT="50" WIDTH="13" VPOS="1774" HPOS="751"/>
                  <String HEIGHT="50"
                          WIDTH="204"
                          VPOS="1774"
                          HPOS="712"
                          CONTENT="pontificibus"/>
                  <SP HEIGHT="50" WIDTH="13" VPOS="1774" HPOS="916"/>
                  <String HEIGHT="50"
                          WIDTH="178"
                          VPOS="1774"
                          HPOS="878"
                          CONTENT="manifestum"/>
                  <SP HEIGHT="50" WIDTH="13" VPOS="1774" HPOS="1056"/>
                  <String HEIGHT="50"
                          WIDTH="102"
                          VPOS="1774"
                          HPOS="1018"
                          CONTENT="est:"/>
                  <SP HEIGHT="50" WIDTH="13" VPOS="1774" HPOS="1120"/>
                  <String HEIGHT="50"
                          WIDTH="102"
                          VPOS="1774"
                          HPOS="1082"
                          CONTENT="quia"/>
                  <SP HEIGHT="50" WIDTH="13" VPOS="1774" HPOS="1184"/>
                  <String HEIGHT="50"
                          WIDTH="89"
                          VPOS="1774"
                          HPOS="1133"
                          CONTENT="facit"/>
               </TextLine>
               <TextLine ID="r1l68"
                         BASELINE="1863"
                         HEIGHT="52"
                         WIDTH="769"
                         VPOS="1811"
                         HPOS="444">
                  <String HEIGHT="52"
                          WIDTH="100"
                          VPOS="1811"
                          HPOS="430"
                          CONTENT="eos"/>
                  <SP HEIGHT="52" WIDTH="14" VPOS="1811" HPOS="529"/>
                  <String HEIGHT="52"
                          WIDTH="142"
                          VPOS="1811"
                          HPOS="487"
                          CONTENT="quitum"/>
                  <SP HEIGHT="52" WIDTH="14" VPOS="1811" HPOS="629"/>
                  <String HEIGHT="52" WIDTH="85" VPOS="1811" HPOS="586" CONTENT="in"/>
                  <SP HEIGHT="52" WIDTH="14" VPOS="1811" HPOS="672"/>
                  <String HEIGHT="52" WIDTH="85" VPOS="1811" HPOS="629" CONTENT="se"/>
                  <SP HEIGHT="52" WIDTH="14" VPOS="1811" HPOS="715"/>
                  <String HEIGHT="52"
                          WIDTH="100"
                          VPOS="1811"
                          HPOS="672"
                          CONTENT="est"/>
                  <SP HEIGHT="52" WIDTH="14" VPOS="1811" HPOS="772"/>
                  <String HEIGHT="52"
                          WIDTH="214"
                          VPOS="1811"
                          HPOS="729"
                          CONTENT="sollicitos,"/>
                  <SP HEIGHT="52" WIDTH="14" VPOS="1811" HPOS="942"/>
                  <String HEIGHT="52" WIDTH="85" VPOS="1811" HPOS="900" CONTENT="vt"/>
                  <SP HEIGHT="52" WIDTH="14" VPOS="1811" HPOS="985"/>
                  <String HEIGHT="52"
                          WIDTH="128"
                          VPOS="1811"
                          HPOS="942"
                          CONTENT="illud"/>
                  <SP HEIGHT="52" WIDTH="14" VPOS="1811" HPOS="1071"/>
                  <String HEIGHT="52"
                          WIDTH="199"
                          VPOS="1811"
                          HPOS="1014"
                          CONTENT="Mathematicum"/>
               </TextLine>
               <TextLine ID="r1l70"
                         BASELINE="1902"
                         HEIGHT="49"
                         WIDTH="767"
                         VPOS="1853"
                         HPOS="438">
                  <String HEIGHT="49"
                          WIDTH="156"
                          VPOS="1853"
                          HPOS="425"
                          CONTENT="imperium"/>
                  <SP HEIGHT="49" WIDTH="13" VPOS="1853" HPOS="581"/>
                  <String HEIGHT="49" WIDTH="78" VPOS="1853" HPOS="542" CONTENT="in"/>
                  <SP HEIGHT="49" WIDTH="13" VPOS="1853" HPOS="620"/>
                  <String HEIGHT="49"
                          WIDTH="208"
                          VPOS="1853"
                          HPOS="581"
                          CONTENT="temporalibus"/>
                  <SP HEIGHT="49" WIDTH="13" VPOS="1853" HPOS="789"/>
                  <String HEIGHT="49"
                          WIDTH="208"
                          VPOS="1853"
                          HPOS="750"
                          CONTENT="manuteneant,"/>
                  <SP HEIGHT="49" WIDTH="13" VPOS="1853" HPOS="958"/>
                  <String HEIGHT="49"
                          WIDTH="104"
                          VPOS="1853"
                          HPOS="919"
                          CONTENT="quia"/>
                  <SP HEIGHT="49" WIDTH="13" VPOS="1853" HPOS="1023"/>
                  <String HEIGHT="49" WIDTH="91" VPOS="1853" HPOS="984" CONTENT="non"/>
                  <SP HEIGHT="49" WIDTH="13" VPOS="1853" HPOS="1075"/>
                  <String HEIGHT="49"
                          WIDTH="169"
                          VPOS="1853"
                          HPOS="1036"
                          CONTENT="patiuntur"/>
                  <SP HEIGHT="49" WIDTH="13" VPOS="1853" HPOS="1205"/>
                  <String HEIGHT="49" WIDTH="52" VPOS="1853" HPOS="1153" CONTENT="di"/>
               </TextLine>
               <TextLine ID="r1l72"
                         BASELINE="1952"
                         HEIGHT="54"
                         WIDTH="756"
                         VPOS="1898"
                         HPOS="445">
                  <String HEIGHT="54"
                          WIDTH="186"
                          VPOS="1898"
                          HPOS="432"
                          CONTENT="minutionem"/>
                  <SP HEIGHT="54" WIDTH="13" VPOS="1898" HPOS="617"/>
                  <String HEIGHT="54" WIDTH="80" VPOS="1898" HPOS="578" CONTENT="in"/>
                  <SP HEIGHT="54" WIDTH="13" VPOS="1898" HPOS="657"/>
                  <String HEIGHT="54"
                          WIDTH="212"
                          VPOS="1898"
                          HPOS="617"
                          CONTENT="temporalibus"/>
                  <SP HEIGHT="54" WIDTH="13" VPOS="1898" HPOS="830"/>
                  <String HEIGHT="54" WIDTH="80" VPOS="1898" HPOS="790" CONTENT="ad"/>
                  <SP HEIGHT="54" WIDTH="13" VPOS="1898" HPOS="869"/>
                  <String HEIGHT="54" WIDTH="80" VPOS="1898" HPOS="830" CONTENT="se"/>
                  <SP HEIGHT="54" WIDTH="13" VPOS="1898" HPOS="909"/>
                  <String HEIGHT="54"
                          WIDTH="212"
                          VPOS="1898"
                          HPOS="869"
                          CONTENT="spectantibus"/>
                  <SP HEIGHT="54" WIDTH="13" VPOS="1898" HPOS="1082"/>
                  <String HEIGHT="54"
                          WIDTH="106"
                          VPOS="1898"
                          HPOS="1042"
                          CONTENT="vere"/>
                  <SP HEIGHT="54" WIDTH="13" VPOS="1898" HPOS="1148"/>
                  <String HEIGHT="54"
                          WIDTH="93"
                          VPOS="1898"
                          HPOS="1108"
                          CONTENT="vel"/>
                  <SP HEIGHT="54" WIDTH="13" VPOS="1898" HPOS="1201"/>
                  <String HEIGHT="54" WIDTH="53" VPOS="1898" HPOS="1148" CONTENT="ab"/>
               </TextLine>
               <TextLine ID="r1l74"
                         BASELINE="1997"
                         HEIGHT="57"
                         WIDTH="765"
                         VPOS="1940"
                         HPOS="447">
                  <String HEIGHT="57"
                          WIDTH="181"
                          VPOS="1940"
                          HPOS="433"
                          CONTENT="parenter:"/>
                  <SP HEIGHT="57" WIDTH="14" VPOS="1940" HPOS="614"/>
                  <String HEIGHT="57" WIDTH="70" VPOS="1940" HPOS="572" CONTENT="&amp;"/>
                  <SP HEIGHT="57" WIDTH="14" VPOS="1940" HPOS="642"/>
                  <String HEIGHT="57" WIDTH="97" VPOS="1940" HPOS="600" CONTENT="sic"/>
                  <SP HEIGHT="57" WIDTH="14" VPOS="1940" HPOS="697"/>
                  <String HEIGHT="57"
                          WIDTH="209"
                          VPOS="1940"
                          HPOS="656"
                          CONTENT="ministratur"/>
                  <SP HEIGHT="57" WIDTH="14" VPOS="1940" HPOS="864"/>
                  <String HEIGHT="57" WIDTH="97" VPOS="1940" HPOS="823" CONTENT="eis"/>
                  <SP HEIGHT="57" WIDTH="14" VPOS="1940" HPOS="920"/>
                  <String HEIGHT="57"
                          WIDTH="153"
                          VPOS="1940"
                          HPOS="878"
                          CONTENT="materia"/>
                  <SP HEIGHT="57" WIDTH="14" VPOS="1940" HPOS="1031"/>
                  <String HEIGHT="57"
                          WIDTH="167"
                          VPOS="1940"
                          HPOS="989"
                          CONTENT="rapiendi"/>
                  <SP HEIGHT="57" WIDTH="14" VPOS="1940" HPOS="1156"/>
                  <String HEIGHT="57"
                          WIDTH="111"
                          VPOS="1940"
                          HPOS="1101"
                          CONTENT="alieni"/>
               </TextLine>
               <TextLine ID="r1l76"
                         BASELINE="2034"
                         HEIGHT="45"
                         WIDTH="762"
                         VPOS="1989"
                         HPOS="445">
                  <String HEIGHT="45"
                          WIDTH="166"
                          VPOS="1989"
                          HPOS="431"
                          CONTENT="imperii:"/>
                  <SP HEIGHT="45" WIDTH="14" VPOS="1989" HPOS="597"/>
                  <String HEIGHT="45"
                          WIDTH="111"
                          VPOS="1989"
                          HPOS="556"
                          CONTENT="quod"/>
                  <SP HEIGHT="45" WIDTH="14" VPOS="1989" HPOS="667"/>
                  <String HEIGHT="45"
                          WIDTH="152"
                          VPOS="1989"
                          HPOS="625"
                          CONTENT="nunquam"/>
                  <SP HEIGHT="45" WIDTH="14" VPOS="1989" HPOS="778"/>
                  <String HEIGHT="45" WIDTH="83" VPOS="1989" HPOS="736" CONTENT="ad"/>
                  <SP HEIGHT="45" WIDTH="14" VPOS="1989" HPOS="819"/>
                  <String HEIGHT="45"
                          WIDTH="125"
                          VPOS="1989"
                          HPOS="778"
                          CONTENT="finem"/>
                  <SP HEIGHT="45" WIDTH="14" VPOS="1989" HPOS="902"/>
                  <String HEIGHT="45"
                          WIDTH="166"
                          VPOS="1989"
                          HPOS="861"
                          CONTENT="deducere"/>
                  <SP HEIGHT="45" WIDTH="14" VPOS="1989" HPOS="1027"/>
                  <String HEIGHT="45"
                          WIDTH="180"
                          VPOS="1989"
                          HPOS="985"
                          CONTENT="poterunt:"/>
                  <SP HEIGHT="45" WIDTH="14" VPOS="1989" HPOS="1165"/>
                  <String HEIGHT="45" WIDTH="83" VPOS="1989" HPOS="1124" CONTENT="vt"/>
                  <SP HEIGHT="45" WIDTH="14" VPOS="1989" HPOS="1207"/>
                  <String HEIGHT="45" WIDTH="55" VPOS="1989" HPOS="1152" CONTENT="le"/>
               </TextLine>
               <TextLine ID="r1l78"
                         BASELINE="2089"
                         HEIGHT="55"
                         WIDTH="769"
                         VPOS="2034"
                         HPOS="447">
                  <String HEIGHT="55"
                          WIDTH="147"
                          VPOS="2034"
                          HPOS="431"
                          CONTENT="gimus"/>
                  <SP HEIGHT="55" WIDTH="16" VPOS="2034" HPOS="578"/>
                  <String HEIGHT="55" WIDTH="98" VPOS="2034" HPOS="529" CONTENT="de"/>
                  <SP HEIGHT="55" WIDTH="16" VPOS="2034" HPOS="627"/>
                  <String HEIGHT="55"
                          WIDTH="213"
                          VPOS="2034"
                          HPOS="578"
                          CONTENT="Bonifacio"/>
                  <SP HEIGHT="55" WIDTH="16" VPOS="2034" HPOS="791"/>
                  <String HEIGHT="55"
                          WIDTH="164"
                          VPOS="2034"
                          HPOS="742"
                          CONTENT="octauo"/>
                  <SP HEIGHT="55" WIDTH="16" VPOS="2034" HPOS="905"/>
                  <String HEIGHT="55"
                          WIDTH="164"
                          VPOS="2034"
                          HPOS="856"
                          CONTENT="contra"/>
                  <SP HEIGHT="55" WIDTH="16" VPOS="2034" HPOS="1020"/>
                  <String HEIGHT="55"
                          WIDTH="213"
                          VPOS="2034"
                          HPOS="971"
                          CONTENT="Philippum"/>
                  <SP HEIGHT="55" WIDTH="16" VPOS="2034" HPOS="1183"/>
                  <String HEIGHT="55"
                          WIDTH="98"
                          VPOS="2034"
                          HPOS="1118"
                          CONTENT="Pul"
                          SUBS_TYPE="HypPart1"
                          SUBS_CONTENT="Pulchrum"/>
                  <HYP CONTENT="-"/>
               </TextLine>
               <TextLine ID="r1l80"
                         BASELINE="2129"
                         HEIGHT="50"
                         WIDTH="759"
                         VPOS="2079"
                         HPOS="451">
                  <String HEIGHT="50"
                          WIDTH="131"
                          VPOS="2079"
                          HPOS="436"
                          CONTENT="chrum"
                          SUBS_TYPE="HypPart2"
                          SUBS_CONTENT="Pulchrum"/>
                  <SP HEIGHT="50" WIDTH="15" VPOS="2079" HPOS="568"/>
                  <String HEIGHT="50" WIDTH="73" VPOS="2079" HPOS="524" CONTENT="&amp;"/>
                  <SP HEIGHT="50" WIDTH="15" VPOS="2079" HPOS="597"/>
                  <String HEIGHT="50"
                          WIDTH="131"
                          VPOS="2079"
                          HPOS="553"
                          CONTENT="aliis"/>
                  <SP HEIGHT="50" WIDTH="15" VPOS="2079" HPOS="685"/>
                  <String HEIGHT="50"
                          WIDTH="161"
                          VPOS="2079"
                          HPOS="641"
                          CONTENT="variis."/>
                  <SP HEIGHT="50" WIDTH="15" VPOS="2079" HPOS="801"/>
                  <String HEIGHT="50"
                          WIDTH="190"
                          VPOS="2079"
                          HPOS="758"
                          CONTENT="Similiter"/>
                  <SP HEIGHT="50" WIDTH="15" VPOS="2079" HPOS="947"/>
                  <String HEIGHT="50"
                          WIDTH="102"
                          VPOS="2079"
                          HPOS="903"
                          CONTENT="est"/>
                  <SP HEIGHT="50" WIDTH="15" VPOS="2079" HPOS="1006"/>
                  <String HEIGHT="50"
                          WIDTH="204"
                          VPOS="2079"
                          HPOS="962"
                          CONTENT="nocumentum"/>
                  <SP HEIGHT="50" WIDTH="15" VPOS="2079" HPOS="1166"/>
                  <String HEIGHT="50"
                          WIDTH="102"
                          VPOS="2079"
                          HPOS="1108"
                          CONTENT="regi"
                          SUBS_TYPE="HypPart1"
                          SUBS_CONTENT="regibus"/>
                  <HYP CONTENT="-"/>
               </TextLine>
               <TextLine ID="r1l82"
                         BASELINE="2167"
                         HEIGHT="49"
                         WIDTH="768"
                         VPOS="2118"
                         HPOS="444">
                  <String HEIGHT="49"
                          WIDTH="108"
                          VPOS="2118"
                          HPOS="429"
                          CONTENT="bus"
                          SUBS_TYPE="HypPart2"
                          SUBS_CONTENT="regibus"/>
                  <SP HEIGHT="49" WIDTH="15" VPOS="2118" HPOS="536"/>
                  <String HEIGHT="49" WIDTH="92" VPOS="2118" HPOS="490" CONTENT="in"/>
                  <SP HEIGHT="49" WIDTH="15" VPOS="2118" HPOS="582"/>
                  <String HEIGHT="49"
                          WIDTH="246"
                          VPOS="2118"
                          HPOS="536"
                          CONTENT="temporalibus"/>
                  <SP HEIGHT="49" WIDTH="15" VPOS="2118" HPOS="782"/>
                  <String HEIGHT="49"
                          WIDTH="108"
                          VPOS="2118"
                          HPOS="736"
                          CONTENT="pro"/>
                  <SP HEIGHT="49" WIDTH="15" VPOS="2118" HPOS="843"/>
                  <String HEIGHT="49"
                          WIDTH="123"
                          VPOS="2118"
                          HPOS="797"
                          CONTENT="suis"/>
                  <SP HEIGHT="49" WIDTH="15" VPOS="2118" HPOS="920"/>
                  <String HEIGHT="49"
                          WIDTH="154"
                          VPOS="2118"
                          HPOS="874"
                          CONTENT="regnis"/>
                  <SP HEIGHT="49" WIDTH="15" VPOS="2118" HPOS="1028"/>
                  <String HEIGHT="49"
                          WIDTH="246"
                          VPOS="2118"
                          HPOS="982"
                          CONTENT="defendendis:"/>
                  <SP HEIGHT="49" WIDTH="15" VPOS="2118" HPOS="1227"/>
                  <String HEIGHT="49" WIDTH="46" VPOS="2118" HPOS="1166" CONTENT="&amp;"/>
               </TextLine>
               <TextLine ID="r1l84"
                         BASELINE="2213"
                         HEIGHT="48"
                         WIDTH="771"
                         VPOS="2165"
                         HPOS="442">
                  <String HEIGHT="48" WIDTH="86" VPOS="2165" HPOS="428" CONTENT="in"/>
                  <SP HEIGHT="48" WIDTH="14" VPOS="2165" HPOS="513"/>
                  <String HEIGHT="48"
                          WIDTH="257"
                          VPOS="2165"
                          HPOS="471"
                          CONTENT="spiritualibus:"/>
                  <SP HEIGHT="48" WIDTH="14" VPOS="2165" HPOS="728"/>
                  <String HEIGHT="48"
                          WIDTH="114"
                          VPOS="2165"
                          HPOS="685"
                          CONTENT="quia"/>
                  <SP HEIGHT="48" WIDTH="14" VPOS="2165" HPOS="799"/>
                  <String HEIGHT="48"
                          WIDTH="129"
                          VPOS="2165"
                          HPOS="756"
                          CONTENT="multa"/>
                  <SP HEIGHT="48" WIDTH="14" VPOS="2165" HPOS="885"/>
                  <String HEIGHT="48"
                          WIDTH="114"
                          VPOS="2165"
                          HPOS="842"
                          CONTENT="mala"/>
                  <SP HEIGHT="48" WIDTH="14" VPOS="2165" HPOS="956"/>
                  <String HEIGHT="48"
                          WIDTH="157"
                          VPOS="2165"
                          HPOS="913"
                          CONTENT="tempore"/>
                  <SP HEIGHT="48" WIDTH="14" VPOS="2165" HPOS="1070"/>
                  <String HEIGHT="48"
                          WIDTH="129"
                          VPOS="2165"
                          HPOS="1027"
                          CONTENT="belli"/>
                  <SP HEIGHT="48" WIDTH="14" VPOS="2165" HPOS="1156"/>
                  <String HEIGHT="48"
                          WIDTH="114"
                          VPOS="2165"
                          HPOS="1099"
                          CONTENT="commit"/>
               </TextLine>
               <TextLine ID="r1l86"
                         BASELINE="2258"
                         HEIGHT="47"
                         WIDTH="767"
                         VPOS="2211"
                         HPOS="453">
                  <String HEIGHT="47"
                          WIDTH="172"
                          VPOS="2211"
                          HPOS="437"
                          CONTENT="tuntur."/>
                  <SP HEIGHT="47" WIDTH="16" VPOS="2211" HPOS="610"/>
                  <String HEIGHT="47"
                          WIDTH="203"
                          VPOS="2211"
                          HPOS="563"
                          CONTENT="propterea"/>
                  <SP HEIGHT="47" WIDTH="16" VPOS="2211" HPOS="766"/>
                  <String HEIGHT="47"
                          WIDTH="172"
                          VPOS="2211"
                          HPOS="719"
                          CONTENT="loannes"/>
                  <SP HEIGHT="47" WIDTH="16" VPOS="2211" HPOS="891"/>
                  <String HEIGHT="47"
                          WIDTH="157"
                          VPOS="2211"
                          HPOS="844"
                          CONTENT="Gerson"/>
                  <SP HEIGHT="47" WIDTH="16" VPOS="2211" HPOS="1001"/>
                  <String HEIGHT="47"
                          WIDTH="219"
                          VPOS="2211"
                          HPOS="954"
                          CONTENT="asserentes"/>
                  <SP HEIGHT="47" WIDTH="16" VPOS="2211" HPOS="1173"/>
                  <String HEIGHT="47"
                          WIDTH="110"
                          VPOS="2211"
                          HPOS="1110"
                          CONTENT="talia"/>
               </TextLine>
               <TextLine ID="r1l88"
                         BASELINE="2301"
                         HEIGHT="51"
                         WIDTH="763"
                         VPOS="2250"
                         HPOS="448">
                  <String HEIGHT="51"
                          WIDTH="234"
                          VPOS="2250"
                          HPOS="432"
                          CONTENT="blandientes"/>
                  <SP HEIGHT="51" WIDTH="16" VPOS="2250" HPOS="666"/>
                  <String HEIGHT="51"
                          WIDTH="202"
                          VPOS="2250"
                          HPOS="619"
                          CONTENT="appellat."/>
                  <SP HEIGHT="51" WIDTH="16" VPOS="2250" HPOS="822"/>
                  <String HEIGHT="51"
                          WIDTH="140"
                          VPOS="2250"
                          HPOS="775"
                          CONTENT="Sexto"/>
                  <SP HEIGHT="51" WIDTH="16" VPOS="2250" HPOS="915"/>
                  <String HEIGHT="51"
                          WIDTH="202"
                          VPOS="2250"
                          HPOS="868"
                          CONTENT="arguitur."/>
                  <SP HEIGHT="51" WIDTH="16" VPOS="2250" HPOS="1071"/>
                  <String HEIGHT="51"
                          WIDTH="140"
                          VPOS="2250"
                          HPOS="1024"
                          CONTENT="multi"/>
                  <SP HEIGHT="51" WIDTH="16" VPOS="2250" HPOS="1164"/>
                  <String HEIGHT="51"
                          WIDTH="109"
                          VPOS="2250"
                          HPOS="1102"
                          CONTENT="deuo"
                          SUBS_TYPE="HypPart1"
                          SUBS_CONTENT="deuoti"/>
                  <HYP CONTENT="-"/>
               </TextLine>
               <TextLine ID="r1l90"
                         BASELINE="2355"
                         HEIGHT="55"
                         WIDTH="754"
                         VPOS="2300"
                         HPOS="445">
                  <String HEIGHT="55"
                          WIDTH="96"
                          VPOS="2300"
                          HPOS="429"
                          CONTENT="ti"
                          SUBS_TYPE="HypPart2"
                          SUBS_CONTENT="deuoti"/>
                  <SP HEIGHT="55" WIDTH="16" VPOS="2300" HPOS="525"/>
                  <String HEIGHT="55"
                          WIDTH="144"
                          VPOS="2300"
                          HPOS="477"
                          CONTENT="reges"/>
                  <SP HEIGHT="55" WIDTH="16" VPOS="2300" HPOS="621"/>
                  <String HEIGHT="55" WIDTH="80" VPOS="2300" HPOS="573" CONTENT="a"/>
                  <SP HEIGHT="55" WIDTH="16" VPOS="2300" HPOS="654"/>
                  <String HEIGHT="55"
                          WIDTH="257"
                          VPOS="2300"
                          HPOS="605"
                          CONTENT="pontificibus"/>
                  <SP HEIGHT="55" WIDTH="16" VPOS="2300" HPOS="862"/>
                  <String HEIGHT="55"
                          WIDTH="176"
                          VPOS="2300"
                          HPOS="814"
                          CONTENT="maximis"/>
                  <SP HEIGHT="55" WIDTH="16" VPOS="2300" HPOS="990"/>
                  <String HEIGHT="55"
                          WIDTH="225"
                          VPOS="2300"
                          HPOS="942"
                          CONTENT="canonizati"/>
                  <SP HEIGHT="55" WIDTH="16" VPOS="2300" HPOS="1167"/>
                  <String HEIGHT="55"
                          WIDTH="96"
                          VPOS="2300"
                          HPOS="1103"
                          CONTENT="nunt"/>
               </TextLine>
               <TextLine ID="r1l92"
                         BASELINE="2393"
                         HEIGHT="54"
                         WIDTH="769"
                         VPOS="2339"
                         HPOS="442">
                  <String HEIGHT="54"
                          WIDTH="176"
                          VPOS="2339"
                          HPOS="426"
                          CONTENT="romanos"/>
                  <SP HEIGHT="54" WIDTH="16" VPOS="2339" HPOS="602"/>
                  <String HEIGHT="54"
                          WIDTH="224"
                          VPOS="2339"
                          HPOS="554"
                          CONTENT="pontifices"/>
                  <SP HEIGHT="54" WIDTH="16" VPOS="2339" HPOS="778"/>
                  <String HEIGHT="54"
                          WIDTH="144"
                          VPOS="2339"
                          HPOS="730"
                          CONTENT="supra"/>
                  <SP HEIGHT="54" WIDTH="16" VPOS="2339" HPOS="875"/>
                  <String HEIGHT="54" WIDTH="96" VPOS="2339" HPOS="827" CONTENT="se"/>
                  <SP HEIGHT="54" WIDTH="16" VPOS="2339" HPOS="923"/>
                  <String HEIGHT="54" WIDTH="96" VPOS="2339" HPOS="875" CONTENT="in"/>
                  <SP HEIGHT="54" WIDTH="16" VPOS="2339" HPOS="971"/>
                  <String HEIGHT="54"
                          WIDTH="256"
                          VPOS="2339"
                          HPOS="923"
                          CONTENT="temporalibus"/>
                  <SP HEIGHT="54" WIDTH="16" VPOS="2339" HPOS="1179"/>
                  <String HEIGHT="54"
                          WIDTH="96"
                          VPOS="2339"
                          HPOS="1115"
                          CONTENT="admi"/>
               </TextLine>
               <TextLine ID="r1l94"
                         BASELINE="2437"
                         HEIGHT="48"
                         WIDTH="748"
                         VPOS="2389"
                         HPOS="448">
                  <String HEIGHT="48"
                          WIDTH="175"
                          VPOS="2389"
                          HPOS="432"
                          CONTENT="serunt:"/>
                  <SP HEIGHT="48" WIDTH="16" VPOS="2389" HPOS="607"/>
                  <String HEIGHT="48" WIDTH="80" VPOS="2389" HPOS="559" CONTENT="&amp;"/>
                  <SP HEIGHT="48" WIDTH="16" VPOS="2389" HPOS="639"/>
                  <String HEIGHT="48" WIDTH="95" VPOS="2389" HPOS="591" CONTENT="in"/>
                  <SP HEIGHT="48" WIDTH="16" VPOS="2389" HPOS="687"/>
                  <String HEIGHT="48"
                          WIDTH="111"
                          VPOS="2389"
                          HPOS="639"
                          CONTENT="hoc"/>
                  <SP HEIGHT="48" WIDTH="16" VPOS="2389" HPOS="750"/>
                  <String HEIGHT="48"
                          WIDTH="159"
                          VPOS="2389"
                          HPOS="703"
                          CONTENT="mortui"/>
                  <SP HEIGHT="48" WIDTH="16" VPOS="2389" HPOS="862"/>
                  <String HEIGHT="48"
                          WIDTH="143"
                          VPOS="2389"
                          HPOS="814"
                          CONTENT="sunt:"/>
                  <SP HEIGHT="48" WIDTH="16" VPOS="2389" HPOS="957"/>
                  <String HEIGHT="48"
                          WIDTH="127"
                          VPOS="2389"
                          HPOS="910"
                          CONTENT="ergo"/>
                  <SP HEIGHT="48" WIDTH="16" VPOS="2389" HPOS="1037"/>
                  <String HEIGHT="48"
                          WIDTH="159"
                          VPOS="2389"
                          HPOS="989"
                          CONTENT="signum"/>
                  <SP HEIGHT="48" WIDTH="16" VPOS="2389" HPOS="1148"/>
                  <String HEIGHT="48"
                          WIDTH="111"
                          VPOS="2389"
                          HPOS="1101"
                          CONTENT="est"/>
                  <SP HEIGHT="48" WIDTH="16" VPOS="2389" HPOS="1212"/>
                  <String HEIGHT="48" WIDTH="48" VPOS="2389" HPOS="1148" CONTENT="o"/>
               </TextLine>
               <TextLine ID="r1l96"
                         BASELINE="2484"
                         HEIGHT="46"
                         WIDTH="766"
                         VPOS="2438"
                         HPOS="441">
                  <String HEIGHT="46"
                          WIDTH="150"
                          VPOS="2438"
                          HPOS="426"
                          CONTENT="romani"/>
                  <SP HEIGHT="46" WIDTH="15" VPOS="2438" HPOS="576"/>
                  <String HEIGHT="46"
                          WIDTH="210"
                          VPOS="2438"
                          HPOS="531"
                          CONTENT="pontifices"/>
                  <SP HEIGHT="46" WIDTH="15" VPOS="2438" HPOS="741"/>
                  <String HEIGHT="46"
                          WIDTH="105"
                          VPOS="2438"
                          HPOS="696"
                          CONTENT="non"/>
                  <SP HEIGHT="46" WIDTH="15" VPOS="2438" HPOS="801"/>
                  <String HEIGHT="46"
                          WIDTH="150"
                          VPOS="2438"
                          HPOS="756"
                          CONTENT="habent"/>
                  <SP HEIGHT="46" WIDTH="15" VPOS="2438" HPOS="907"/>
                  <String HEIGHT="46"
                          WIDTH="180"
                          VPOS="2438"
                          HPOS="862"
                          CONTENT="dominium"/>
                  <SP HEIGHT="46" WIDTH="15" VPOS="2438" HPOS="1042"/>
                  <String HEIGHT="46"
                          WIDTH="150"
                          VPOS="2438"
                          HPOS="997"
                          CONTENT="omnium"/>
                  <SP HEIGHT="46" WIDTH="15" VPOS="2438" HPOS="1147"/>
                  <String HEIGHT="46" WIDTH="90" VPOS="2438" HPOS="1102" CONTENT="in"/>
                  <SP HEIGHT="46" WIDTH="15" VPOS="2438" HPOS="1192"/>
                  <String HEIGHT="46"
                          WIDTH="75"
                          VPOS="2438"
                          HPOS="1132"
                          CONTENT="tem"/>
               </TextLine>
               <TextLine ID="r1l98"
                         BASELINE="2534"
                         HEIGHT="52"
                         WIDTH="757"
                         VPOS="2482"
                         HPOS="450">
                  <String HEIGHT="52"
                          WIDTH="216"
                          VPOS="2482"
                          HPOS="435"
                          CONTENT="poralibus."/>
                  <SP HEIGHT="52" WIDTH="15" VPOS="2482" HPOS="651"/>
                  <String HEIGHT="52"
                          WIDTH="170"
                          VPOS="2482"
                          HPOS="604"
                          CONTENT="Septimo"/>
                  <SP HEIGHT="52" WIDTH="15" VPOS="2482" HPOS="774"/>
                  <String HEIGHT="52"
                          WIDTH="201"
                          VPOS="2482"
                          HPOS="728"
                          CONTENT="arguitur."/>
                  <SP HEIGHT="52" WIDTH="15" VPOS="2482" HPOS="929"/>
                  <String HEIGHT="52"
                          WIDTH="124"
                          VPOS="2482"
                          HPOS="883"
                          CONTENT="papa"/>
                  <SP HEIGHT="52" WIDTH="15" VPOS="2482" HPOS="1006"/>
                  <String HEIGHT="52"
                          WIDTH="108"
                          VPOS="2482"
                          HPOS="960"
                          CONTENT="non"/>
                  <SP HEIGHT="52" WIDTH="15" VPOS="2482" HPOS="1068"/>
                  <String HEIGHT="52"
                          WIDTH="108"
                          VPOS="2482"
                          HPOS="1022"
                          CONTENT="est"/>
                  <SP HEIGHT="52" WIDTH="15" VPOS="2482" HPOS="1130"/>
                  <String HEIGHT="52"
                          WIDTH="139"
                          VPOS="2482"
                          HPOS="1068"
                          CONTENT="dominus"/>
               </TextLine>
               <TextLine ID="r1l100"
                         BASELINE="2569"
                         HEIGHT="53"
                         WIDTH="773"
                         VPOS="2516"
                         HPOS="441">
                  <String HEIGHT="53"
                          WIDTH="146"
                          VPOS="2516"
                          HPOS="426"
                          CONTENT="omnium"/>
                  <SP HEIGHT="53" WIDTH="15" VPOS="2516" HPOS="572"/>
                  <String HEIGHT="53"
                          WIDTH="160"
                          VPOS="2516"
                          HPOS="529"
                          CONTENT="bonorum"/>
                  <SP HEIGHT="53" WIDTH="15" VPOS="2516" HPOS="689"/>
                  <String HEIGHT="53"
                          WIDTH="204"
                          VPOS="2516"
                          HPOS="645"
                          CONTENT="ecclesiae:"/>
                  <SP HEIGHT="53" WIDTH="15" VPOS="2516" HPOS="849"/>
                  <String HEIGHT="53"
                          WIDTH="117"
                          VPOS="2516"
                          HPOS="806"
                          CONTENT="ergo"/>
                  <SP HEIGHT="53" WIDTH="15" VPOS="2516" HPOS="922"/>
                  <String HEIGHT="53"
                          WIDTH="102"
                          VPOS="2516"
                          HPOS="879"
                          CONTENT="non"/>
                  <SP HEIGHT="53" WIDTH="15" VPOS="2516" HPOS="981"/>
                  <String HEIGHT="53"
                          WIDTH="102"
                          VPOS="2516"
                          HPOS="937"
                          CONTENT="est"/>
                  <SP HEIGHT="53" WIDTH="15" VPOS="2516" HPOS="1039"/>
                  <String HEIGHT="53"
                          WIDTH="160"
                          VPOS="2516"
                          HPOS="995"
                          CONTENT="dominus"/>
                  <SP HEIGHT="53" WIDTH="15" VPOS="2516" HPOS="1156"/>
                  <String HEIGHT="53"
                          WIDTH="117"
                          VPOS="2516"
                          HPOS="1097"
                          CONTENT="omnium"/>
               </TextLine>
               <TextLine ID="r1l102"
                         BASELINE="2608"
                         HEIGHT="46"
                         WIDTH="769"
                         VPOS="2562"
                         HPOS="448">
                  <String HEIGHT="46"
                          WIDTH="166"
                          VPOS="2562"
                          HPOS="433"
                          CONTENT="bonorum"/>
                  <SP HEIGHT="46" WIDTH="15" VPOS="2562" HPOS="599"/>
                  <String HEIGHT="46"
                          WIDTH="241"
                          VPOS="2562"
                          HPOS="554"
                          CONTENT="temporalium."/>
                  <SP HEIGHT="46" WIDTH="15" VPOS="2562" HPOS="795"/>
                  <String HEIGHT="46"
                          WIDTH="211"
                          VPOS="2562"
                          HPOS="750"
                          CONTENT="antecedens"/>
                  <SP HEIGHT="46" WIDTH="15" VPOS="2562" HPOS="961"/>
                  <String HEIGHT="46"
                          WIDTH="166"
                          VPOS="2562"
                          HPOS="915"
                          CONTENT="patebit"/>
                  <SP HEIGHT="46" WIDTH="15" VPOS="2562" HPOS="1081"/>
                  <String HEIGHT="46"
                          WIDTH="136"
                          VPOS="2562"
                          HPOS="1036"
                          CONTENT="paulo"/>
                  <SP HEIGHT="46" WIDTH="15" VPOS="2562" HPOS="1172"/>
                  <String HEIGHT="46"
                          WIDTH="106"
                          VPOS="2562"
                          HPOS="1111"
                          CONTENT="infe"
                          SUBS_TYPE="HypPart1"
                          SUBS_CONTENT="inferius"/>
                  <HYP CONTENT="-"/>
               </TextLine>
               <TextLine ID="r1l104"
                         BASELINE="2657"
                         HEIGHT="54"
                         WIDTH="718"
                         VPOS="2603"
                         HPOS="442">
                  <String HEIGHT="54"
                          WIDTH="115"
                          VPOS="2603"
                          HPOS="428"
                          CONTENT="rius"
                          SUBS_TYPE="HypPart2"
                          SUBS_CONTENT="inferius"/>
                  <SP HEIGHT="54" WIDTH="14" VPOS="2603" HPOS="543"/>
                  <String HEIGHT="54" WIDTH="86" VPOS="2603" HPOS="499" CONTENT="in"/>
                  <SP HEIGHT="54" WIDTH="14" VPOS="2603" HPOS="586"/>
                  <String HEIGHT="54"
                          WIDTH="101"
                          VPOS="2603"
                          HPOS="543"
                          CONTENT="hac"/>
                  <SP HEIGHT="54" WIDTH="14" VPOS="2603" HPOS="643"/>
                  <String HEIGHT="54"
                          WIDTH="244"
                          VPOS="2603"
                          HPOS="600"
                          CONTENT="distinctione."/>
                  <SP HEIGHT="54" WIDTH="14" VPOS="2603" HPOS="844"/>
                  <String HEIGHT="54" WIDTH="72" VPOS="2603" HPOS="801" CONTENT="&amp;"/>
                  <SP HEIGHT="54" WIDTH="14" VPOS="2603" HPOS="873"/>
                  <String HEIGHT="54"
                          WIDTH="230"
                          VPOS="2603"
                          HPOS="830"
                          CONTENT="consequentia"/>
                  <SP HEIGHT="54" WIDTH="14" VPOS="2603" HPOS="1059"/>
                  <String HEIGHT="54"
                          WIDTH="101"
                          VPOS="2603"
                          HPOS="1016"
                          CONTENT="est"/>
                  <SP HEIGHT="54" WIDTH="14" VPOS="2603" HPOS="1117"/>
                  <String HEIGHT="54"
                          WIDTH="101"
                          VPOS="2603"
                          HPOS="1059"
                          CONTENT="nota."/>
               </TextLine>
               <TextLine ID="r1l107"
                         BASELINE="2747"
                         HEIGHT="60"
                         WIDTH="772"
                         VPOS="2687"
                         HPOS="442">
                  <String HEIGHT="60" WIDTH="107" VPOS="2687" HPOS="421" CONTENT=""/>
                  <SP HEIGHT="60" WIDTH="21" VPOS="2687" HPOS="528"/>
                  <String HEIGHT="60"
                          WIDTH="214"
                          VPOS="2687"
                          HPOS="463"
                          CONTENT="Contra"/>
                  <SP HEIGHT="60" WIDTH="21" VPOS="2687" HPOS="678"/>
                  <String HEIGHT="60"
                          WIDTH="193"
                          VPOS="2687"
                          HPOS="614"
                          CONTENT="secun"/>
                  <SP HEIGHT="60" WIDTH="21" VPOS="2687" HPOS="807"/>
                  <String HEIGHT="60"
                          WIDTH="150"
                          VPOS="2687"
                          HPOS="742"
                          CONTENT="dam"/>
                  <SP HEIGHT="60" WIDTH="21" VPOS="2687" HPOS="892"/>
                  <String HEIGHT="60"
                          WIDTH="343"
                          VPOS="2687"
                          HPOS="828"
                          CONTENT="conclusionem"/>
                  <SP HEIGHT="60" WIDTH="21" VPOS="2687" HPOS="1171"/>
                  <String HEIGHT="60"
                          WIDTH="150"
                          VPOS="2687"
                          HPOS="1107"
                          CONTENT="ar-"/>
                  <SP HEIGHT="60" WIDTH="21" VPOS="2687" HPOS="1257"/>
                  <String HEIGHT="60" WIDTH="43" VPOS="2687" HPOS="1171" CONTENT=""/>
               </TextLine>
               <TextLine ID="r1l110"
                         BASELINE="2809"
                         HEIGHT="62"
                         WIDTH="774"
                         VPOS="2747"
                         HPOS="436">
                  <String HEIGHT="62"
                          WIDTH="164"
                          VPOS="2747"
                          HPOS="421"
                          CONTENT="guitur."/>
                  <SP HEIGHT="62" WIDTH="15" VPOS="2747" HPOS="585"/>
                  <String HEIGHT="62"
                          WIDTH="179"
                          VPOS="2747"
                          HPOS="540"
                          CONTENT="probando"/>
                  <SP HEIGHT="62" WIDTH="15" VPOS="2747" HPOS="719"/>
                  <String HEIGHT="62"
                          WIDTH="119"
                          VPOS="2747"
                          HPOS="674"
                          CONTENT="quod"/>
                  <SP HEIGHT="62" WIDTH="15" VPOS="2747" HPOS="793"/>
                  <String HEIGHT="62"
                          WIDTH="134"
                          VPOS="2747"
                          HPOS="749"
                          CONTENT="solus"/>
                  <SP HEIGHT="62" WIDTH="15" VPOS="2747" HPOS="883"/>
                  <String HEIGHT="62"
                          WIDTH="149"
                          VPOS="2747"
                          HPOS="838"
                          CONTENT="Petrus"/>
                  <SP HEIGHT="62" WIDTH="15" VPOS="2747" HPOS="987"/>
                  <String HEIGHT="62"
                          WIDTH="104"
                          VPOS="2747"
                          HPOS="942"
                          CONTENT="est"/>
                  <SP HEIGHT="62" WIDTH="15" VPOS="2747" HPOS="1046"/>
                  <String HEIGHT="62"
                          WIDTH="208"
                          VPOS="2747"
                          HPOS="1002"
                          CONTENT="institutus"/>
                  <SP HEIGHT="62" WIDTH="15" VPOS="2747" HPOS="1210"/>
                  <String HEIGHT="62" WIDTH="60" VPOS="2747" HPOS="1150" CONTENT="po"/>
               </TextLine>
            </TextBlock>
            <TextBlock ID="TextRegion_1591909586849_475"
                       HEIGHT="2512"
                       WIDTH="812"
                       VPOS="285"
                       HPOS="1249">
               <Shape>
                  <Polygon POINTS="1249,285 2061,285 2061,2797 1249,2797"/>
               </Shape>
               <TextLine ID="r1l3"
                         BASELINE="395"
                         HEIGHT="61"
                         WIDTH="773"
                         VPOS="334"
                         HPOS="1278">
                  <String HEIGHT="61"
                          WIDTH="134"
                          VPOS="334"
                          HPOS="1263"
                          CONTENT="tifex"/>
                  <SP HEIGHT="61" WIDTH="15" VPOS="334" HPOS="1397"/>
                  <String HEIGHT="61" WIDTH="74" VPOS="334" HPOS="1352" CONTENT="a"/>
                  <SP HEIGHT="61" WIDTH="15" VPOS="334" HPOS="1427"/>
                  <String HEIGHT="61"
                          WIDTH="178"
                          VPOS="334"
                          HPOS="1382"
                          CONTENT="Christo:"/>
                  <SP HEIGHT="61" WIDTH="15" VPOS="334" HPOS="1560"/>
                  <String HEIGHT="61" WIDTH="74" VPOS="334" HPOS="1516" CONTENT="&amp;"/>
                  <SP HEIGHT="61" WIDTH="15" VPOS="334" HPOS="1590"/>
                  <String HEIGHT="61"
                          WIDTH="134"
                          VPOS="334"
                          HPOS="1546"
                          CONTENT="omnes"/>
                  <SP HEIGHT="61" WIDTH="15" VPOS="334" HPOS="1679"/>
                  <String HEIGHT="61"
                          WIDTH="119"
                          VPOS="334"
                          HPOS="1635"
                          CONTENT="alii"/>
                  <SP HEIGHT="61" WIDTH="15" VPOS="334" HPOS="1754"/>
                  <String HEIGHT="61"
                          WIDTH="193"
                          VPOS="334"
                          HPOS="1709"
                          CONTENT="instituti"/>
                  <SP HEIGHT="61" WIDTH="15" VPOS="334" HPOS="1902"/>
                  <String HEIGHT="61"
                          WIDTH="208"
                          VPOS="334"
                          HPOS="1858"
                          CONTENT="pontifices"/>
                  <SP HEIGHT="61" WIDTH="15" VPOS="334" HPOS="2066"/>
                  <String HEIGHT="61" WIDTH="45" VPOS="334" HPOS="2006" CONTENT="a"/>
               </TextLine>
               <TextLine ID="r1l5"
                         BASELINE="442"
                         HEIGHT="48"
                         WIDTH="767"
                         VPOS="394"
                         HPOS="1281">
                  <String HEIGHT="48"
                          WIDTH="150"
                          VPOS="394"
                          HPOS="1266"
                          CONTENT="Petro:"/>
                  <SP HEIGHT="48" WIDTH="15" VPOS="394" HPOS="1416"/>
                  <String HEIGHT="48"
                          WIDTH="211"
                          VPOS="394"
                          HPOS="1371"
                          CONTENT="argumentis"/>
                  <SP HEIGHT="48" WIDTH="15" VPOS="394" HPOS="1582"/>
                  <String HEIGHT="48"
                          WIDTH="256"
                          VPOS="394"
                          HPOS="1537"
                          CONTENT="aduersariorum"/>
                  <SP HEIGHT="48" WIDTH="15" VPOS="394" HPOS="1792"/>
                  <String HEIGHT="48"
                          WIDTH="180"
                          VPOS="394"
                          HPOS="1747"
                          CONTENT="scilicet"/>
                  <SP HEIGHT="48" WIDTH="15" VPOS="394" HPOS="1928"/>
                  <String HEIGHT="48"
                          WIDTH="135"
                          VPOS="394"
                          HPOS="1883"
                          CONTENT="Petri"/>
                  <SP HEIGHT="48" WIDTH="15" VPOS="394" HPOS="2018"/>
                  <String HEIGHT="48"
                          WIDTH="90"
                          VPOS="394"
                          HPOS="1958"
                          CONTENT="Palu"/>
               </TextLine>
               <TextLine ID="r1l6"
                         BASELINE="492"
                         HEIGHT="52"
                         WIDTH="757"
                         VPOS="440"
                         HPOS="1284">
                  <String HEIGHT="52"
                          WIDTH="114"
                          VPOS="440"
                          HPOS="1270"
                          CONTENT="dani"/>
                  <SP HEIGHT="52" WIDTH="14" VPOS="440" HPOS="1384"/>
                  <String HEIGHT="52" WIDTH="86" VPOS="440" HPOS="1341" CONTENT="in"/>
                  <SP HEIGHT="52" WIDTH="14" VPOS="440" HPOS="1427"/>
                  <String HEIGHT="52"
                          WIDTH="171"
                          VPOS="440"
                          HPOS="1384"
                          CONTENT="tractatu"/>
                  <SP HEIGHT="52" WIDTH="14" VPOS="440" HPOS="1555"/>
                  <String HEIGHT="52" WIDTH="86" VPOS="440" HPOS="1513" CONTENT="de"/>
                  <SP HEIGHT="52" WIDTH="14" VPOS="440" HPOS="1598"/>
                  <String HEIGHT="52"
                          WIDTH="186"
                          VPOS="440"
                          HPOS="1555"
                          CONTENT="potestate"/>
                  <SP HEIGHT="52" WIDTH="14" VPOS="440" HPOS="1741"/>
                  <String HEIGHT="52"
                          WIDTH="200"
                          VPOS="440"
                          HPOS="1698"
                          CONTENT="ecclesiae:"/>
                  <SP HEIGHT="52" WIDTH="14" VPOS="440" HPOS="1898"/>
                  <String HEIGHT="52" WIDTH="71" VPOS="440" HPOS="1855" CONTENT="&amp;"/>
                  <SP HEIGHT="52" WIDTH="14" VPOS="440" HPOS="1927"/>
                  <String HEIGHT="52"
                          WIDTH="157"
                          VPOS="440"
                          HPOS="1884"
                          CONTENT="loannis"/>
                  <SP HEIGHT="52" WIDTH="14" VPOS="440" HPOS="2041"/>
                  <String HEIGHT="52" WIDTH="57" VPOS="440" HPOS="1984" CONTENT="de"/>
               </TextLine>
               <TextLine ID="r1l9"
                         BASELINE="537"
                         HEIGHT="57"
                         WIDTH="763"
                         VPOS="480"
                         HPOS="1285">
                  <String HEIGHT="57"
                          WIDTH="132"
                          VPOS="480"
                          HPOS="1270"
                          CONTENT="turre"/>
                  <SP HEIGHT="57" WIDTH="15" VPOS="480" HPOS="1402"/>
                  <String HEIGHT="57"
                          WIDTH="161"
                          VPOS="480"
                          HPOS="1358"
                          CONTENT="cremata"/>
                  <SP HEIGHT="57" WIDTH="15" VPOS="480" HPOS="1520"/>
                  <String HEIGHT="57"
                          WIDTH="205"
                          VPOS="480"
                          HPOS="1476"
                          CONTENT="cardinalis"/>
                  <SP HEIGHT="57" WIDTH="15" VPOS="480" HPOS="1681"/>
                  <String HEIGHT="57"
                          WIDTH="147"
                          VPOS="480"
                          HPOS="1637"
                          CONTENT="sancti"/>
                  <SP HEIGHT="57" WIDTH="15" VPOS="480" HPOS="1784"/>
                  <String HEIGHT="57"
                          WIDTH="147"
                          VPOS="480"
                          HPOS="1740"
                          CONTENT="Sixti,"/>
                  <SP HEIGHT="57" WIDTH="15" VPOS="480" HPOS="1887"/>
                  <String HEIGHT="57"
                          WIDTH="147"
                          VPOS="480"
                          HPOS="1843"
                          CONTENT="quibus"/>
                  <SP HEIGHT="57" WIDTH="15" VPOS="480" HPOS="1989"/>
                  <String HEIGHT="57"
                          WIDTH="117"
                          VPOS="480"
                          HPOS="1931"
                          CONTENT="tenent"/>
               </TextLine>
               <TextLine ID="r1l11"
                         BASELINE="579"
                         HEIGHT="49"
                         WIDTH="754"
                         VPOS="530"
                         HPOS="1284">
                  <String HEIGHT="49"
                          WIDTH="199"
                          VPOS="530"
                          HPOS="1270"
                          CONTENT="oppositum."/>
                  <SP HEIGHT="49" WIDTH="14" VPOS="530" HPOS="1469"/>
                  <String HEIGHT="49"
                          WIDTH="128"
                          VPOS="530"
                          HPOS="1426"
                          CONTENT="Primo"/>
                  <SP HEIGHT="49" WIDTH="14" VPOS="530" HPOS="1554"/>
                  <String HEIGHT="49"
                          WIDTH="171"
                          VPOS="530"
                          HPOS="1512"
                          CONTENT="arguitur"/>
                  <SP HEIGHT="49" WIDTH="14" VPOS="530" HPOS="1682"/>
                  <String HEIGHT="49"
                          WIDTH="114"
                          VPOS="530"
                          HPOS="1640"
                          CONTENT="per."/>
                  <SP HEIGHT="49" WIDTH="14" VPOS="530" HPOS="1753"/>
                  <String HEIGHT="49" WIDTH="85" VPOS="530" HPOS="1711" CONTENT="c."/>
                  <SP HEIGHT="49" WIDTH="14" VPOS="530" HPOS="1796"/>
                  <String HEIGHT="49"
                          WIDTH="142"
                          VPOS="530"
                          HPOS="1753"
                          CONTENT="Porro."/>
                  <SP HEIGHT="49" WIDTH="14" VPOS="530" HPOS="1896"/>
                  <String HEIGHT="49"
                          WIDTH="128"
                          VPOS="530"
                          HPOS="1853"
                          CONTENT="lxvi."/>
                  <SP HEIGHT="49" WIDTH="14" VPOS="530" HPOS="1981"/>
                  <String HEIGHT="49"
                          WIDTH="114"
                          VPOS="530"
                          HPOS="1924"
                          CONTENT="distin"/>
               </TextLine>
               <TextLine ID="r1l13"
                         BASELINE="618"
                         HEIGHT="48"
                         WIDTH="766"
                         VPOS="570"
                         HPOS="1282">
                  <String HEIGHT="48"
                          WIDTH="109"
                          VPOS="570"
                          HPOS="1266"
                          CONTENT="vbi"/>
                  <SP HEIGHT="48" WIDTH="16" VPOS="570" HPOS="1376"/>
                  <String HEIGHT="48"
                          WIDTH="188"
                          VPOS="570"
                          HPOS="1329"
                          CONTENT="dicitur."/>
                  <SP HEIGHT="48" WIDTH="16" VPOS="570" HPOS="1516"/>
                  <String HEIGHT="48"
                          WIDTH="141"
                          VPOS="570"
                          HPOS="1470"
                          CONTENT="Porro"/>
                  <SP HEIGHT="48" WIDTH="16" VPOS="570" HPOS="1610"/>
                  <String HEIGHT="48"
                          WIDTH="313"
                          VPOS="570"
                          HPOS="1563"
                          CONTENT="hierosolymitanus"/>
                  <SP HEIGHT="48" WIDTH="16" VPOS="570" HPOS="1876"/>
                  <String HEIGHT="48"
                          WIDTH="156"
                          VPOS="570"
                          HPOS="1829"
                          CONTENT="primus"/>
                  <SP HEIGHT="48" WIDTH="16" VPOS="570" HPOS="1985"/>
                  <String HEIGHT="48"
                          WIDTH="125"
                          VPOS="570"
                          HPOS="1923"
                          CONTENT="archie"/>
               </TextLine>
               <TextLine ID="r1l15"
                         BASELINE="672"
                         HEIGHT="57"
                         WIDTH="764"
                         VPOS="615"
                         HPOS="1280">
                  <String HEIGHT="57"
                          WIDTH="199"
                          VPOS="615"
                          HPOS="1263"
                          CONTENT="piscopus"/>
                  <SP HEIGHT="57" WIDTH="17" VPOS="615" HPOS="1463"/>
                  <String HEIGHT="57"
                          WIDTH="166"
                          VPOS="615"
                          HPOS="1413"
                          CONTENT="beatus"/>
                  <SP HEIGHT="57" WIDTH="17" VPOS="615" HPOS="1579"/>
                  <String HEIGHT="57"
                          WIDTH="199"
                          VPOS="615"
                          HPOS="1529"
                          CONTENT="lacobus,"/>
                  <SP HEIGHT="57" WIDTH="17" VPOS="615" HPOS="1728"/>
                  <String HEIGHT="57"
                          WIDTH="116"
                          VPOS="615"
                          HPOS="1679"
                          CONTENT="qui"/>
                  <SP HEIGHT="57" WIDTH="17" VPOS="615" HPOS="1795"/>
                  <String HEIGHT="57"
                          WIDTH="166"
                          VPOS="615"
                          HPOS="1745"
                          CONTENT="iustus"/>
                  <SP HEIGHT="57" WIDTH="17" VPOS="615" HPOS="1911"/>
                  <String HEIGHT="57"
                          WIDTH="199"
                          VPOS="615"
                          HPOS="1845"
                          CONTENT="dicebatur:"/>
               </TextLine>
               <TextLine ID="r1l17"
                         BASELINE="712"
                         HEIGHT="52"
                         WIDTH="752"
                         VPOS="660"
                         HPOS="1287">
                  <String HEIGHT="52" WIDTH="82" VPOS="660" HPOS="1271" CONTENT="&amp;"/>
                  <SP HEIGHT="52" WIDTH="16" VPOS="660" HPOS="1352"/>
                  <String HEIGHT="52"
                          WIDTH="180"
                          VPOS="660"
                          HPOS="1303"
                          CONTENT="secudum"/>
                  <SP HEIGHT="52" WIDTH="16" VPOS="660" HPOS="1483"/>
                  <String HEIGHT="52"
                          WIDTH="163"
                          VPOS="660"
                          HPOS="1434"
                          CONTENT="carnem"/>
                  <SP HEIGHT="52" WIDTH="16" VPOS="660" HPOS="1598"/>
                  <String HEIGHT="52"
                          WIDTH="180"
                          VPOS="660"
                          HPOS="1549"
                          CONTENT="frater:"/>
                  <SP HEIGHT="52" WIDTH="16" VPOS="660" HPOS="1728"/>
                  <String HEIGHT="52"
                          WIDTH="163"
                          VPOS="660"
                          HPOS="1679"
                          CONTENT="domini"/>
                  <SP HEIGHT="52" WIDTH="16" VPOS="660" HPOS="1843"/>
                  <String HEIGHT="52"
                          WIDTH="229"
                          VPOS="660"
                          HPOS="1794"
                          CONTENT="nuncupatus"/>
                  <SP HEIGHT="52" WIDTH="16" VPOS="660" HPOS="2023"/>
                  <String HEIGHT="52" WIDTH="82" VPOS="660" HPOS="1957" CONTENT="est"/>
               </TextLine>
               <TextLine ID="r1l19"
                         BASELINE="750"
                         HEIGHT="47"
                         WIDTH="758"
                         VPOS="703"
                         HPOS="1281">
                  <String HEIGHT="47" WIDTH="76" VPOS="703" HPOS="1266" CONTENT="a"/>
                  <SP HEIGHT="47" WIDTH="15" VPOS="703" HPOS="1342"/>
                  <String HEIGHT="47"
                          WIDTH="152"
                          VPOS="703"
                          HPOS="1296"
                          CONTENT="Petro,"/>
                  <SP HEIGHT="47" WIDTH="15" VPOS="703" HPOS="1448"/>
                  <String HEIGHT="47"
                          WIDTH="167"
                          VPOS="703"
                          HPOS="1402"
                          CONTENT="Iacobo,"/>
                  <SP HEIGHT="47" WIDTH="15" VPOS="703" HPOS="1569"/>
                  <String HEIGHT="47" WIDTH="76" VPOS="703" HPOS="1524" CONTENT="&amp;"/>
                  <SP HEIGHT="47" WIDTH="15" VPOS="703" HPOS="1599"/>
                  <String HEIGHT="47"
                          WIDTH="152"
                          VPOS="703"
                          HPOS="1554"
                          CONTENT="loanne"/>
                  <SP HEIGHT="47" WIDTH="15" VPOS="703" HPOS="1705"/>
                  <String HEIGHT="47"
                          WIDTH="197"
                          VPOS="703"
                          HPOS="1660"
                          CONTENT="apostolis"/>
                  <SP HEIGHT="47" WIDTH="15" VPOS="703" HPOS="1857"/>
                  <String HEIGHT="47"
                          WIDTH="106"
                          VPOS="703"
                          HPOS="1812"
                          CONTENT="est"/>
                  <SP HEIGHT="47" WIDTH="15" VPOS="703" HPOS="1918"/>
                  <String HEIGHT="47"
                          WIDTH="182"
                          VPOS="703"
                          HPOS="1857"
                          CONTENT="ordinatus."/>
               </TextLine>
               <TextLine ID="r1l21"
                         BASELINE="796"
                         HEIGHT="47"
                         WIDTH="770"
                         VPOS="749"
                         HPOS="1281">
                  <String HEIGHT="47"
                          WIDTH="131"
                          VPOS="749"
                          HPOS="1265"
                          CONTENT="ergo"/>
                  <SP HEIGHT="47" WIDTH="16" VPOS="749" HPOS="1396"/>
                  <String HEIGHT="47"
                          WIDTH="180"
                          VPOS="749"
                          HPOS="1347"
                          CONTENT="Iacobus"/>
                  <SP HEIGHT="47" WIDTH="16" VPOS="749" HPOS="1527"/>
                  <String HEIGHT="47"
                          WIDTH="164"
                          VPOS="749"
                          HPOS="1478"
                          CONTENT="alphei"/>
                  <SP HEIGHT="47" WIDTH="16" VPOS="749" HPOS="1641"/>
                  <String HEIGHT="47"
                          WIDTH="115"
                          VPOS="749"
                          HPOS="1592"
                          CONTENT="non"/>
                  <SP HEIGHT="47" WIDTH="16" VPOS="749" HPOS="1707"/>
                  <String HEIGHT="47"
                          WIDTH="115"
                          VPOS="749"
                          HPOS="1658"
                          CONTENT="est"/>
                  <SP HEIGHT="47" WIDTH="16" VPOS="749" HPOS="1772"/>
                  <String HEIGHT="47"
                          WIDTH="213"
                          VPOS="749"
                          HPOS="1723"
                          CONTENT="ordinatus"/>
                  <SP HEIGHT="47" WIDTH="16" VPOS="749" HPOS="1936"/>
                  <String HEIGHT="47"
                          WIDTH="180"
                          VPOS="749"
                          HPOS="1871"
                          CONTENT="episcopus"/>
               </TextLine>
               <TextLine ID="r1l23"
                         BASELINE="841"
                         HEIGHT="48"
                         WIDTH="775"
                         VPOS="793"
                         HPOS="1278">
                  <String HEIGHT="48" WIDTH="78" VPOS="793" HPOS="1263" CONTENT="a"/>
                  <SP HEIGHT="48" WIDTH="16" VPOS="793" HPOS="1340"/>
                  <String HEIGHT="48"
                          WIDTH="171"
                          VPOS="793"
                          HPOS="1294"
                          CONTENT="Christo"/>
                  <SP HEIGHT="48" WIDTH="16" VPOS="793" HPOS="1464"/>
                  <String HEIGHT="48"
                          WIDTH="217"
                          VPOS="793"
                          HPOS="1418"
                          CONTENT="immediate."/>
                  <SP HEIGHT="48" WIDTH="16" VPOS="793" HPOS="1635"/>
                  <String HEIGHT="48" WIDTH="78" VPOS="793" HPOS="1588" CONTENT=""/>
                  <SP HEIGHT="48" WIDTH="16" VPOS="793" HPOS="1666"/>
                  <String HEIGHT="48" WIDTH="93" VPOS="793" HPOS="1619" CONTENT="Ad"/>
                  <SP HEIGHT="48" WIDTH="16" VPOS="793" HPOS="1712"/>
                  <String HEIGHT="48"
                          WIDTH="109"
                          VPOS="793"
                          HPOS="1666"
                          CONTENT="hoc"/>
                  <SP HEIGHT="48" WIDTH="16" VPOS="793" HPOS="1774"/>
                  <String HEIGHT="48"
                          WIDTH="217"
                          VPOS="793"
                          HPOS="1728"
                          CONTENT="argumentum"/>
                  <SP HEIGHT="48" WIDTH="16" VPOS="793" HPOS="1945"/>
                  <String HEIGHT="48"
                          WIDTH="171"
                          VPOS="793"
                          HPOS="1883"
                          CONTENT="respondet"/>
               </TextLine>
               <TextLine ID="r1l25"
                         BASELINE="899"
                         HEIGHT="62"
                         WIDTH="769"
                         VPOS="837"
                         HPOS="1282">
                  <String HEIGHT="62"
                          WIDTH="130"
                          VPOS="837"
                          HPOS="1269"
                          CONTENT="glossa"/>
                  <SP HEIGHT="62" WIDTH="13" VPOS="837" HPOS="1399"/>
                  <String HEIGHT="62"
                          WIDTH="209"
                          VPOS="837"
                          HPOS="1360"
                          CONTENT="multifariam:"/>
                  <SP HEIGHT="62" WIDTH="13" VPOS="837" HPOS="1569"/>
                  <String HEIGHT="62"
                          WIDTH="117"
                          VPOS="837"
                          HPOS="1530"
                          CONTENT="cuius"/>
                  <SP HEIGHT="62" WIDTH="13" VPOS="837" HPOS="1647"/>
                  <String HEIGHT="62"
                          WIDTH="156"
                          VPOS="837"
                          HPOS="1608"
                          CONTENT="aliquamd"/>
                  <SP HEIGHT="62" WIDTH="13" VPOS="837" HPOS="1764"/>
                  <String HEIGHT="62"
                          WIDTH="209"
                          VPOS="837"
                          HPOS="1725"
                          CONTENT="expositiones"/>
                  <SP HEIGHT="62" WIDTH="13" VPOS="837" HPOS="1934"/>
                  <String HEIGHT="62"
                          WIDTH="169"
                          VPOS="837"
                          HPOS="1882"
                          CONTENT="sufficiunt."/>
               </TextLine>
               <TextLine ID="r1l27"
                         BASELINE="935"
                         HEIGHT="52"
                         WIDTH="755"
                         VPOS="883"
                         HPOS="1299">
                  <String HEIGHT="52" WIDTH="94" VPOS="883" HPOS="1286" CONTENT="vna"/>
                  <SP HEIGHT="52" WIDTH="13" VPOS="883" HPOS="1380"/>
                  <String HEIGHT="52"
                          WIDTH="108"
                          VPOS="883"
                          HPOS="1339"
                          CONTENT="quod"/>
                  <SP HEIGHT="52" WIDTH="13" VPOS="883" HPOS="1447"/>
                  <String HEIGHT="52" WIDTH="94" VPOS="883" HPOS="1407" CONTENT="non"/>
                  <SP HEIGHT="52" WIDTH="13" VPOS="883" HPOS="1501"/>
                  <String HEIGHT="52"
                          WIDTH="189"
                          VPOS="883"
                          HPOS="1461"
                          CONTENT="ordinarunt"/>
                  <SP HEIGHT="52" WIDTH="13" VPOS="883" HPOS="1650"/>
                  <String HEIGHT="52" WIDTH="94" VPOS="883" HPOS="1609" CONTENT="eum"/>
                  <SP HEIGHT="52" WIDTH="13" VPOS="883" HPOS="1703"/>
                  <String HEIGHT="52"
                          WIDTH="175"
                          VPOS="883"
                          HPOS="1663"
                          CONTENT="episcopum"/>
                  <SP HEIGHT="52" WIDTH="13" VPOS="883" HPOS="1838"/>
                  <String HEIGHT="52" WIDTH="94" VPOS="883" HPOS="1798" CONTENT="sed"/>
                  <SP HEIGHT="52" WIDTH="13" VPOS="883" HPOS="1892"/>
                  <String HEIGHT="52"
                          WIDTH="216"
                          VPOS="883"
                          HPOS="1852"
                          CONTENT="archieprsum:"/>
                  <SP HEIGHT="52" WIDTH="13" VPOS="883" HPOS="2067"/>
                  <String HEIGHT="52" WIDTH="40" VPOS="883" HPOS="2014" CONTENT="&amp;"/>
               </TextLine>
               <TextLine ID="r1l29"
                         BASELINE="971"
                         HEIGHT="43"
                         WIDTH="759"
                         VPOS="928"
                         HPOS="1291">
                  <String HEIGHT="43"
                          WIDTH="100"
                          VPOS="928"
                          HPOS="1277"
                          CONTENT="sic"/>
                  <SP HEIGHT="43" WIDTH="14" VPOS="928" HPOS="1377"/>
                  <String HEIGHT="43"
                          WIDTH="229"
                          VPOS="928"
                          HPOS="1334"
                          CONTENT="ordinauerunt"/>
                  <SP HEIGHT="43" WIDTH="14" VPOS="928" HPOS="1563"/>
                  <String HEIGHT="43"
                          WIDTH="100"
                          VPOS="928"
                          HPOS="1520"
                          CONTENT="eum"/>
                  <SP HEIGHT="43" WIDTH="14" VPOS="928" HPOS="1620"/>
                  <String HEIGHT="43" WIDTH="86" VPOS="928" HPOS="1577" CONTENT="in"/>
                  <SP HEIGHT="43" WIDTH="14" VPOS="928" HPOS="1663"/>
                  <String HEIGHT="43"
                          WIDTH="286"
                          VPOS="928"
                          HPOS="1620"
                          CONTENT="administrationem"/>
                  <SP HEIGHT="43" WIDTH="14" VPOS="928" HPOS="1907"/>
                  <String HEIGHT="43"
                          WIDTH="172"
                          VPOS="928"
                          HPOS="1864"
                          CONTENT="alicuius"/>
                  <SP HEIGHT="43" WIDTH="14" VPOS="928" HPOS="2036"/>
                  <String HEIGHT="43" WIDTH="72" VPOS="928" HPOS="1978" CONTENT="cer"/>
               </TextLine>
               <TextLine ID="r1l31"
                         BASELINE="1018"
                         HEIGHT="49"
                         WIDTH="760"
                         VPOS="969"
                         HPOS="1281">
                  <String HEIGHT="49" WIDTH="89" VPOS="969" HPOS="1266" CONTENT="ti"/>
                  <SP HEIGHT="49" WIDTH="15" VPOS="969" HPOS="1356"/>
                  <String HEIGHT="49"
                          WIDTH="134"
                          VPOS="969"
                          HPOS="1311"
                          CONTENT="loci."/>
                  <SP HEIGHT="49" WIDTH="15" VPOS="969" HPOS="1445"/>
                  <String HEIGHT="49"
                          WIDTH="134"
                          VPOS="969"
                          HPOS="1400"
                          CONTENT="prius"/>
                  <SP HEIGHT="49" WIDTH="15" VPOS="969" HPOS="1534"/>
                  <String HEIGHT="49"
                          WIDTH="119"
                          VPOS="969"
                          HPOS="1490"
                          CONTENT="enim"/>
                  <SP HEIGHT="49" WIDTH="15" VPOS="969" HPOS="1609"/>
                  <String HEIGHT="49"
                          WIDTH="119"
                          VPOS="969"
                          HPOS="1564"
                          CONTENT="erat"/>
                  <SP HEIGHT="49" WIDTH="15" VPOS="969" HPOS="1683"/>
                  <String HEIGHT="49"
                          WIDTH="194"
                          VPOS="969"
                          HPOS="1639"
                          CONTENT="episcopus"/>
                  <SP HEIGHT="49" WIDTH="15" VPOS="969" HPOS="1832"/>
                  <String HEIGHT="49"
                          WIDTH="119"
                          VPOS="969"
                          HPOS="1788"
                          CONTENT="sine"/>
                  <SP HEIGHT="49" WIDTH="15" VPOS="969" HPOS="1907"/>
                  <String HEIGHT="49"
                          WIDTH="164"
                          VPOS="969"
                          HPOS="1862"
                          CONTENT="titulo."/>
                  <SP HEIGHT="49" WIDTH="15" VPOS="969" HPOS="2026"/>
                  <String HEIGHT="49" WIDTH="75" VPOS="969" HPOS="1966" CONTENT="Sed"/>
               </TextLine>
               <TextLine ID="r1l33"
                         BASELINE="1060"
                         HEIGHT="43"
                         WIDTH="775"
                         VPOS="1017"
                         HPOS="1282">
                  <String HEIGHT="43"
                          WIDTH="141"
                          VPOS="1017"
                          HPOS="1268"
                          CONTENT="contra"/>
                  <SP HEIGHT="43" WIDTH="14" VPOS="1017" HPOS="1409"/>
                  <String HEIGHT="43"
                          WIDTH="99"
                          VPOS="1017"
                          HPOS="1367"
                          CONTENT="hoc"/>
                  <SP HEIGHT="43" WIDTH="14" VPOS="1017" HPOS="1465"/>
                  <String HEIGHT="43"
                          WIDTH="183"
                          VPOS="1017"
                          HPOS="1423"
                          CONTENT="replicant"/>
                  <SP HEIGHT="43" WIDTH="14" VPOS="1017" HPOS="1606"/>
                  <String HEIGHT="43"
                          WIDTH="127"
                          VPOS="1017"
                          HPOS="1564"
                          CONTENT="isti."/>
                  <SP HEIGHT="43" WIDTH="14" VPOS="1017" HPOS="1691"/>
                  <String HEIGHT="43" WIDTH="85" VPOS="1017" HPOS="1648" CONTENT="si"/>
                  <SP HEIGHT="43" WIDTH="14" VPOS="1017" HPOS="1733"/>
                  <String HEIGHT="43"
                          WIDTH="113"
                          VPOS="1017"
                          HPOS="1691"
                          CONTENT="haec"/>
                  <SP HEIGHT="43" WIDTH="14" VPOS="1017" HPOS="1803"/>
                  <String HEIGHT="43"
                          WIDTH="99"
                          VPOS="1017"
                          HPOS="1761"
                          CONTENT="non"/>
                  <SP HEIGHT="43" WIDTH="14" VPOS="1017" HPOS="1860"/>
                  <String HEIGHT="43"
                          WIDTH="113"
                          VPOS="1017"
                          HPOS="1817"
                          CONTENT="erat"/>
                  <SP HEIGHT="43" WIDTH="14" VPOS="1017" HPOS="1930"/>
                  <String HEIGHT="43"
                          WIDTH="113"
                          VPOS="1017"
                          HPOS="1888"
                          CONTENT="vera"/>
                  <SP HEIGHT="43" WIDTH="14" VPOS="1017" HPOS="2001"/>
                  <String HEIGHT="43"
                          WIDTH="113"
                          VPOS="1017"
                          HPOS="1944"
                          CONTENT="ordina"/>
               </TextLine>
               <TextLine ID="r1l35"
                         BASELINE="1106"
                         HEIGHT="46"
                         WIDTH="755"
                         VPOS="1060"
                         HPOS="1290">
                  <String HEIGHT="46"
                          WIDTH="104"
                          VPOS="1060"
                          HPOS="1275"
                          CONTENT="tio"/>
                  <SP HEIGHT="46" WIDTH="15" VPOS="1060" HPOS="1379"/>
                  <String HEIGHT="46"
                          WIDTH="178"
                          VPOS="1060"
                          HPOS="1334"
                          CONTENT="episcopi"/>
                  <SP HEIGHT="46" WIDTH="15" VPOS="1060" HPOS="1512"/>
                  <String HEIGHT="46"
                          WIDTH="148"
                          VPOS="1060"
                          HPOS="1468"
                          CONTENT="facta:"/>
                  <SP HEIGHT="46" WIDTH="15" VPOS="1060" HPOS="1616"/>
                  <String HEIGHT="46"
                          WIDTH="104"
                          VPOS="1060"
                          HPOS="1571"
                          CONTENT="non"/>
                  <SP HEIGHT="46" WIDTH="15" VPOS="1060" HPOS="1675"/>
                  <String HEIGHT="46"
                          WIDTH="237"
                          VPOS="1060"
                          HPOS="1630"
                          CONTENT="conuenienter"/>
                  <SP HEIGHT="46" WIDTH="15" VPOS="1060" HPOS="1867"/>
                  <String HEIGHT="46"
                          WIDTH="222"
                          VPOS="1060"
                          HPOS="1823"
                          CONTENT="susceperunt"/>
                  <SP HEIGHT="46" WIDTH="15" VPOS="1060" HPOS="2045"/>
                  <String HEIGHT="46" WIDTH="59" VPOS="1060" HPOS="1986" CONTENT="ex"/>
               </TextLine>
               <TextLine ID="r1l37"
                         BASELINE="1155"
                         HEIGHT="48"
                         WIDTH="773"
                         VPOS="1107"
                         HPOS="1287">
                  <String HEIGHT="48" WIDTH="89" VPOS="1107" HPOS="1272" CONTENT="ea"/>
                  <SP HEIGHT="48" WIDTH="15" VPOS="1107" HPOS="1361"/>
                  <String HEIGHT="48"
                          WIDTH="149"
                          VPOS="1107"
                          HPOS="1317"
                          CONTENT="formam"/>
                  <SP HEIGHT="48" WIDTH="15" VPOS="1107" HPOS="1465"/>
                  <String HEIGHT="48"
                          WIDTH="238"
                          VPOS="1107"
                          HPOS="1421"
                          CONTENT="ordinationis"/>
                  <SP HEIGHT="48" WIDTH="15" VPOS="1107" HPOS="1659"/>
                  <String HEIGHT="48"
                          WIDTH="223"
                          VPOS="1107"
                          HPOS="1614"
                          CONTENT="episcoporum"/>
                  <SP HEIGHT="48" WIDTH="15" VPOS="1107" HPOS="1837"/>
                  <String HEIGHT="48" WIDTH="89" VPOS="1107" HPOS="1792" CONTENT="in"/>
                  <SP HEIGHT="48" WIDTH="15" VPOS="1107" HPOS="1882"/>
                  <String HEIGHT="48"
                          WIDTH="193"
                          VPOS="1107"
                          HPOS="1837"
                          CONTENT="ecclesia:"/>
                  <SP HEIGHT="48" WIDTH="15" VPOS="1107" HPOS="2030"/>
                  <String HEIGHT="48"
                          WIDTH="89"
                          VPOS="1107"
                          HPOS="1971"
                          CONTENT="con"
                          SUBS_TYPE="HypPart1"
                          SUBS_CONTENT="contra"/>
                  <HYP CONTENT="-"/>
               </TextLine>
               <TextLine ID="r1l39"
                         BASELINE="1204"
                         HEIGHT="50"
                         WIDTH="775"
                         VPOS="1154"
                         HPOS="1285">
                  <String HEIGHT="50"
                          WIDTH="106"
                          VPOS="1154"
                          HPOS="1270"
                          CONTENT="tra"
                          SUBS_TYPE="HypPart2"
                          SUBS_CONTENT="contra"/>
                  <SP HEIGHT="50" WIDTH="15" VPOS="1154" HPOS="1376"/>
                  <String HEIGHT="50"
                          WIDTH="198"
                          VPOS="1154"
                          HPOS="1331"
                          CONTENT="Anacletum"/>
                  <SP HEIGHT="50" WIDTH="15" VPOS="1154" HPOS="1528"/>
                  <String HEIGHT="50" WIDTH="91" VPOS="1154" HPOS="1483" CONTENT="in"/>
                  <SP HEIGHT="50" WIDTH="15" VPOS="1154" HPOS="1574"/>
                  <String HEIGHT="50"
                          WIDTH="152"
                          VPOS="1154"
                          HPOS="1528"
                          CONTENT="dicto."/>
                  <SP HEIGHT="50" WIDTH="15" VPOS="1154" HPOS="1680"/>
                  <String HEIGHT="50" WIDTH="91" VPOS="1154" HPOS="1635" CONTENT="c."/>
                  <SP HEIGHT="50" WIDTH="15" VPOS="1154" HPOS="1726"/>
                  <String HEIGHT="50" WIDTH="91" VPOS="1154" HPOS="1680" CONTENT="In"/>
                  <SP HEIGHT="50" WIDTH="15" VPOS="1154" HPOS="1771"/>
                  <String HEIGHT="50"
                          WIDTH="137"
                          VPOS="1154"
                          HPOS="1726"
                          CONTENT="nouo."/>
                  <SP HEIGHT="50" WIDTH="15" VPOS="1154" HPOS="1862"/>
                  <String HEIGHT="50"
                          WIDTH="167"
                          VPOS="1154"
                          HPOS="1817"
                          CONTENT="distin."/>
                  <SP HEIGHT="50" WIDTH="15" VPOS="1154" HPOS="1984"/>
                  <String HEIGHT="50"
                          WIDTH="122"
                          VPOS="1154"
                          HPOS="1938"
                          CONTENT="xxi."/>
                  <SP HEIGHT="50" WIDTH="15" VPOS="1154" HPOS="2060"/>
                  <String HEIGHT="50" WIDTH="61" VPOS="1154" HPOS="1999" CONTENT="Re"/>
               </TextLine>
               <TextLine ID="r1l41"
                         BASELINE="1240"
                         HEIGHT="47"
                         WIDTH="770"
                         VPOS="1193"
                         HPOS="1290">
                  <String HEIGHT="47"
                          WIDTH="178"
                          VPOS="1193"
                          HPOS="1275"
                          CONTENT="sponsio."/>
                  <SP HEIGHT="47" WIDTH="15" VPOS="1193" HPOS="1453"/>
                  <String HEIGHT="47"
                          WIDTH="193"
                          VPOS="1193"
                          HPOS="1408"
                          CONTENT="quaeritur"/>
                  <SP HEIGHT="47" WIDTH="15" VPOS="1193" HPOS="1601"/>
                  <String HEIGHT="47" WIDTH="89" VPOS="1193" HPOS="1557" CONTENT="ab"/>
                  <SP HEIGHT="47" WIDTH="15" VPOS="1193" HPOS="1645"/>
                  <String HEIGHT="47"
                          WIDTH="133"
                          VPOS="1193"
                          HPOS="1601"
                          CONTENT="aliis"/>
                  <SP HEIGHT="47" WIDTH="15" VPOS="1193" HPOS="1734"/>
                  <String HEIGHT="47"
                          WIDTH="118"
                          VPOS="1193"
                          HPOS="1690"
                          CONTENT="quis"/>
                  <SP HEIGHT="47" WIDTH="15" VPOS="1193" HPOS="1808"/>
                  <String HEIGHT="47"
                          WIDTH="222"
                          VPOS="1193"
                          HPOS="1764"
                          CONTENT="ordinauerit"/>
                  <SP HEIGHT="47" WIDTH="15" VPOS="1193" HPOS="1986"/>
                  <String HEIGHT="47"
                          WIDTH="133"
                          VPOS="1193"
                          HPOS="1927"
                          CONTENT="Petrum:"/>
               </TextLine>
               <TextLine ID="r1l43"
                         BASELINE="1286"
                         HEIGHT="50"
                         WIDTH="760"
                         VPOS="1236"
                         HPOS="1297">
                  <String HEIGHT="50" WIDTH="75" VPOS="1236" HPOS="1282" CONTENT="&amp;"/>
                  <SP HEIGHT="50" WIDTH="15" VPOS="1236" HPOS="1357"/>
                  <String HEIGHT="50"
                          WIDTH="104"
                          VPOS="1236"
                          HPOS="1312"
                          CONTENT="non"/>
                  <SP HEIGHT="50" WIDTH="15" VPOS="1236" HPOS="1416"/>
                  <String HEIGHT="50"
                          WIDTH="149"
                          VPOS="1236"
                          HPOS="1372"
                          CONTENT="dabunt"/>
                  <SP HEIGHT="50" WIDTH="15" VPOS="1236" HPOS="1521"/>
                  <String HEIGHT="50"
                          WIDTH="134"
                          VPOS="1236"
                          HPOS="1476"
                          CONTENT="tres."/>
                  <SP HEIGHT="50" WIDTH="15" VPOS="1236" HPOS="1610"/>
                  <String HEIGHT="50"
                          WIDTH="119"
                          VPOS="1236"
                          HPOS="1565"
                          CONTENT="dico"/>
                  <SP HEIGHT="50" WIDTH="15" VPOS="1236" HPOS="1684"/>
                  <String HEIGHT="50"
                          WIDTH="119"
                          VPOS="1236"
                          HPOS="1640"
                          CONTENT="ergo"/>
                  <SP HEIGHT="50" WIDTH="15" VPOS="1236" HPOS="1759"/>
                  <String HEIGHT="50"
                          WIDTH="119"
                          VPOS="1236"
                          HPOS="1714"
                          CONTENT="esse"/>
                  <SP HEIGHT="50" WIDTH="15" VPOS="1236" HPOS="1833"/>
                  <String HEIGHT="50"
                          WIDTH="268"
                          VPOS="1236"
                          HPOS="1789"
                          CONTENT="constitutionem"/>
                  <SP HEIGHT="50" WIDTH="15" VPOS="1236" HPOS="2057"/>
                  <String HEIGHT="50" WIDTH="60" VPOS="1236" HPOS="1997" CONTENT="hu"/>
               </TextLine>
               <TextLine ID="r1l45"
                         BASELINE="1334"
                         HEIGHT="49"
                         WIDTH="763"
                         VPOS="1285"
                         HPOS="1287">
                  <String HEIGHT="49"
                          WIDTH="146"
                          VPOS="1285"
                          HPOS="1271"
                          CONTENT="manam"/>
                  <SP HEIGHT="49" WIDTH="16" VPOS="1285" HPOS="1417"/>
                  <String HEIGHT="49"
                          WIDTH="130"
                          VPOS="1285"
                          HPOS="1368"
                          CONTENT="quod"/>
                  <SP HEIGHT="49" WIDTH="16" VPOS="1285" HPOS="1498"/>
                  <String HEIGHT="49"
                          WIDTH="211"
                          VPOS="1285"
                          HPOS="1449"
                          CONTENT="episcopus"/>
                  <SP HEIGHT="49" WIDTH="16" VPOS="1285" HPOS="1660"/>
                  <String HEIGHT="49"
                          WIDTH="211"
                          VPOS="1285"
                          HPOS="1612"
                          CONTENT="ordinetur"/>
                  <SP HEIGHT="49" WIDTH="16" VPOS="1285" HPOS="1823"/>
                  <String HEIGHT="49" WIDTH="81" VPOS="1285" HPOS="1774" CONTENT="a"/>
                  <SP HEIGHT="49" WIDTH="16" VPOS="1285" HPOS="1855"/>
                  <String HEIGHT="49"
                          WIDTH="179"
                          VPOS="1285"
                          HPOS="1806"
                          CONTENT="tribus."/>
                  <SP HEIGHT="49" WIDTH="16" VPOS="1285" HPOS="1985"/>
                  <String HEIGHT="49"
                          WIDTH="130"
                          VPOS="1285"
                          HPOS="1920"
                          CONTENT="Paulus"/>
               </TextLine>
               <TextLine ID="r1l47"
                         BASELINE="1378"
                         HEIGHT="53"
                         WIDTH="761"
                         VPOS="1325"
                         HPOS="1290">
                  <String HEIGHT="53"
                          WIDTH="130"
                          VPOS="1325"
                          HPOS="1274"
                          CONTENT="enim"/>
                  <SP HEIGHT="53" WIDTH="16" VPOS="1325" HPOS="1403"/>
                  <String HEIGHT="53"
                          WIDTH="113"
                          VPOS="1325"
                          HPOS="1355"
                          CONTENT="non"/>
                  <SP HEIGHT="53" WIDTH="16" VPOS="1325" HPOS="1468"/>
                  <String HEIGHT="53"
                          WIDTH="210"
                          VPOS="1325"
                          HPOS="1420"
                          CONTENT="quaesiuit"/>
                  <SP HEIGHT="53" WIDTH="16" VPOS="1325" HPOS="1630"/>
                  <String HEIGHT="53"
                          WIDTH="130"
                          VPOS="1325"
                          HPOS="1581"
                          CONTENT="duos"/>
                  <SP HEIGHT="53" WIDTH="16" VPOS="1325" HPOS="1711"/>
                  <String HEIGHT="53"
                          WIDTH="113"
                          VPOS="1325"
                          HPOS="1662"
                          CONTENT="pro"/>
                  <SP HEIGHT="53" WIDTH="16" VPOS="1325" HPOS="1776"/>
                  <String HEIGHT="53"
                          WIDTH="243"
                          VPOS="1325"
                          HPOS="1727"
                          CONTENT="ordinatione"/>
                  <SP HEIGHT="53" WIDTH="16" VPOS="1325" HPOS="1970"/>
                  <String HEIGHT="53"
                          WIDTH="146"
                          VPOS="1325"
                          HPOS="1921"
                          CONTENT="Titi,"/>
                  <SP HEIGHT="53" WIDTH="16" VPOS="1325" HPOS="2067"/>
                  <String HEIGHT="53" WIDTH="49" VPOS="1325" HPOS="2002" CONTENT="&amp;"/>
               </TextLine>
               <TextLine ID="r1l49"
                         BASELINE="1415"
                         HEIGHT="45"
                         WIDTH="755"
                         VPOS="1370"
                         HPOS="1302">
                  <String HEIGHT="45"
                          WIDTH="209"
                          VPOS="1370"
                          HPOS="1286"
                          CONTENT="Timothei."/>
                  <SP HEIGHT="45" WIDTH="16" VPOS="1370" HPOS="1495"/>
                  <String HEIGHT="45"
                          WIDTH="112"
                          VPOS="1370"
                          HPOS="1447"
                          CONTENT="Nam"/>
                  <SP HEIGHT="45" WIDTH="16" VPOS="1370" HPOS="1559"/>
                  <String HEIGHT="45"
                          WIDTH="161"
                          VPOS="1370"
                          HPOS="1511"
                          CONTENT="primae"/>
                  <SP HEIGHT="45" WIDTH="16" VPOS="1370" HPOS="1671"/>
                  <String HEIGHT="45" WIDTH="96" VPOS="1370" HPOS="1623" CONTENT="ad"/>
                  <SP HEIGHT="45" WIDTH="16" VPOS="1370" HPOS="1720"/>
                  <String HEIGHT="45"
                          WIDTH="225"
                          VPOS="1370"
                          HPOS="1671"
                          CONTENT="Timotheum."/>
                  <SP HEIGHT="45" WIDTH="16" VPOS="1370" HPOS="1896"/>
                  <String HEIGHT="45"
                          WIDTH="145"
                          VPOS="1370"
                          HPOS="1848"
                          CONTENT="iiii."/>
                  <SP HEIGHT="45" WIDTH="16" VPOS="1370" HPOS="1993"/>
                  <String HEIGHT="45"
                          WIDTH="129"
                          VPOS="1370"
                          HPOS="1928"
                          CONTENT="dicit."/>
               </TextLine>
               <TextLine ID="r1l51"
                         BASELINE="1474"
                         HEIGHT="62"
                         WIDTH="759"
                         VPOS="1412"
                         HPOS="1293">
                  <String HEIGHT="62"
                          WIDTH="105"
                          VPOS="1412"
                          HPOS="1280"
                          CONTENT="Noli"/>
                  <SP HEIGHT="62" WIDTH="13" VPOS="1412" HPOS="1385"/>
                  <String HEIGHT="62"
                          WIDTH="170"
                          VPOS="1412"
                          HPOS="1345"
                          CONTENT="negligere"/>
                  <SP HEIGHT="62" WIDTH="13" VPOS="1412" HPOS="1515"/>
                  <String HEIGHT="62"
                          WIDTH="157"
                          VPOS="1412"
                          HPOS="1476"
                          CONTENT="gratiam,"/>
                  <SP HEIGHT="62" WIDTH="13" VPOS="1412" HPOS="1633"/>
                  <String HEIGHT="62"
                          WIDTH="105"
                          VPOS="1412"
                          HPOS="1594"
                          CONTENT="quae"/>
                  <SP HEIGHT="62" WIDTH="13" VPOS="1412" HPOS="1699"/>
                  <String HEIGHT="62" WIDTH="79" VPOS="1412" HPOS="1659" CONTENT="in"/>
                  <SP HEIGHT="62" WIDTH="13" VPOS="1412" HPOS="1738"/>
                  <String HEIGHT="62" WIDTH="79" VPOS="1412" HPOS="1699" CONTENT="te"/>
                  <SP HEIGHT="62" WIDTH="13" VPOS="1412" HPOS="1777"/>
                  <String HEIGHT="62"
                          WIDTH="105"
                          VPOS="1412"
                          HPOS="1738"
                          CONTENT="est,"/>
                  <SP HEIGHT="62" WIDTH="13" VPOS="1412" HPOS="1843"/>
                  <String HEIGHT="62"
                          WIDTH="105"
                          VPOS="1412"
                          HPOS="1803"
                          CONTENT="quae"/>
                  <SP HEIGHT="62" WIDTH="13" VPOS="1412" HPOS="1908"/>
                  <String HEIGHT="62"
                          WIDTH="92"
                          VPOS="1412"
                          HPOS="1869"
                          CONTENT="est"/>
                  <SP HEIGHT="62" WIDTH="13" VPOS="1412" HPOS="1960"/>
                  <String HEIGHT="62"
                          WIDTH="105"
                          VPOS="1412"
                          HPOS="1921"
                          CONTENT="tibi"/>
                  <SP HEIGHT="62" WIDTH="13" VPOS="1412" HPOS="2026"/>
                  <String HEIGHT="62"
                          WIDTH="79"
                          VPOS="1412"
                          HPOS="1973"
                          CONTENT="data"/>
               </TextLine>
               <TextLine ID="r1l53"
                         BASELINE="1514"
                         HEIGHT="54"
                         WIDTH="760"
                         VPOS="1460"
                         HPOS="1299">
                  <String HEIGHT="54"
                          WIDTH="124"
                          VPOS="1460"
                          HPOS="1281"
                          CONTENT="per"/>
                  <SP HEIGHT="54" WIDTH="18" VPOS="1460" HPOS="1405"/>
                  <String HEIGHT="54"
                          WIDTH="247"
                          VPOS="1460"
                          HPOS="1352"
                          CONTENT="prophetiam"/>
                  <SP HEIGHT="54" WIDTH="18" VPOS="1460" HPOS="1599"/>
                  <String HEIGHT="54"
                          WIDTH="124"
                          VPOS="1460"
                          HPOS="1546"
                          CONTENT="cum"/>
                  <SP HEIGHT="54" WIDTH="18" VPOS="1460" HPOS="1670"/>
                  <String HEIGHT="54"
                          WIDTH="265"
                          VPOS="1460"
                          HPOS="1617"
                          CONTENT="impositione"/>
                  <SP HEIGHT="54" WIDTH="18" VPOS="1460" HPOS="1882"/>
                  <String HEIGHT="54"
                          WIDTH="177"
                          VPOS="1460"
                          HPOS="1829"
                          CONTENT="manuum"/>
                  <SP HEIGHT="54" WIDTH="18" VPOS="1460" HPOS="2006"/>
                  <String HEIGHT="54"
                          WIDTH="124"
                          VPOS="1460"
                          HPOS="1935"
                          CONTENT="pres"
                          SUBS_TYPE="HypPart1"
                          SUBS_CONTENT="presbyteri."/>
                  <HYP CONTENT="-"/>
               </TextLine>
               <TextLine ID="r1l55"
                         BASELINE="1560"
                         HEIGHT="54"
                         WIDTH="767"
                         VPOS="1506"
                         HPOS="1287">
                  <String HEIGHT="54"
                          WIDTH="169"
                          VPOS="1506"
                          HPOS="1272"
                          CONTENT="byteri."
                          SUBS_TYPE="HypPart2"
                          SUBS_CONTENT="presbyteri."/>
                  <SP HEIGHT="54" WIDTH="15" VPOS="1506" HPOS="1440"/>
                  <String HEIGHT="54"
                          WIDTH="153"
                          VPOS="1506"
                          HPOS="1394"
                          CONTENT="glossa"/>
                  <SP HEIGHT="54" WIDTH="15" VPOS="1506" HPOS="1548"/>
                  <String HEIGHT="54"
                          WIDTH="138"
                          VPOS="1506"
                          HPOS="1502"
                          CONTENT="autem"/>
                  <SP HEIGHT="54" WIDTH="15" VPOS="1506" HPOS="1640"/>
                  <String HEIGHT="54"
                          WIDTH="215"
                          VPOS="1506"
                          HPOS="1594"
                          CONTENT="marginalis"/>
                  <SP HEIGHT="54" WIDTH="15" VPOS="1506" HPOS="1809"/>
                  <String HEIGHT="54"
                          WIDTH="153"
                          VPOS="1506"
                          HPOS="1763"
                          CONTENT="dicens"/>
                  <SP HEIGHT="54" WIDTH="15" VPOS="1506" HPOS="1916"/>
                  <String HEIGHT="54"
                          WIDTH="199"
                          VPOS="1506"
                          HPOS="1855"
                          CONTENT="(presbyters"/>
               </TextLine>
               <TextLine ID="r1l57"
                         BASELINE="1602"
                         HEIGHT="52"
                         WIDTH="770"
                         VPOS="1550"
                         HPOS="1290">
                  <String HEIGHT="52"
                          WIDTH="104"
                          VPOS="1550"
                          HPOS="1275"
                          CONTENT="pro"/>
                  <SP HEIGHT="52" WIDTH="15" VPOS="1550" HPOS="1379"/>
                  <String HEIGHT="52"
                          WIDTH="267"
                          VPOS="1550"
                          HPOS="1334"
                          CONTENT="presbyterorum)"/>
                  <SP HEIGHT="52" WIDTH="15" VPOS="1550" HPOS="1601"/>
                  <String HEIGHT="52"
                          WIDTH="104"
                          VPOS="1550"
                          HPOS="1557"
                          CONTENT="est"/>
                  <SP HEIGHT="52" WIDTH="15" VPOS="1550" HPOS="1660"/>
                  <String HEIGHT="52"
                          WIDTH="207"
                          VPOS="1550"
                          HPOS="1616"
                          CONTENT="voluntatia"/>
                  <SP HEIGHT="52" WIDTH="15" VPOS="1550" HPOS="1823"/>
                  <String HEIGHT="52"
                          WIDTH="133"
                          VPOS="1550"
                          HPOS="1779"
                          CONTENT="magis"/>
                  <SP HEIGHT="52" WIDTH="15" VPOS="1550" HPOS="1912"/>
                  <String HEIGHT="52"
                          WIDTH="163"
                          VPOS="1550"
                          HPOS="1868"
                          CONTENT="literae"/>
                  <SP HEIGHT="52" WIDTH="15" VPOS="1550" HPOS="2030"/>
                  <String HEIGHT="52"
                          WIDTH="89"
                          VPOS="1550"
                          HPOS="1971"
                          CONTENT="repu"/>
               </TextLine>
               <TextLine ID="r1l59"
                         BASELINE="1648"
                         HEIGHT="53"
                         WIDTH="773"
                         VPOS="1595"
                         HPOS="1290">
                  <String HEIGHT="53"
                          WIDTH="148"
                          VPOS="1595"
                          HPOS="1274"
                          CONTENT="gnans"/>
                  <SP HEIGHT="53" WIDTH="16" VPOS="1595" HPOS="1422"/>
                  <String HEIGHT="53"
                          WIDTH="132"
                          VPOS="1595"
                          HPOS="1372"
                          CONTENT="quam"/>
                  <SP HEIGHT="53" WIDTH="16" VPOS="1595" HPOS="1504"/>
                  <String HEIGHT="53"
                          WIDTH="115"
                          VPOS="1595"
                          HPOS="1454"
                          CONTENT="eam"/>
                  <SP HEIGHT="53" WIDTH="16" VPOS="1595" HPOS="1570"/>
                  <String HEIGHT="53"
                          WIDTH="230"
                          VPOS="1595"
                          HPOS="1520"
                          CONTENT="explicans."/>
                  <SP HEIGHT="53" WIDTH="16" VPOS="1595" HPOS="1751"/>
                  <String HEIGHT="53"
                          WIDTH="164"
                          VPOS="1595"
                          HPOS="1701"
                          CONTENT="Rursus"/>
                  <SP HEIGHT="53" WIDTH="16" VPOS="1595" HPOS="1866"/>
                  <String HEIGHT="53"
                          WIDTH="181"
                          VPOS="1595"
                          HPOS="1816"
                          CONTENT="romanus"/>
                  <SP HEIGHT="53" WIDTH="16" VPOS="1595" HPOS="1997"/>
                  <String HEIGHT="53"
                          WIDTH="132"
                          VPOS="1595"
                          HPOS="1931"
                          CONTENT="ponti"
                          SUBS_TYPE="HypPart1"
                          SUBS_CONTENT="pontifex"/>
                  <HYP CONTENT="-"/>
               </TextLine>
               <TextLine ID="r1l61"
                         BASELINE="1689"
                         HEIGHT="48"
                         WIDTH="768"
                         VPOS="1641"
                         HPOS="1285">
                  <String HEIGHT="48"
                          WIDTH="105"
                          VPOS="1641"
                          HPOS="1270"
                          CONTENT="fex"
                          SUBS_TYPE="HypPart2"
                          SUBS_CONTENT="pontifex"/>
                  <SP HEIGHT="48" WIDTH="15" VPOS="1641" HPOS="1375"/>
                  <String HEIGHT="48" WIDTH="90" VPOS="1641" HPOS="1330" CONTENT="si"/>
                  <SP HEIGHT="48" WIDTH="15" VPOS="1641" HPOS="1421"/>
                  <String HEIGHT="48" WIDTH="90" VPOS="1641" HPOS="1375" CONTENT="ve"/>
                  <SP HEIGHT="48" WIDTH="15" VPOS="1641" HPOS="1466"/>
                  <String HEIGHT="48"
                          WIDTH="105"
                          VPOS="1641"
                          HPOS="1421"
                          CONTENT="lit"/>
                  <SP HEIGHT="48" WIDTH="15" VPOS="1641" HPOS="1526"/>
                  <String HEIGHT="48"
                          WIDTH="151"
                          VPOS="1641"
                          HPOS="1481"
                          CONTENT="potest"/>
                  <SP HEIGHT="48" WIDTH="15" VPOS="1641" HPOS="1631"/>
                  <String HEIGHT="48"
                          WIDTH="136"
                          VPOS="1641"
                          HPOS="1586"
                          CONTENT="solus"/>
                  <SP HEIGHT="48" WIDTH="15" VPOS="1641" HPOS="1722"/>
                  <String HEIGHT="48"
                          WIDTH="196"
                          VPOS="1641"
                          HPOS="1677"
                          CONTENT="episcopum"/>
                  <SP HEIGHT="48" WIDTH="15" VPOS="1641" HPOS="1872"/>
                  <String HEIGHT="48"
                          WIDTH="166"
                          VPOS="1641"
                          HPOS="1827"
                          CONTENT="aliquem"/>
                  <SP HEIGHT="48" WIDTH="15" VPOS="1641" HPOS="1993"/>
                  <String HEIGHT="48"
                          WIDTH="120"
                          VPOS="1641"
                          HPOS="1933"
                          CONTENT="ordina"/>
               </TextLine>
               <TextLine ID="r1l63"
                         BASELINE="1736"
                         HEIGHT="51"
                         WIDTH="748"
                         VPOS="1685"
                         HPOS="1300">
                  <String HEIGHT="51" WIDTH="98" VPOS="1685" HPOS="1284" CONTENT="re"/>
                  <SP HEIGHT="51" WIDTH="16" VPOS="1685" HPOS="1381"/>
                  <String HEIGHT="51"
                          WIDTH="130"
                          VPOS="1685"
                          HPOS="1333"
                          CONTENT="sine"/>
                  <SP HEIGHT="51" WIDTH="16" VPOS="1685" HPOS="1463"/>
                  <String HEIGHT="51"
                          WIDTH="163"
                          VPOS="1685"
                          HPOS="1414"
                          CONTENT="duorum"/>
                  <SP HEIGHT="51" WIDTH="16" VPOS="1685" HPOS="1576"/>
                  <String HEIGHT="51"
                          WIDTH="130"
                          VPOS="1685"
                          HPOS="1528"
                          CONTENT="ope."/>
                  <SP HEIGHT="51" WIDTH="16" VPOS="1685" HPOS="1658"/>
                  <String HEIGHT="51" WIDTH="98" VPOS="1685" HPOS="1609" CONTENT="vt"/>
                  <SP HEIGHT="51" WIDTH="16" VPOS="1685" HPOS="1707"/>
                  <String HEIGHT="51"
                          WIDTH="146"
                          VPOS="1685"
                          HPOS="1658"
                          CONTENT="Hugo,"/>
                  <SP HEIGHT="51" WIDTH="16" VPOS="1685" HPOS="1804"/>
                  <String HEIGHT="51" WIDTH="81" VPOS="1685" HPOS="1755" CONTENT="&amp;"/>
                  <SP HEIGHT="51" WIDTH="16" VPOS="1685" HPOS="1837"/>
                  <String HEIGHT="51"
                          WIDTH="146"
                          VPOS="1685"
                          HPOS="1788"
                          CONTENT="multi"/>
                  <SP HEIGHT="51" WIDTH="16" VPOS="1685" HPOS="1934"/>
                  <String HEIGHT="51"
                          WIDTH="130"
                          VPOS="1685"
                          HPOS="1885"
                          CONTENT="alii"/>
                  <SP HEIGHT="51" WIDTH="16" VPOS="1685" HPOS="2015"/>
                  <String HEIGHT="51"
                          WIDTH="98"
                          VPOS="1685"
                          HPOS="1950"
                          CONTENT="con"
                          SUBS_TYPE="HypPart1"
                          SUBS_CONTENT="concedunt."/>
                  <HYP CONTENT="-"/>
               </TextLine>
               <TextLine ID="r1l65"
                         BASELINE="1783"
                         HEIGHT="62"
                         WIDTH="761"
                         VPOS="1721"
                         HPOS="1290">
                  <String HEIGHT="62"
                          WIDTH="171"
                          VPOS="1721"
                          HPOS="1274"
                          CONTENT="cedunt."
                          SUBS_TYPE="HypPart2"
                          SUBS_CONTENT="concedunt."/>
                  <SP HEIGHT="62" WIDTH="16" VPOS="1721" HPOS="1445"/>
                  <String HEIGHT="62"
                          WIDTH="202"
                          VPOS="1721"
                          HPOS="1399"
                          CONTENT="Praeterea"/>
                  <SP HEIGHT="62" WIDTH="16" VPOS="1721" HPOS="1601"/>
                  <String HEIGHT="62"
                          WIDTH="202"
                          VPOS="1721"
                          HPOS="1554"
                          CONTENT="Rusticus,"/>
                  <SP HEIGHT="62" WIDTH="16" VPOS="1721" HPOS="1756"/>
                  <String HEIGHT="62" WIDTH="78" VPOS="1721" HPOS="1709" CONTENT="&amp;"/>
                  <SP HEIGHT="62" WIDTH="16" VPOS="1721" HPOS="1787"/>
                  <String HEIGHT="62"
                          WIDTH="233"
                          VPOS="1721"
                          HPOS="1740"
                          CONTENT="Eleutherius"/>
                  <SP HEIGHT="62" WIDTH="16" VPOS="1721" HPOS="1973"/>
                  <String HEIGHT="62"
                          WIDTH="109"
                          VPOS="1721"
                          HPOS="1927"
                          CONTENT="qui"/>
                  <SP HEIGHT="62" WIDTH="16" VPOS="1721" HPOS="2035"/>
                  <String HEIGHT="62"
                          WIDTH="78"
                          VPOS="1721"
                          HPOS="1973"
                          CONTENT="cum"/>
               </TextLine>
               <TextLine ID="r1l67"
                         BASELINE="1816"
                         HEIGHT="48"
                         WIDTH="758"
                         VPOS="1768"
                         HPOS="1287">
                  <String HEIGHT="48"
                          WIDTH="152"
                          VPOS="1768"
                          HPOS="1270"
                          CONTENT="beato"/>
                  <SP HEIGHT="48" WIDTH="17" VPOS="1768" HPOS="1422"/>
                  <String HEIGHT="48"
                          WIDTH="202"
                          VPOS="1768"
                          HPOS="1371"
                          CONTENT="Dionysio"/>
                  <SP HEIGHT="48" WIDTH="17" VPOS="1768" HPOS="1573"/>
                  <String HEIGHT="48"
                          WIDTH="101"
                          VPOS="1768"
                          HPOS="1523"
                          CONTENT="ad"/>
                  <SP HEIGHT="48" WIDTH="17" VPOS="1768" HPOS="1624"/>
                  <String HEIGHT="48"
                          WIDTH="185"
                          VPOS="1768"
                          HPOS="1573"
                          CONTENT="Gallias"/>
                  <SP HEIGHT="48" WIDTH="17" VPOS="1768" HPOS="1759"/>
                  <String HEIGHT="48"
                          WIDTH="219"
                          VPOS="1768"
                          HPOS="1708"
                          CONTENT="venerunt,"/>
                  <SP HEIGHT="48" WIDTH="17" VPOS="1768" HPOS="1927"/>
                  <String HEIGHT="48"
                          WIDTH="118"
                          VPOS="1768"
                          HPOS="1877"
                          CONTENT="non"/>
                  <SP HEIGHT="48" WIDTH="17" VPOS="1768" HPOS="1994"/>
                  <String HEIGHT="48"
                          WIDTH="118"
                          VPOS="1768"
                          HPOS="1927"
                          CONTENT="erant"/>
               </TextLine>
               <TextLine ID="r1l69"
                         BASELINE="1871"
                         HEIGHT="53"
                         WIDTH="760"
                         VPOS="1818"
                         HPOS="1293">
                  <String HEIGHT="53"
                          WIDTH="210"
                          VPOS="1818"
                          HPOS="1277"
                          CONTENT="episcopi:"/>
                  <SP HEIGHT="53" WIDTH="16" VPOS="1818" HPOS="1487"/>
                  <String HEIGHT="53"
                          WIDTH="113"
                          VPOS="1818"
                          HPOS="1439"
                          CONTENT="sed"/>
                  <SP HEIGHT="53" WIDTH="16" VPOS="1818" HPOS="1552"/>
                  <String HEIGHT="53"
                          WIDTH="178"
                          VPOS="1818"
                          HPOS="1503"
                          CONTENT="Galliae"/>
                  <SP HEIGHT="53" WIDTH="16" VPOS="1818" HPOS="1681"/>
                  <String HEIGHT="53"
                          WIDTH="210"
                          VPOS="1818"
                          HPOS="1633"
                          CONTENT="episcopos"/>
                  <SP HEIGHT="53" WIDTH="16" VPOS="1818" HPOS="1843"/>
                  <String HEIGHT="53"
                          WIDTH="146"
                          VPOS="1818"
                          HPOS="1794"
                          CONTENT="solus"/>
                  <SP HEIGHT="53" WIDTH="16" VPOS="1818" HPOS="1940"/>
                  <String HEIGHT="53"
                          WIDTH="178"
                          VPOS="1818"
                          HPOS="1875"
                          CONTENT="Dionysius"/>
               </TextLine>
               <TextLine ID="r1l71"
                         BASELINE="1914"
                         HEIGHT="56"
                         WIDTH="764"
                         VPOS="1858"
                         HPOS="1296">
                  <String HEIGHT="56"
                          WIDTH="218"
                          VPOS="1858"
                          HPOS="1280"
                          CONTENT="ordinauit."/>
                  <SP HEIGHT="56" WIDTH="16" VPOS="1858" HPOS="1499"/>
                  <String HEIGHT="56"
                          WIDTH="187"
                          VPOS="1858"
                          HPOS="1452"
                          CONTENT="Ecclesia"/>
                  <SP HEIGHT="56" WIDTH="16" VPOS="1858" HPOS="1639"/>
                  <String HEIGHT="56"
                          WIDTH="140"
                          VPOS="1858"
                          HPOS="1592"
                          CONTENT="tamen"/>
                  <SP HEIGHT="56" WIDTH="16" VPOS="1858" HPOS="1733"/>
                  <String HEIGHT="56"
                          WIDTH="156"
                          VPOS="1858"
                          HPOS="1686"
                          CONTENT="vtitur"/>
                  <SP HEIGHT="56" WIDTH="16" VPOS="1858" HPOS="1842"/>
                  <String HEIGHT="56"
                          WIDTH="125"
                          VPOS="1858"
                          HPOS="1795"
                          CONTENT="nunc"/>
                  <SP HEIGHT="56" WIDTH="16" VPOS="1858" HPOS="1920"/>
                  <String HEIGHT="56"
                          WIDTH="156"
                          VPOS="1858"
                          HPOS="1873"
                          CONTENT="tribus"/>
                  <SP HEIGHT="56" WIDTH="16" VPOS="1858" HPOS="2029"/>
                  <String HEIGHT="56"
                          WIDTH="94"
                          VPOS="1858"
                          HPOS="1966"
                          CONTENT="epi"
                          SUBS_TYPE="HypPart1"
                          SUBS_CONTENT="episcopis"/>
                  <HYP CONTENT="-"/>
               </TextLine>
               <TextLine ID="r1l73"
                         BASELINE="1951"
                         HEIGHT="48"
                         WIDTH="761"
                         VPOS="1903"
                         HPOS="1296">
                  <String HEIGHT="48"
                          WIDTH="169"
                          VPOS="1903"
                          HPOS="1279"
                          CONTENT="scopis"
                          SUBS_TYPE="HypPart2"
                          SUBS_CONTENT="episcopis"/>
                  <SP HEIGHT="48" WIDTH="17" VPOS="1903" HPOS="1448"/>
                  <String HEIGHT="48"
                          WIDTH="101"
                          VPOS="1903"
                          HPOS="1397"
                          CONTENT="in"/>
                  <SP HEIGHT="48" WIDTH="17" VPOS="1903" HPOS="1499"/>
                  <String HEIGHT="48"
                          WIDTH="237"
                          VPOS="1903"
                          HPOS="1448"
                          CONTENT="pontificum"/>
                  <SP HEIGHT="48" WIDTH="17" VPOS="1903" HPOS="1685"/>
                  <String HEIGHT="48"
                          WIDTH="220"
                          VPOS="1903"
                          HPOS="1634"
                          CONTENT="creatione"/>
                  <SP HEIGHT="48" WIDTH="17" VPOS="1903" HPOS="1854"/>
                  <String HEIGHT="48"
                          WIDTH="101"
                          VPOS="1903"
                          HPOS="1803"
                          CONTENT="ad"/>
                  <SP HEIGHT="48" WIDTH="17" VPOS="1903" HPOS="1905"/>
                  <String HEIGHT="48"
                          WIDTH="220"
                          VPOS="1903"
                          HPOS="1837"
                          CONTENT="imitationem"/>
               </TextLine>
               <TextLine ID="r1l75"
                         BASELINE="1993"
                         HEIGHT="48"
                         WIDTH="761"
                         VPOS="1945"
                         HPOS="1299">
                  <String HEIGHT="48"
                          WIDTH="169"
                          VPOS="1945"
                          HPOS="1282"
                          CONTENT="Petri,"/>
                  <SP HEIGHT="48" WIDTH="17" VPOS="1945" HPOS="1451"/>
                  <String HEIGHT="48"
                          WIDTH="203"
                          VPOS="1945"
                          HPOS="1400"
                          CONTENT="loannis,"/>
                  <SP HEIGHT="48" WIDTH="17" VPOS="1945" HPOS="1603"/>
                  <String HEIGHT="48" WIDTH="85" VPOS="1945" HPOS="1553" CONTENT="&amp;"/>
                  <SP HEIGHT="48" WIDTH="17" VPOS="1945" HPOS="1637"/>
                  <String HEIGHT="48"
                          WIDTH="169"
                          VPOS="1945"
                          HPOS="1586"
                          CONTENT="Iacobi"/>
                  <SP HEIGHT="48" WIDTH="17" VPOS="1945" HPOS="1756"/>
                  <String HEIGHT="48"
                          WIDTH="203"
                          VPOS="1945"
                          HPOS="1705"
                          CONTENT="maioris,"/>
                  <SP HEIGHT="48" WIDTH="17" VPOS="1945" HPOS="1908"/>
                  <String HEIGHT="48"
                          WIDTH="118"
                          VPOS="1945"
                          HPOS="1857"
                          CONTENT="qui"/>
                  <SP HEIGHT="48" WIDTH="17" VPOS="1945" HPOS="1975"/>
                  <String HEIGHT="48"
                          WIDTH="152"
                          VPOS="1945"
                          HPOS="1908"
                          CONTENT="Iacobum"/>
               </TextLine>
               <TextLine ID="r1l77"
                         BASELINE="2035"
                         HEIGHT="47"
                         WIDTH="754"
                         VPOS="1988"
                         HPOS="1305">
                  <String HEIGHT="47"
                          WIDTH="145"
                          VPOS="1988"
                          HPOS="1291"
                          CONTENT="Alphei"/>
                  <SP HEIGHT="47" WIDTH="15" VPOS="1988" HPOS="1436"/>
                  <String HEIGHT="47"
                          WIDTH="218"
                          VPOS="1988"
                          HPOS="1392"
                          CONTENT="creauerunt."/>
                  <SP HEIGHT="47" WIDTH="15" VPOS="1988" HPOS="1610"/>
                  <String HEIGHT="47" WIDTH="87" VPOS="1988" HPOS="1566" CONTENT="vt"/>
                  <SP HEIGHT="47" WIDTH="15" VPOS="1988" HPOS="1653"/>
                  <String HEIGHT="47"
                          WIDTH="160"
                          VPOS="1988"
                          HPOS="1610"
                          CONTENT="dicitur"/>
                  <SP HEIGHT="47" WIDTH="15" VPOS="1988" HPOS="1769"/>
                  <String HEIGHT="47"
                          WIDTH="102"
                          VPOS="1988"
                          HPOS="1726"
                          CONTENT="in."/>
                  <SP HEIGHT="47" WIDTH="15" VPOS="1988" HPOS="1827"/>
                  <String HEIGHT="47" WIDTH="87" VPOS="1988" HPOS="1784" CONTENT="c."/>
                  <SP HEIGHT="47" WIDTH="15" VPOS="1988" HPOS="1871"/>
                  <String HEIGHT="47"
                          WIDTH="145"
                          VPOS="1988"
                          HPOS="1827"
                          CONTENT="Porro."/>
                  <SP HEIGHT="47" WIDTH="15" VPOS="1988" HPOS="1972"/>
                  <String HEIGHT="47"
                          WIDTH="116"
                          VPOS="1988"
                          HPOS="1929"
                          CONTENT="ltem"/>
                  <SP HEIGHT="47" WIDTH="15" VPOS="1988" HPOS="2045"/>
                  <String HEIGHT="47" WIDTH="87" VPOS="1988" HPOS="2001" CONTENT="in"/>
                  <SP HEIGHT="47" WIDTH="15" VPOS="1988" HPOS="2088"/>
                  <String HEIGHT="47" WIDTH="29" VPOS="1988" HPOS="2030" CONTENT=""/>
               </TextLine>
               <TextLine ID="r1l79"
                         BASELINE="2079"
                         HEIGHT="46"
                         WIDTH="760"
                         VPOS="2033"
                         HPOS="1302">
                  <String HEIGHT="46"
                          WIDTH="143"
                          VPOS="2033"
                          HPOS="1286"
                          CONTENT="capi."/>
                  <SP HEIGHT="46" WIDTH="16" VPOS="2033" HPOS="1429"/>
                  <String HEIGHT="46"
                          WIDTH="301"
                          VPOS="2033"
                          HPOS="1381"
                          CONTENT="Archiepiscopus:"/>
                  <SP HEIGHT="46" WIDTH="16" VPOS="2033" HPOS="1682"/>
                  <String HEIGHT="46"
                          WIDTH="174"
                          VPOS="2033"
                          HPOS="1635"
                          CONTENT="eiusdem"/>
                  <SP HEIGHT="46" WIDTH="16" VPOS="2033" HPOS="1809"/>
                  <String HEIGHT="46"
                          WIDTH="285"
                          VPOS="2033"
                          HPOS="1761"
                          CONTENT="distinctionis,"/>
                  <SP HEIGHT="46" WIDTH="16" VPOS="2033" HPOS="2046"/>
                  <String HEIGHT="46"
                          WIDTH="79"
                          VPOS="2033"
                          HPOS="1983"
                          CONTENT="ha"
                          SUBS_TYPE="HypPart1"
                          SUBS_CONTENT="habetur"/>
                  <HYP CONTENT="-"/>
               </TextLine>
               <TextLine ID="r1l81"
                         BASELINE="2129"
                         HEIGHT="52"
                         WIDTH="757"
                         VPOS="2077"
                         HPOS="1297">
                  <String HEIGHT="52"
                          WIDTH="142"
                          VPOS="2077"
                          HPOS="1281"
                          CONTENT="betur"
                          SUBS_TYPE="HypPart2"
                          SUBS_CONTENT="habetur"/>
                  <SP HEIGHT="52" WIDTH="16" VPOS="2077" HPOS="1423"/>
                  <String HEIGHT="52"
                          WIDTH="126"
                          VPOS="2077"
                          HPOS="1376"
                          CONTENT="quod"/>
                  <SP HEIGHT="52" WIDTH="16" VPOS="2077" HPOS="1502"/>
                  <String HEIGHT="52"
                          WIDTH="284"
                          VPOS="2077"
                          HPOS="1455"
                          CONTENT="archiepiscopus"/>
                  <SP HEIGHT="52" WIDTH="16" VPOS="2077" HPOS="1739"/>
                  <String HEIGHT="52" WIDTH="95" VPOS="2077" HPOS="1691" CONTENT="ab"/>
                  <SP HEIGHT="52" WIDTH="16" VPOS="2077" HPOS="1786"/>
                  <String HEIGHT="52"
                          WIDTH="173"
                          VPOS="2077"
                          HPOS="1739"
                          CONTENT="omnibus"/>
                  <SP HEIGHT="52" WIDTH="16" VPOS="2077" HPOS="1912"/>
                  <String HEIGHT="52"
                          WIDTH="126"
                          VPOS="2077"
                          HPOS="1865"
                          CONTENT="suae"/>
                  <SP HEIGHT="52" WIDTH="16" VPOS="2077" HPOS="1991"/>
                  <String HEIGHT="52"
                          WIDTH="126"
                          VPOS="2077"
                          HPOS="1928"
                          CONTENT="prouin"/>
               </TextLine>
               <TextLine ID="r1l83"
                         BASELINE="2178"
                         HEIGHT="52"
                         WIDTH="758"
                         VPOS="2126"
                         HPOS="1296">
                  <String HEIGHT="52"
                          WIDTH="124"
                          VPOS="2126"
                          HPOS="1281"
                          CONTENT="ciae"/>
                  <SP HEIGHT="52" WIDTH="15" VPOS="2126" HPOS="1404"/>
                  <String HEIGHT="52"
                          WIDTH="201"
                          VPOS="2126"
                          HPOS="1358"
                          CONTENT="episcopis"/>
                  <SP HEIGHT="52" WIDTH="15" VPOS="2126" HPOS="1559"/>
                  <String HEIGHT="52"
                          WIDTH="217"
                          VPOS="2126"
                          HPOS="1513"
                          CONTENT="ordinetur."/>
                  <SP HEIGHT="52" WIDTH="15" VPOS="2126" HPOS="1729"/>
                  <String HEIGHT="52" WIDTH="77" VPOS="2126" HPOS="1683" CONTENT="&amp;"/>
                  <SP HEIGHT="52" WIDTH="15" VPOS="2126" HPOS="1760"/>
                  <String HEIGHT="52" WIDTH="93" VPOS="2126" HPOS="1714" CONTENT="si"/>
                  <SP HEIGHT="52" WIDTH="15" VPOS="2126" HPOS="1806"/>
                  <String HEIGHT="52"
                          WIDTH="155"
                          VPOS="2126"
                          HPOS="1760"
                          CONTENT="aliter"/>
                  <SP HEIGHT="52" WIDTH="15" VPOS="2126" HPOS="1915"/>
                  <String HEIGHT="52"
                          WIDTH="201"
                          VPOS="2126"
                          HPOS="1853"
                          CONTENT="praesumptum"/>
               </TextLine>
               <TextLine ID="r1l85"
                         BASELINE="2226"
                         HEIGHT="59"
                         WIDTH="764"
                         VPOS="2167"
                         HPOS="1296">
                  <String HEIGHT="59"
                          WIDTH="153"
                          VPOS="2167"
                          HPOS="1282"
                          CONTENT="fuerit:"/>
                  <SP HEIGHT="59" WIDTH="14" VPOS="2167" HPOS="1435"/>
                  <String HEIGHT="59"
                          WIDTH="153"
                          VPOS="2167"
                          HPOS="1393"
                          CONTENT="viribus"/>
                  <SP HEIGHT="59" WIDTH="14" VPOS="2167" HPOS="1546"/>
                  <String HEIGHT="59"
                          WIDTH="139"
                          VPOS="2167"
                          HPOS="1504"
                          CONTENT="carere"/>
                  <SP HEIGHT="59" WIDTH="14" VPOS="2167" HPOS="1643"/>
                  <String HEIGHT="59"
                          WIDTH="97"
                          VPOS="2167"
                          HPOS="1602"
                          CONTENT="non"/>
                  <SP HEIGHT="59" WIDTH="14" VPOS="2167" HPOS="1699"/>
                  <String HEIGHT="59"
                          WIDTH="139"
                          VPOS="2167"
                          HPOS="1657"
                          CONTENT="dubium"/>
                  <SP HEIGHT="59" WIDTH="14" VPOS="2167" HPOS="1796"/>
                  <String HEIGHT="59"
                          WIDTH="111"
                          VPOS="2167"
                          HPOS="1754"
                          CONTENT="est:"/>
                  <SP HEIGHT="59" WIDTH="14" VPOS="2167" HPOS="1866"/>
                  <String HEIGHT="59"
                          WIDTH="111"
                          VPOS="2167"
                          HPOS="1824"
                          CONTENT="quia"/>
                  <SP HEIGHT="59" WIDTH="14" VPOS="2167" HPOS="1935"/>
                  <String HEIGHT="59"
                          WIDTH="139"
                          VPOS="2167"
                          HPOS="1893"
                          CONTENT="irrita"/>
                  <SP HEIGHT="59" WIDTH="14" VPOS="2167" HPOS="2032"/>
                  <String HEIGHT="59"
                          WIDTH="83"
                          VPOS="2167"
                          HPOS="1977"
                          CONTENT="erit"/>
               </TextLine>
               <TextLine ID="r1l87"
                         BASELINE="2259"
                         HEIGHT="48"
                         WIDTH="760"
                         VPOS="2211"
                         HPOS="1297">
                  <String HEIGHT="48"
                          WIDTH="209"
                          VPOS="2211"
                          HPOS="1282"
                          CONTENT="ordinatio."/>
                  <SP HEIGHT="48" WIDTH="15" VPOS="2211" HPOS="1491"/>
                  <String HEIGHT="48"
                          WIDTH="104"
                          VPOS="2211"
                          HPOS="1446"
                          CONTENT="sed"/>
                  <SP HEIGHT="48" WIDTH="15" VPOS="2211" HPOS="1550"/>
                  <String HEIGHT="48"
                          WIDTH="134"
                          VPOS="2211"
                          HPOS="1506"
                          CONTENT="istud"/>
                  <SP HEIGHT="48" WIDTH="15" VPOS="2211" HPOS="1640"/>
                  <String HEIGHT="48"
                          WIDTH="104"
                          VPOS="2211"
                          HPOS="1595"
                          CONTENT="non"/>
                  <SP HEIGHT="48" WIDTH="15" VPOS="2211" HPOS="1699"/>
                  <String HEIGHT="48"
                          WIDTH="209"
                          VPOS="2211"
                          HPOS="1655"
                          CONTENT="requiritur"/>
                  <SP HEIGHT="48" WIDTH="15" VPOS="2211" HPOS="1863"/>
                  <String HEIGHT="48" WIDTH="89" VPOS="2211" HPOS="1819" CONTENT="de"/>
                  <SP HEIGHT="48" WIDTH="15" VPOS="2211" HPOS="1908"/>
                  <String HEIGHT="48"
                          WIDTH="209"
                          VPOS="2211"
                          HPOS="1848"
                          CONTENT="necessitate:"/>
               </TextLine>
               <TextLine ID="r1l89"
                         BASELINE="2314"
                         HEIGHT="60"
                         WIDTH="761"
                         VPOS="2254"
                         HPOS="1296">
                  <String HEIGHT="60"
                          WIDTH="135"
                          VPOS="2254"
                          HPOS="1279"
                          CONTENT="ergo"/>
                  <SP HEIGHT="60" WIDTH="17" VPOS="2254" HPOS="1414"/>
                  <String HEIGHT="60"
                          WIDTH="118"
                          VPOS="2254"
                          HPOS="1364"
                          CONTENT="nec"/>
                  <SP HEIGHT="60" WIDTH="17" VPOS="2254" HPOS="1482"/>
                  <String HEIGHT="60"
                          WIDTH="152"
                          VPOS="2254"
                          HPOS="1431"
                          CONTENT="aliud"/>
                  <SP HEIGHT="60" WIDTH="17" VPOS="2254" HPOS="1583"/>
                  <String HEIGHT="60"
                          WIDTH="101"
                          VPOS="2254"
                          HPOS="1533"
                          CONTENT="ei"/>
                  <SP HEIGHT="60" WIDTH="17" VPOS="2254" HPOS="1634"/>
                  <String HEIGHT="60"
                          WIDTH="237"
                          VPOS="2254"
                          HPOS="1583"
                          CONTENT="adiunctum."/>
                  <SP HEIGHT="60" WIDTH="17" VPOS="2254" HPOS="1820"/>
                  <String HEIGHT="60" WIDTH="85" VPOS="2254" HPOS="1770" CONTENT=""/>
                  <SP HEIGHT="60" WIDTH="17" VPOS="2254" HPOS="1854"/>
                  <String HEIGHT="60"
                          WIDTH="186"
                          VPOS="2254"
                          HPOS="1803"
                          CONTENT="Secundo"/>
                  <SP HEIGHT="60" WIDTH="17" VPOS="2254" HPOS="1989"/>
                  <String HEIGHT="60"
                          WIDTH="135"
                          VPOS="2254"
                          HPOS="1922"
                          CONTENT="argui"
                          SUBS_TYPE="HypPart1"
                          SUBS_CONTENT="arguitur."/>
                  <HYP CONTENT="-"/>
               </TextLine>
               <TextLine ID="r1l91"
                         BASELINE="2352"
                         HEIGHT="52"
                         WIDTH="767"
                         VPOS="2300"
                         HPOS="1293">
                  <String HEIGHT="52"
                          WIDTH="114"
                          VPOS="2300"
                          HPOS="1279"
                          CONTENT="tur."
                          SUBS_TYPE="HypPart2"
                          SUBS_CONTENT="arguitur."/>
                  <SP HEIGHT="52" WIDTH="14" VPOS="2300" HPOS="1392"/>
                  <String HEIGHT="52" WIDTH="85" VPOS="2300" HPOS="1350" CONTENT="in"/>
                  <SP HEIGHT="52" WIDTH="14" VPOS="2300" HPOS="1435"/>
                  <String HEIGHT="52"
                          WIDTH="99"
                          VPOS="2300"
                          HPOS="1392"
                          CONTENT="ca."/>
                  <SP HEIGHT="52" WIDTH="14" VPOS="2300" HPOS="1492"/>
                  <String HEIGHT="52" WIDTH="85" VPOS="2300" HPOS="1449" CONTENT="In"/>
                  <SP HEIGHT="52" WIDTH="14" VPOS="2300" HPOS="1534"/>
                  <String HEIGHT="52"
                          WIDTH="128"
                          VPOS="2300"
                          HPOS="1492"
                          CONTENT="nouo."/>
                  <SP HEIGHT="52" WIDTH="14" VPOS="2300" HPOS="1620"/>
                  <String HEIGHT="52"
                          WIDTH="156"
                          VPOS="2300"
                          HPOS="1577"
                          CONTENT="dicitur"/>
                  <SP HEIGHT="52" WIDTH="14" VPOS="2300" HPOS="1733"/>
                  <String HEIGHT="52"
                          WIDTH="114"
                          VPOS="2300"
                          HPOS="1691"
                          CONTENT="quod"/>
                  <SP HEIGHT="52" WIDTH="14" VPOS="2300" HPOS="1804"/>
                  <String HEIGHT="52"
                          WIDTH="128"
                          VPOS="2300"
                          HPOS="1762"
                          CONTENT="primo"/>
                  <SP HEIGHT="52" WIDTH="14" VPOS="2300" HPOS="1890"/>
                  <String HEIGHT="52"
                          WIDTH="128"
                          VPOS="2300"
                          HPOS="1847"
                          CONTENT="Petro"/>
                  <SP HEIGHT="52" WIDTH="14" VPOS="2300" HPOS="1975"/>
                  <String HEIGHT="52" WIDTH="85" VPOS="2300" HPOS="1932" CONTENT="in"/>
                  <SP HEIGHT="52" WIDTH="14" VPOS="2300" HPOS="2017"/>
                  <String HEIGHT="52"
                          WIDTH="99"
                          VPOS="2300"
                          HPOS="1961"
                          CONTENT="eccle"/>
               </TextLine>
               <TextLine ID="r1l93"
                         BASELINE="2399"
                         HEIGHT="55"
                         WIDTH="753"
                         VPOS="2344"
                         HPOS="1300">
                  <String HEIGHT="55"
                          WIDTH="103"
                          VPOS="2344"
                          HPOS="1285"
                          CONTENT="sia"/>
                  <SP HEIGHT="55" WIDTH="15" VPOS="2344" HPOS="1389"/>
                  <String HEIGHT="55"
                          WIDTH="236"
                          VPOS="2344"
                          HPOS="1344"
                          CONTENT="pontificatus"/>
                  <SP HEIGHT="55" WIDTH="15" VPOS="2344" HPOS="1581"/>
                  <String HEIGHT="55"
                          WIDTH="133"
                          VPOS="2344"
                          HPOS="1536"
                          CONTENT="datus"/>
                  <SP HEIGHT="55" WIDTH="15" VPOS="2344" HPOS="1669"/>
                  <String HEIGHT="55"
                          WIDTH="118"
                          VPOS="2344"
                          HPOS="1625"
                          CONTENT="est."/>
                  <SP HEIGHT="55" WIDTH="15" VPOS="2344" HPOS="1743"/>
                  <String HEIGHT="55"
                          WIDTH="236"
                          VPOS="2344"
                          HPOS="1699"
                          CONTENT="Respondetur."/>
                  <SP HEIGHT="55" WIDTH="15" VPOS="2344" HPOS="1935"/>
                  <String HEIGHT="55"
                          WIDTH="103"
                          VPOS="2344"
                          HPOS="1891"
                          CONTENT="hoc"/>
                  <SP HEIGHT="55" WIDTH="15" VPOS="2344" HPOS="1994"/>
                  <String HEIGHT="55"
                          WIDTH="103"
                          VPOS="2344"
                          HPOS="1950"
                          CONTENT="non"/>
                  <SP HEIGHT="55" WIDTH="15" VPOS="2344" HPOS="2053"/>
                  <String HEIGHT="55" WIDTH="59" VPOS="2344" HPOS="1994" CONTENT="po"/>
               </TextLine>
               <TextLine ID="r1l95"
                         BASELINE="2439"
                         HEIGHT="51"
                         WIDTH="772"
                         VPOS="2388"
                         HPOS="1293">
                  <String HEIGHT="51"
                          WIDTH="124"
                          VPOS="2388"
                          HPOS="1278"
                          CONTENT="test"/>
                  <SP HEIGHT="51" WIDTH="15" VPOS="2388" HPOS="1401"/>
                  <String HEIGHT="51"
                          WIDTH="185"
                          VPOS="2388"
                          HPOS="1355"
                          CONTENT="adiuuare"/>
                  <SP HEIGHT="51" WIDTH="15" VPOS="2388" HPOS="1540"/>
                  <String HEIGHT="51"
                          WIDTH="232"
                          VPOS="2388"
                          HPOS="1494"
                          CONTENT="aduersarios"/>
                  <SP HEIGHT="51" WIDTH="15" VPOS="2388" HPOS="1725"/>
                  <String HEIGHT="51"
                          WIDTH="124"
                          VPOS="2388"
                          HPOS="1679"
                          CONTENT="quia"/>
                  <SP HEIGHT="51" WIDTH="15" VPOS="2388" HPOS="1803"/>
                  <String HEIGHT="51"
                          WIDTH="201"
                          VPOS="2388"
                          HPOS="1756"
                          CONTENT="immediate"/>
                  <SP HEIGHT="51" WIDTH="15" VPOS="2388" HPOS="1957"/>
                  <String HEIGHT="51"
                          WIDTH="124"
                          VPOS="2388"
                          HPOS="1911"
                          CONTENT="ante"/>
                  <SP HEIGHT="51" WIDTH="15" VPOS="2388" HPOS="2034"/>
                  <String HEIGHT="51"
                          WIDTH="93"
                          VPOS="2388"
                          HPOS="1972"
                          CONTENT="illa"/>
               </TextLine>
               <TextLine ID="r1l97"
                         BASELINE="2481"
                         HEIGHT="42"
                         WIDTH="770"
                         VPOS="2439"
                         HPOS="1296">
                  <String HEIGHT="42"
                          WIDTH="133"
                          VPOS="2439"
                          HPOS="1281"
                          CONTENT="verba"/>
                  <SP HEIGHT="42" WIDTH="15" VPOS="2439" HPOS="1414"/>
                  <String HEIGHT="42"
                          WIDTH="178"
                          VPOS="2439"
                          HPOS="1370"
                          CONTENT="dicitur."/>
                  <SP HEIGHT="42" WIDTH="15" VPOS="2439" HPOS="1548"/>
                  <String HEIGHT="42" WIDTH="74" VPOS="2439" HPOS="1503" CONTENT="a"/>
                  <SP HEIGHT="42" WIDTH="15" VPOS="2439" HPOS="1577"/>
                  <String HEIGHT="42"
                          WIDTH="133"
                          VPOS="2439"
                          HPOS="1533"
                          CONTENT="Petro"/>
                  <SP HEIGHT="42" WIDTH="15" VPOS="2439" HPOS="1666"/>
                  <String HEIGHT="42"
                          WIDTH="237"
                          VPOS="2439"
                          HPOS="1622"
                          CONTENT="sacerdotalis"/>
                  <SP HEIGHT="42" WIDTH="15" VPOS="2439" HPOS="1859"/>
                  <String HEIGHT="42"
                          WIDTH="118"
                          VPOS="2439"
                          HPOS="1814"
                          CONTENT="exit"/>
                  <SP HEIGHT="42" WIDTH="15" VPOS="2439" HPOS="1933"/>
                  <String HEIGHT="42"
                          WIDTH="133"
                          VPOS="2439"
                          HPOS="1888"
                          CONTENT="ordo."/>
                  <SP HEIGHT="42" WIDTH="15" VPOS="2439" HPOS="2022"/>
                  <String HEIGHT="42" WIDTH="74" VPOS="2439" HPOS="1977" CONTENT="&amp;"/>
                  <SP HEIGHT="42" WIDTH="15" VPOS="2439" HPOS="2051"/>
                  <String HEIGHT="42"
                          WIDTH="74"
                          VPOS="2439"
                          HPOS="1992"
                          CONTENT="ta"
                          SUBS_TYPE="HypPart1"
                          SUBS_CONTENT="tamen"/>
                  <HYP CONTENT="-"/>
               </TextLine>
               <TextLine ID="r1l99"
                         BASELINE="2531"
                         HEIGHT="45"
                         WIDTH="760"
                         VPOS="2486"
                         HPOS="1287">
                  <String HEIGHT="45"
                          WIDTH="104"
                          VPOS="2486"
                          HPOS="1272"
                          CONTENT="men"
                          SUBS_TYPE="HypPart2"
                          SUBS_CONTENT="tamen"/>
                  <SP HEIGHT="45" WIDTH="15" VPOS="2486" HPOS="1376"/>
                  <String HEIGHT="45"
                          WIDTH="119"
                          VPOS="2486"
                          HPOS="1332"
                          CONTENT="isti"/>
                  <SP HEIGHT="45" WIDTH="15" VPOS="2486" HPOS="1451"/>
                  <String HEIGHT="45"
                          WIDTH="119"
                          VPOS="2486"
                          HPOS="1406"
                          CONTENT="alii"/>
                  <SP HEIGHT="45" WIDTH="15" VPOS="2486" HPOS="1525"/>
                  <String HEIGHT="45"
                          WIDTH="194"
                          VPOS="2486"
                          HPOS="1481"
                          CONTENT="concedunt"/>
                  <SP HEIGHT="45" WIDTH="15" VPOS="2486" HPOS="1674"/>
                  <String HEIGHT="45"
                          WIDTH="134"
                          VPOS="2486"
                          HPOS="1630"
                          CONTENT="omnes"/>
                  <SP HEIGHT="45" WIDTH="15" VPOS="2486" HPOS="1764"/>
                  <String HEIGHT="45"
                          WIDTH="194"
                          VPOS="2486"
                          HPOS="1719"
                          CONTENT="apostolos"/>
                  <SP HEIGHT="45" WIDTH="15" VPOS="2486" HPOS="1913"/>
                  <String HEIGHT="45"
                          WIDTH="119"
                          VPOS="2486"
                          HPOS="1868"
                          CONTENT="esse"/>
                  <SP HEIGHT="45" WIDTH="15" VPOS="2486" HPOS="1987"/>
                  <String HEIGHT="45"
                          WIDTH="119"
                          VPOS="2486"
                          HPOS="1928"
                          CONTENT="factos"/>
               </TextLine>
               <TextLine ID="r1l101"
                         BASELINE="2572"
                         HEIGHT="51"
                         WIDTH="767"
                         VPOS="2521"
                         HPOS="1296">
                  <String HEIGHT="51"
                          WIDTH="211"
                          VPOS="2521"
                          HPOS="1281"
                          CONTENT="sacerdotes"/>
                  <SP HEIGHT="51" WIDTH="15" VPOS="2521" HPOS="1492"/>
                  <String HEIGHT="51" WIDTH="75" VPOS="2521" HPOS="1446" CONTENT="a"/>
                  <SP HEIGHT="51" WIDTH="15" VPOS="2521" HPOS="1522"/>
                  <String HEIGHT="51"
                          WIDTH="180"
                          VPOS="2521"
                          HPOS="1476"
                          CONTENT="Christo."/>
                  <SP HEIGHT="51" WIDTH="15" VPOS="2521" HPOS="1657"/>
                  <String HEIGHT="51"
                          WIDTH="105"
                          VPOS="2521"
                          HPOS="1612"
                          CONTENT="pro"/>
                  <SP HEIGHT="51" WIDTH="15" VPOS="2521" HPOS="1717"/>
                  <String HEIGHT="51"
                          WIDTH="165"
                          VPOS="2521"
                          HPOS="1672"
                          CONTENT="talibus"/>
                  <SP HEIGHT="51" WIDTH="15" VPOS="2521" HPOS="1837"/>
                  <String HEIGHT="51"
                          WIDTH="120"
                          VPOS="2521"
                          HPOS="1792"
                          CONTENT="ergo"/>
                  <SP HEIGHT="51" WIDTH="15" VPOS="2521" HPOS="1913"/>
                  <String HEIGHT="51"
                          WIDTH="165"
                          VPOS="2521"
                          HPOS="1867"
                          CONTENT="omnibus"/>
                  <SP HEIGHT="51" WIDTH="15" VPOS="2521" HPOS="2033"/>
                  <String HEIGHT="51"
                          WIDTH="90"
                          VPOS="2521"
                          HPOS="1973"
                          CONTENT="dica"/>
               </TextLine>
               <TextLine ID="r1l103"
                         BASELINE="2630"
                         HEIGHT="64"
                         WIDTH="771"
                         VPOS="2566"
                         HPOS="1294">
                  <String HEIGHT="64"
                          WIDTH="100"
                          VPOS="2566"
                          HPOS="1280"
                          CONTENT="tur"/>
                  <SP HEIGHT="64" WIDTH="14" VPOS="2566" HPOS="1380"/>
                  <String HEIGHT="64"
                          WIDTH="114"
                          VPOS="2566"
                          HPOS="1337"
                          CONTENT="quod"/>
                  <SP HEIGHT="64" WIDTH="14" VPOS="2566" HPOS="1451"/>
                  <String HEIGHT="64"
                          WIDTH="143"
                          VPOS="2566"
                          HPOS="1408"
                          CONTENT="Petrus"/>
                  <SP HEIGHT="64" WIDTH="14" VPOS="2566" HPOS="1551"/>
                  <String HEIGHT="64"
                          WIDTH="114"
                          VPOS="2566"
                          HPOS="1508"
                          CONTENT="erat"/>
                  <SP HEIGHT="64" WIDTH="14" VPOS="2566" HPOS="1622"/>
                  <String HEIGHT="64"
                          WIDTH="129"
                          VPOS="2566"
                          HPOS="1580"
                          CONTENT="primo"/>
                  <SP HEIGHT="64" WIDTH="14" VPOS="2566" HPOS="1708"/>
                  <String HEIGHT="64" WIDTH="71" VPOS="2566" HPOS="1665" CONTENT="/"/>
                  <SP HEIGHT="64" WIDTH="14" VPOS="2566" HPOS="1737"/>
                  <String HEIGHT="64"
                          WIDTH="186"
                          VPOS="2566"
                          HPOS="1694"
                          CONTENT="dignitate"/>
                  <SP HEIGHT="64" WIDTH="14" VPOS="2566" HPOS="1879"/>
                  <String HEIGHT="64"
                          WIDTH="186"
                          VPOS="2566"
                          HPOS="1837"
                          CONTENT="episcopus"/>
                  <SP HEIGHT="64" WIDTH="14" VPOS="2566" HPOS="2022"/>
                  <String HEIGHT="64" WIDTH="71" VPOS="2566" HPOS="1979" CONTENT="&amp;"/>
                  <SP HEIGHT="64" WIDTH="14" VPOS="2566" HPOS="2051"/>
                  <String HEIGHT="64"
                          WIDTH="71"
                          VPOS="2566"
                          HPOS="1994"
                          CONTENT="sa"
                          SUBS_TYPE="HypPart1"
                          SUBS_CONTENT="sacerdos"/>
                  <HYP CONTENT="-"/>
               </TextLine>
               <TextLine ID="r1l105"
                         BASELINE="2655"
                         HEIGHT="45"
                         WIDTH="753"
                         VPOS="2610"
                         HPOS="1303">
                  <String HEIGHT="45"
                          WIDTH="132"
                          VPOS="2610"
                          HPOS="1290"
                          CONTENT="cerdos"
                          SUBS_TYPE="HypPart2"
                          SUBS_CONTENT="sacerdos"/>
                  <SP HEIGHT="45" WIDTH="13" VPOS="2610" HPOS="1422"/>
                  <String HEIGHT="45"
                          WIDTH="106"
                          VPOS="2610"
                          HPOS="1382"
                          CONTENT="quia"/>
                  <SP HEIGHT="45" WIDTH="13" VPOS="2610" HPOS="1488"/>
                  <String HEIGHT="45"
                          WIDTH="172"
                          VPOS="2610"
                          HPOS="1448"
                          CONTENT="generalis"/>
                  <SP HEIGHT="45" WIDTH="13" VPOS="2610" HPOS="1620"/>
                  <String HEIGHT="45"
                          WIDTH="132"
                          VPOS="2610"
                          HPOS="1580"
                          CONTENT="pastor"/>
                  <SP HEIGHT="45" WIDTH="13" VPOS="2610" HPOS="1713"/>
                  <String HEIGHT="45"
                          WIDTH="185"
                          VPOS="2610"
                          HPOS="1673"
                          CONTENT="ecclesiae."/>
                  <SP HEIGHT="45" WIDTH="13" VPOS="2610" HPOS="1858"/>
                  <String HEIGHT="45"
                          WIDTH="92"
                          VPOS="2610"
                          HPOS="1818"
                          CONTENT="est"/>
                  <SP HEIGHT="45" WIDTH="13" VPOS="2610" HPOS="1911"/>
                  <String HEIGHT="45"
                          WIDTH="119"
                          VPOS="2610"
                          HPOS="1871"
                          CONTENT="etiam"/>
                  <SP HEIGHT="45" WIDTH="13" VPOS="2610" HPOS="1990"/>
                  <String HEIGHT="45"
                          WIDTH="119"
                          VPOS="2610"
                          HPOS="1937"
                          CONTENT="verosi"
                          SUBS_TYPE="HypPart1"
                          SUBS_CONTENT="verosimile"/>
                  <HYP CONTENT="-"/>
               </TextLine>
               <TextLine ID="r1l106"
                         BASELINE="2707"
                         HEIGHT="55"
                         WIDTH="773"
                         VPOS="2652"
                         HPOS="1293">
                  <String HEIGHT="55"
                          WIDTH="112"
                          VPOS="2652"
                          HPOS="1279"
                          CONTENT="mile"
                          SUBS_TYPE="HypPart2"
                          SUBS_CONTENT="verosimile"/>
                  <SP HEIGHT="55" WIDTH="14" VPOS="2652" HPOS="1391"/>
                  <String HEIGHT="55"
                          WIDTH="112"
                          VPOS="2652"
                          HPOS="1349"
                          CONTENT="quod"/>
                  <SP HEIGHT="55" WIDTH="14" VPOS="2652" HPOS="1462"/>
                  <String HEIGHT="55"
                          WIDTH="126"
                          VPOS="2652"
                          HPOS="1419"
                          CONTENT="prius"/>
                  <SP HEIGHT="55" WIDTH="14" VPOS="2652" HPOS="1546"/>
                  <String HEIGHT="55"
                          WIDTH="169"
                          VPOS="2652"
                          HPOS="1504"
                          CONTENT="Christus"/>
                  <SP HEIGHT="55" WIDTH="14" VPOS="2652" HPOS="1672"/>
                  <String HEIGHT="55"
                          WIDTH="155"
                          VPOS="2652"
                          HPOS="1630"
                          CONTENT="incepit"/>
                  <SP HEIGHT="55" WIDTH="14" VPOS="2652" HPOS="1785"/>
                  <String HEIGHT="55" WIDTH="70" VPOS="2652" HPOS="1743" CONTENT="a"/>
                  <SP HEIGHT="55" WIDTH="14" VPOS="2652" HPOS="1813"/>
                  <String HEIGHT="55"
                          WIDTH="141"
                          VPOS="2652"
                          HPOS="1771"
                          CONTENT="petro,"/>
                  <SP HEIGHT="55" WIDTH="14" VPOS="2652" HPOS="1911"/>
                  <String HEIGHT="55" WIDTH="84" VPOS="2652" HPOS="1869" CONTENT="vt"/>
                  <SP HEIGHT="55" WIDTH="14" VPOS="2652" HPOS="1954"/>
                  <String HEIGHT="55" WIDTH="84" VPOS="2652" HPOS="1911" CONTENT="in"/>
                  <SP HEIGHT="55" WIDTH="14" VPOS="2652" HPOS="1996"/>
                  <String HEIGHT="55"
                          WIDTH="126"
                          VPOS="2652"
                          HPOS="1940"
                          CONTENT="lotione"/>
               </TextLine>
               <TextLine ID="r1l108"
                         BASELINE="2753"
                         HEIGHT="55"
                         WIDTH="753"
                         VPOS="2698"
                         HPOS="1306">
                  <String HEIGHT="55"
                          WIDTH="142"
                          VPOS="2698"
                          HPOS="1292"
                          CONTENT="pedum,"/>
                  <SP HEIGHT="55" WIDTH="14" VPOS="2698" HPOS="1434"/>
                  <String HEIGHT="55"
                          WIDTH="114"
                          VPOS="2698"
                          HPOS="1391"
                          CONTENT="quod"/>
                  <SP HEIGHT="55" WIDTH="14" VPOS="2698" HPOS="1505"/>
                  <String HEIGHT="55"
                          WIDTH="213"
                          VPOS="2698"
                          HPOS="1462"
                          CONTENT="convincitur"/>
                  <SP HEIGHT="55" WIDTH="14" VPOS="2698" HPOS="1675"/>
                  <String HEIGHT="55" WIDTH="85" VPOS="2698" HPOS="1633" CONTENT="ex"/>
                  <SP HEIGHT="55" WIDTH="14" VPOS="2698" HPOS="1718"/>
                  <String HEIGHT="55"
                          WIDTH="99"
                          VPOS="2698"
                          HPOS="1675"
                          CONTENT="his"/>
                  <SP HEIGHT="55" WIDTH="14" VPOS="2698" HPOS="1775"/>
                  <String HEIGHT="55"
                          WIDTH="156"
                          VPOS="2698"
                          HPOS="1732"
                          CONTENT="verbis."/>
                  <SP HEIGHT="55" WIDTH="14" VPOS="2698" HPOS="1889"/>
                  <String HEIGHT="55"
                          WIDTH="99"
                          VPOS="2698"
                          HPOS="1846"
                          CONTENT="Non"/>
                  <SP HEIGHT="55" WIDTH="14" VPOS="2698" HPOS="1945"/>
                  <String HEIGHT="55"
                          WIDTH="156"
                          VPOS="2698"
                          HPOS="1903"
                          CONTENT="lauabis"/>
                  <SP HEIGHT="55" WIDTH="14" VPOS="2698" HPOS="2059"/>
                  <String HEIGHT="55" WIDTH="57" VPOS="2698" HPOS="2002" CONTENT="mi"/>
               </TextLine>
               <TextLine ID="r1l109"
                         BASELINE="2805"
                         HEIGHT="64"
                         WIDTH="761"
                         VPOS="2741"
                         HPOS="1296">
                  <String HEIGHT="64" WIDTH="83" VPOS="2741" HPOS="1282" CONTENT="hi"/>
                  <SP HEIGHT="64" WIDTH="14" VPOS="2741" HPOS="1365"/>
                  <String HEIGHT="64"
                          WIDTH="125"
                          VPOS="2741"
                          HPOS="1324"
                          CONTENT="pedes"/>
                  <SP HEIGHT="64" WIDTH="14" VPOS="2741" HPOS="1448"/>
                  <String HEIGHT="64" WIDTH="83" VPOS="2741" HPOS="1407" CONTENT="in"/>
                  <SP HEIGHT="64" WIDTH="14" VPOS="2741" HPOS="1490"/>
                  <String HEIGHT="64"
                          WIDTH="180"
                          VPOS="2741"
                          HPOS="1448"
                          CONTENT="aeternum."/>
                  <SP HEIGHT="64" WIDTH="14" VPOS="2741" HPOS="1628"/>
                  <String HEIGHT="64"
                          WIDTH="97"
                          VPOS="2741"
                          HPOS="1587"
                          CONTENT="nam"/>
                  <SP HEIGHT="64" WIDTH="14" VPOS="2741" HPOS="1683"/>
                  <String HEIGHT="64" WIDTH="83" VPOS="2741" HPOS="1642" CONTENT="si"/>
                  <SP HEIGHT="64" WIDTH="14" VPOS="2741" HPOS="1725"/>
                  <String HEIGHT="64" WIDTH="83" VPOS="2741" HPOS="1683" CONTENT="ab"/>
                  <SP HEIGHT="64" WIDTH="14" VPOS="2741" HPOS="1766"/>
                  <String HEIGHT="64"
                          WIDTH="138"
                          VPOS="2741"
                          HPOS="1725"
                          CONTENT="aliquo"/>
                  <SP HEIGHT="64" WIDTH="14" VPOS="2741" HPOS="1863"/>
                  <String HEIGHT="64"
                          WIDTH="111"
                          VPOS="2741"
                          HPOS="1822"
                          CONTENT="alio"/>
                  <SP HEIGHT="64" WIDTH="14" VPOS="2741" HPOS="1932"/>
                  <String HEIGHT="64"
                          WIDTH="180"
                          VPOS="2741"
                          HPOS="1877"
                          CONTENT="incepisset:"/>
               </TextLine>
            </TextBlock>
         </PrintSpace>
      </Page>
   </Layout>
</alto>
