2357 3334
269 338 156 63 tientia
383 338 156 63 videmus
496 338 114 63 quod
568 338 85 63 in
610 338 114 63 bona
681 338 142 63 aetate
781 338 156 63 homines
895 338 114 63 plus
952 338 85 63 rati

268 389 83 51 nis
316 389 154 51 incipiunt
434 389 118 51 habre:
517 389 118 51 aliqui
600 389 130 51 citius,
695 389 118 51 aliqui
778 389 142 51 tardius:
884 389 59 51 &
908 389 107 51 sicut
967 389 83 51 ratio

272 433 201 56 successiue
430 433 172 56 crescit,
559 433 101 56 ita
616 433 144 56 sensim
717 433 201 56 euanescit.
875 433 172 56 incipiat
990 433 57 56 ei

274 478 85 55 go
316 478 142 55 sortes
415 478 85 55 in
458 478 198 55 sexagesimo
613 478 113 55 anno
684 478 127 55 minus
769 478 170 55 rationis
896 478 127 55 habre
967 478 71 55 qua

259 515 135 68 antea:
353 515 94 68 cum
407 515 108 68 tota
474 515 121 68 ratio
555 515 94 68 sit
609 515 148 68 finita:
717 515 67 68 &
744 515 108 68 omne
811 515 148 68 finitum
919 515 94 68 per
960 515 94 68 abla-

265 566 135 56 tionem
360 566 135 56 finiti
455 566 135 56 tandem
550 566 190 56 absumatur.
699 566 122 56 primo
780 566 135 56 Physi.
875 566 122 56 nihil
943 566 108 56 tandem

262 615 163 47 rationis
384 615 190 47 remanebit.
534 615 68 47 &
561 615 176 47 propterea
696 615 176 47 prouerbio
832 615 149 47 dicimus
941 615 68 47 /
954 615 95 47 senes

266 657 110 51 esse
335 657 97 51 bis
390 657 152 51 pueros.
501 657 97 51 nam
556 657 221 51 alterationem
736 657 166 51 corporis
860 657 179 51 alteratio
984 657 69 51 mem

265 703 104 61 tis
324 703 193 61 sequitur.
473 703 119 61 Hinc
547 703 133 61 dicit
636 703 163 61 Alanus.
754 703 163 61 Vtribus
873 703 178 61 antiquis
992 703 59 61 vi

262 756 113 48 num
326 756 225 48 committere
503 756 145 48 noli.
600 756 113 48 Nec
665 756 177 48 senibus
793 756 161 48 sensum
906 756 129 48 quem
970 756 81 48 re-

258 796 154 50 tinere
365 796 154 50 velis.
473 796 92 50 Et
519 796 185 50 Horatius
658 796 139 50 senum
750 796 200 50 incommoda
889 796 154 50 recitans

262 836 96 47 sic
317 836 150 47 inquit.
426 836 205 47 Difficilis,
590 836 177 47 querulus,
726 836 164 47 laudator
849 836 164 47 temporis
958 836 82 47 acti

265 882 69 51 â‹
293 882 83 51 Ad
334 882 152 51 quintum
444 882 221 51 respondetur.
624 882 110 51 dato
693 882 110 51 quod
762 882 124 51 esset
844 882 124 51 senex
927 882 124 51 omino
996 882 55 51 ad

261 925 169 55 pueritia
388 925 141 55 mentis
486 925 211 55 descendens:
655 925 127 55 durum
739 925 113 55 mihi
810 925 155 55 videtur
922 925 113 55 quod
979 925 70 55 te-

262 968 136 53 neatur
358 968 191 53 beneficium
507 968 218 53 relinquanre,
684 968 95 53 cum
739 968 95 53 iam
793 968 95 53 sit
848 968 123 53 miles
916 968 136 53 emeritus

262 1016 74 52 &
292 1016 164 52 fixerit
411 1016 149 52 armaad
515 1016 149 52 postem
619 1016 194 52 Herculis:
768 1016 74 52 &
798 1016 119 52 bene
872 1016 164 52 meritus
977 1016 74 52 sit

260 1061 83 46 de
302 1061 152 46 politia
413 1061 249 46 ecclesiastica,
620 1061 111 46 nego
690 1061 111 46 ergo
759 1061 111 46 quod
828 1061 152 46 tenetur
925 1061 111 46 reline

259 1105 83 48 re
301 1105 195 48 beneficium
454 1105 111 48 nisi
523 1105 139 48 habeat
621 1105 153 48 aliunde
732 1105 209 48 prouisionem
899 1105 83 48 vt
927 1105 125 48 alatur:

264 1145 107 49 vel
325 1145 92 49 ab
371 1145 184 49 episcopo
509 1145 77 49 /
540 1145 107 49 vel
601 1145 92 49 ex
647 1145 230 49 patrimonio:
831 1145 107 49 vel
877 1145 169 49 collectam

255 1194 178 55 pecuniam
388 1194 89 55 ad
433 1194 163 55 emendum
551 1194 222 55 vitalitium.
729 1194 74 55 &
758 1194 163 55 oportet
876 1194 118 55 dare
950 1194 89 55 ei
980 1194 74 55 co-

256 1234 219 65 adiutorem
425 1234 135 65 quia
509 1234 253 65 parochianis
712 1234 118 65 vel
779 1234 101 65 ab
830 1234 202 65 episcopo
965 1234 84 65 nu-

247 1284 184 47 trietur.
385 1284 123 47 quia
461 1284 153 47 dicere
568 1284 199 47 oppositum
721 1284 77 47 /
752 1284 138 47 esset
844 1284 123 47 dare
905 1284 138 47 occasio

264 1327 92 49 nem
317 1327 132 49 probis
409 1327 119 49 viris
488 1327 92 49 non
541 1327 185 49 impendendi
686 1327 132 49 omneum
778 1327 132 49 operam
871 1327 106 49 suam
936 1327 79 49 in
963 1327 79 49 subi

252 1373 145 48 iectam
354 1373 189 48 materiam:
500 1373 102 48 sed
558 1373 116 48 sibi
630 1373 218 48 prouidendi.
805 1373 102 48 Nec
863 1373 116 48 huic
921 1373 131 48 senten-

264 1416 104 52 tiae
329 1416 143 52 obuiat.
433 1416 78 52 c.
473 1416 91 52 Cum
525 1416 182 52 percussio.
668 1416 78 52 de
707 1416 130 52 cleri.
798 1416 130 52 aegro.
890 1416 91 52 vel
942 1416 117 52 debi.
1007 1416 39 52 &

262 1462 119 47 cap.
336 1462 193 47 sequentia
485 1462 89 47 de
529 1462 178 47 leproso.
663 1462 89 47 Si
708 1462 163 47 vtrique
826 1462 193 47 sufficiat
960 1462 89 47 bene

265 1505 135 57 ficium,
363 1505 160 57 partiatur
486 1505 111 57 inter
560 1505 98 57 eos.
622 1505 86 57 sin
671 1505 111 57 minus
745 1505 62 57 /
769 1505 123 57 alatur
855 1505 98 57 ipse
917 1505 74 57 ex
942 1505 98 57 benefi

261 1553 85 56 cio
309 1553 61 56 /
334 1553 61 56 &
358 1553 122 56 alteri
443 1553 158 56 pronideat
565 1553 134 56 epsous.
662 1553 134 56 Secundo
759 1553 109 56 dico,
832 1553 122 56 quando
917 1553 97 56 homo
966 1553 73 56 inci

268 1596 83 61 pit
315 1596 95 61 esse
375 1596 106 61 minus
446 1596 130 61 idoneus
540 1596 130 61 propter
635 1596 118 61 senium
718 1596 59 61 /
741 1596 83 61 vel
789 1596 166 61 quaecumque
919 1596 95 61 alia
966 1596 83 61 ratio

262 1641 100 56 ne:
319 1641 128 56 probe
404 1641 142 56 ageret
504 1641 142 56 alteri
604 1641 171 56 cedendo:
732 1641 114 56 more
803 1641 142 56 illius
903 1641 114 56 boni
960 1641 85 56 Vale

262 1685 104 47 rii
322 1685 104 47 epi
381 1685 238 47 Hipponensis:
575 1685 104 47 qui
635 1685 194 47 Augustino
784 1685 164 47 cessit:
903 1685 134 47 Petri
977 1685 60 47 Da

261 1730 160 47 miani:
373 1730 176 47 Alberti
501 1730 144 47 magni
597 1730 80 47 /
629 1730 80 47 &
661 1730 160 47 sancti
774 1730 208 47 Baldredi.
918 1730 128 47 Tertio

266 1776 106 46 dico
332 1776 106 46 quod
398 1776 119 46 senes
477 1776 79 46 si
517 1776 172 46 temperati
649 1776 146 46 fuerint
755 1776 66 46 &
782 1776 106 46 bene
848 1776 106 46 nati
914 1776 66 46 /
927 1776 106 46 quanto

258 1819 138 46 magis
350 1819 199 46 colligunt
503 1819 92 46 in
549 1819 153 46 annis:
656 1819 138 46 tanto
748 1819 214 46 deuotiores
916 1819 77 46 &
932 1819 107 46 magis

261 1864 124 60 idonei
347 1864 198 60 efficiuntur.
509 1864 87 60 nam
558 1864 87 60 per
608 1864 112 60 rerum
682 1864 198 60 experientias
844 1864 99 60 plus
893 1864 149 60 proficiunt

269 1908 105 64 quam
334 1908 131 64 carnis
426 1908 197 64 alteratione
584 1908 184 64 deficiant.
728 1908 66 64 &
754 1908 118 64 licet
833 1908 92 64 non
886 1908 144 64 possint
977 1908 66 64 sic

264 1954 107 51 suo
325 1954 167 51 officio
446 1954 198 51 incumbere
599 1954 91 51 vt
644 1954 91 51 in
690 1954 213 51 iuuentute:
857 1954 137 51 tamen
933 1954 107 51 verbo

265 1998 84 45 &
299 1998 185 45 exemplo
433 1998 185 45 possunt
568 1998 151 45 illud
669 1998 219 45 supplere.
837 1998 135 45 vnde
921 1998 101 45 M.
955 1998 84 45 Tui

262 2041 123 60 lius
339 2041 92 60 in
385 2041 154 60 Catone
492 2041 154 60 maiore
600 2041 108 60 seu
662 2041 92 60 de
708 2041 200 60 senectute
861 2041 108 60 sic
908 2041 138 60 inquit.

255 2086 101 51 Non
312 2086 159 51 viribus
428 2086 72 51 /
456 2086 101 51 aut
514 2086 259 51 velocitatibus,
730 2086 101 51 aut
788 2086 202 51 celeritate
932 2086 101 51 corpo

254 2138 100 49 rum
311 2138 100 49 res
368 2138 142 49 magnae
467 2138 185 49 geruntur:
610 2138 100 49 sed
667 2138 171 49 consilio
795 2138 71 49 /
823 2138 214 49 auctoritate
994 2138 71 49 /
1008 2138 43 49 &

262 2177 197 57 sententia:
417 2177 141 57 quibus
516 2177 99 57 non
572 2177 113 57 modo
642 2177 99 57 non
699 2177 155 57 orbari:
812 2177 99 57 sed
868 2177 127 57 etiam
938 2177 99 57 auger

259 2222 128 49 solet
344 2222 185 49 senectus.
486 2222 114 49 Quod
557 2222 170 49 perbelle
685 2222 99 49 per
742 2222 185 49 operarios
884 2222 85 49 in
926 2222 114 49 naui
983 2222 57 49 ex

259 2265 152 60 plicat.
370 2265 97 60 nam
425 2265 138 60 clauum
522 2265 83 60 in
564 2265 125 60 puppi
647 2265 152 60 quietus
757 2265 138 60 tenens
854 2265 69 60 /
882 2265 97 60 non
937 2265 97 60 est
979 2265 69 60 mi-

266 2318 98 51 nus
322 2318 140 51 vtilis
420 2318 112 51 quam
490 2318 168 51 sentinam
616 2318 210 51 exhauriens.
785 2318 84 51 Et
827 2318 126 51 paulo
911 2318 112 51 post
981 2318 84 51 in

267 2355 136 60 quit.
357 2355 121 60 Quia
433 2355 91 60 si
478 2355 151 60 legere
584 2355 106 60 aut
644 2355 151 60 audire
750 2355 181 60 velitis,
886 2355 181 60 externas
1007 2355 45 60 &

266 2407 191 50 maximas
404 2407 260 50 respublicas
612 2407 121 50 per
682 2407 277 50 adolescentes
890 2407 156 50 labefa-

267 2446 165 52 ctatas,
387 2446 75 52 a
417 2446 165 52 senibus
537 2446 225 52 sustentatas
718 2446 75 52 &
748 2446 210 52 restitutas
898 2446 150 52 reperie-

266 2490 111 48 tis.
335 2490 180 48 Florentis
473 2490 138 48 namque
570 2490 152 48 aetatis
681 2490 180 48 temeritas
819 2490 97 48 est
874 2490 152 48 passio:
971 2490 69 48 pru

255 2533 152 52 dentia
361 2533 228 52 senectutis.
544 2533 198 52 Plerosque
696 2533 137 52 senes
787 2533 91 52 in
833 2533 152 52 medium
924 2533 122 52 affert

264 2580 113 56 qui
329 2580 194 56 plurimum
474 2580 97 56 in
523 2580 178 56 senecta
652 2580 243 56 polluerunt:
846 2580 97 56 vt
878 2580 162 56 Sophocle

267 2622 201 50 Hesiodum,
421 2622 217 50 Simonidem,
591 2622 170 50 Homerum
715 2622 77 50 /
746 2622 217 50 Democritum
916 2622 77 50 /
932 2622 108 50 Plato

265 2669 118 46 nem,
339 2669 74 46 &
368 2669 177 46 Diogenem
501 2669 162 46 Stoicum
619 2669 118 46 eius
692 2669 280 46 contemporaneum.
928 2669 103 46 Cui
972 2669 74 46 al-

267 2713 143 51 ludit
362 2713 143 51 illud
458 2713 207 51 Homericum
617 2713 95 51 in
665 2713 143 51 primo
760 2713 175 51 lliados
887 2713 95 51 de
919 2713 127 51 Nesto-

267 2762 80 58 re
307 2762 66 58 /
333 2762 93 58 qui
386 2762 146 58 tertiam
492 2762 146 58 viuebat
598 2762 159 58 aetatem:
718 2762 66 58 &
744 2762 119 58 tamen
824 2762 80 58 ex
864 2762 93 58 ore
917 2762 119 58 senis
983 2762 53 58 du

1116 326 124 73 cior
1193 326 139 73 melle
1286 326 170 73 fluebat
1409 326 170 73 oratio.
1533 326 170 73 ldipsum
1657 326 108 73 per
1718 326 139 73 viros
1796 326 108 73 Heroi

1117 392 95 55 cos
1172 392 123 55 legis
1254 392 150 55 gratiae
1363 392 123 55 illis
1444 392 123 55 longe
1526 392 245 55 praestantiores
1731 392 150 55 probare
1826 392 68 55 pos

1114 439 137 46 sum.
1200 439 120 46 Nam
1268 439 154 46 btuns
1371 439 172 46 Simodo
1491 439 223 46 Chananeus
1663 439 223 46 vicesimum
1817 439 86 46 su-

1115 484 110 52 pra
1178 484 221 52 centesimum
1352 484 142 52 vitae
1446 484 142 52 agens
1541 484 142 52 annum
1635 484 79 52 /
1667 484 110 52 non
1730 484 126 52 sine
1793 484 110 52 magna

1111 531 187 51 gentilium
1255 531 216 51 admiratione
1428 531 101 51 pro
1485 531 158 51 Christi
1600 531 115 51 fide
1672 531 130 51 vitam
1759 531 86 51 in
1788 531 115 51 mortem

1105 566 256 67 commutauit.
1310 566 102 67 De
1361 566 171 67 loanne
1480 566 256 67 euangelista
1685 566 85 67 /
1702 566 188 67 Hieronymo

1113 618 75 56 &
1143 618 196 56 Augustino
1294 618 181 56 egregiis
1430 618 136 56 viris
1520 618 75 56 &
1550 618 90 56 de
1595 618 136 56 aliis
1686 618 196 56 innumeris
1822 618 75 56 cae

1112 658 82 64 lo
1153 658 137 64 dignis
1249 658 82 64 in
1290 658 109 64 lege
1359 658 150 64 gratiae
1468 658 109 64 idem
1536 658 178 64 inuenies:
1673 658 96 64 qui
1728 658 137 64 corpus
1810 658 82 64 Chri

1106 708 112 57 sti
1170 708 192 57 mysticum
1314 708 176 57 scripto
1441 708 80 57 &
1473 708 144 57 vitae
1569 708 176 57 exemplo
1681 708 223 57 instituerunt

1111 746 133 54 Nonne
1200 746 163 54 medicus
1319 746 178 54 corporis
1452 746 148 54 senex,
1556 746 89 54 ob
1600 746 148 54 longas
1689 746 208 54 experientias

1110 792 137 54 licet
1201 792 137 54 minus
1292 792 91 54 de
1338 792 198 54 theoricis
1490 792 183 54 calleat,
1627 792 152 54 iuueni
1734 792 152 54 medico
1825 792 76 54 est

1121 839 290 53 praeferendus?
1360 839 154 53 Quare
1462 839 137 53 ergo
1548 839 119 53 hoc
1616 839 188 53 negabis
1752 839 102 53 de
1787 839 102 53 medi

1108 886 84 43 co
1150 886 210 43 spirituali,
1318 886 98 43 cum
1374 886 112 43 dium
1444 886 154 43 vixiti,
1556 886 126 43 licet
1640 886 196 43 mortaliter
1780 886 112 43 crebro

1107 934 236 47 deliquerit?
1296 934 126 47 Tota
1375 934 126 47 enim
1454 934 158 47 gratia
1564 934 79 47 &
1596 934 158 47 merita
1706 934 95 47 in
1737 934 158 47 poeniten

1110 970 104 53 tia
1169 970 104 53 cum
1229 970 118 53 ipso
1302 970 207 53 resurgunt,
1465 970 118 53 quod
1539 970 177 53 iuuenis,
1672 970 133 53 licet
1746 970 148 53 sanctius

1109 1019 171 54 vixerit
1234 1019 78 54 /
1265 1019 109 54 non
1327 1019 155 54 habet.
1435 1019 124 54 ista
1513 1019 140 54 autem
1606 1019 186 54 plurimum
1746 1019 155 54 iuuant
1839 1019 62 54 ad

1111 1061 139 60 bene
1197 1061 226 60 viuendum.
1371 1061 174 60 Vltimo
1493 1061 139 60 dico
1579 1061 139 60 quod
1666 1061 139 60 homo
1753 1061 122 60 non
1805 1061 87 60 pro

1122 1107 297 57 portionabiliter
1372 1107 172 57 amittit
1497 1107 187 57 rationem
1638 1107 187 57 tendendo
1778 1107 94 57 ad
1809 1107 94 57 mor-

1103 1151 114 56 tem
1168 1151 229 56 naturalem:
1348 1151 147 56 sicut
1446 1151 114 56 eam
1511 1151 229 56 acquisiuit
1691 1151 114 56 cum
1756 1151 147 56 primo
1838 1151 65 56 an

1107 1196 102 51 nos
1166 1196 234 51 discretionis
1356 1196 190 51 ingressus
1503 1196 117 51 est.
1576 1196 102 51 hoc
1634 1196 117 51 tibi
1693 1196 205 51 sensibiliter

1109 1243 237 49 ostenditur.
1299 1243 111 49 nam
1362 1243 95 49 in
1410 1243 221 49 quantitate
1584 1243 190 49 corporis
1726 1243 111 49 sui
1773 1243 127 49 acqui-

1108 1287 100 57 rit
1165 1287 143 57 tantum
1265 1287 86 57 in
1307 1287 257 57 vigintiquatuor
1521 1287 143 57 annis,
1621 1287 71 57 &
1650 1287 128 57 plus,
1735 1287 114 57 quam
1806 1287 86 57 in
1835 1287 57 57 to

1103 1328 95 54 ta
1151 1328 127 54 vita
1230 1328 191 54 amittat.
1373 1328 79 54 &
1405 1328 206 54 contingit
1564 1328 127 54 quod
1643 1328 159 54 septem
1754 1328 143 54 pedes
1833 1328 64 54 in

1112 1370 191 45 annorum
1250 1370 226 45 curriculo
1424 1370 191 45 signato
1563 1370 226 45 acquirat,
1736 1370 87 45 &
1771 1370 121 45 vix
1823 1370 87 45 di-

1101 1417 189 58 midium
1233 1417 113 58 in
1290 1417 189 58 centum
1422 1417 227 58 amittat.
1592 1417 132 58 Nec
1667 1417 170 58 etiam
1762 1417 132 58 ratio

1104 1464 141 46 tanta
1198 1464 219 46 velocitate
1371 1464 360 46 proportionabiliter,
1684 1464 141 46 sicut
1763 1464 125 46 corpus

1113 1505 248 58 diminuitur.
1311 1505 116 58 Non
1377 1505 99 58 me
1426 1505 149 58 fugit
1525 1505 132 58 quin
1608 1505 182 58 iuuenis
1723 1505 165 58 insolubi

1107 1550 110 52 lia
1170 1550 78 52 /
1201 1550 266 52 obligationes,
1421 1550 78 52 &
1452 1550 188 52 caeteros
1593 1550 141 52 nexus
1687 1550 125 52 prae
1750 1550 141 52 manibus

1102 1591 187 52 habens,
1238 1591 102 52 se
1289 1591 187 52 alterum
1425 1591 204 52 Origenem
1577 1591 119 52 vel
1645 1591 238 52 Hieronymum
1815 1591 85 52 exi

1103 1641 175 49 stimet.
1230 1641 79 49 â‹
1262 1641 159 49 Sexto.
1373 1641 191 49 reliquat
1516 1641 207 49 episcopus
1675 1641 143 49 breue
1755 1641 143 49 aliquod

1097 1689 93 47 de
1144 1689 217 47 beneficiis
1315 1689 155 47 dandis
1423 1689 109 47 (vt
1485 1689 140 47 moris
1579 1689 124 47 est)
1656 1689 109 47 suo
1718 1689 186 47 vicario:
1842 1689 47 47 i

1114 1731 104 65 quo
1174 1731 134 65 ponat
1263 1731 209 65 inidoneos.
1427 1731 179 65 Arguitur
1561 1731 119 65 sic.
1636 1731 179 65 collator
1770 1731 104 65 non
1814 1731 75 65 pec

1105 1776 108 58 cat
1166 1776 108 58 eis
1228 1776 215 58 beneficium
1396 1776 230 58 conferendo.
1581 1776 123 58 ergo
1658 1776 200 58 conclusio
1796 1776 92 58 fal-

1109 1815 99 55 sa.
1165 1815 70 55 â‹
1193 1815 211 55 Respondetur
1363 1815 155 55 negando
1475 1815 113 55 quod
1546 1815 99 55 non
1602 1815 155 55 peccat:
1715 1815 113 55 quia
1771 1815 127 55 coopera

1098 1867 104 59 tur
1157 1867 163 59 peccato
1276 1867 193 59 episcopi:
1424 1867 74 59 &
1454 1867 104 59 per
1513 1867 207 59 consequens
1676 1867 118 59 male
1750 1867 133 59 agit.
1824 1867 74 59 Nam

1108 1909 151 65 tenetur
1218 1909 192 65 beneficium
1369 1909 110 65 dare
1438 1909 151 65 idoneo,
1548 1909 110 65 esto
1616 1909 165 65 promisit
1726 1909 165 65 contrarium

1107 1954 158 51 Melius
1218 1954 126 51 enim
1296 1954 110 51 est
1359 1954 110 51 deo
1422 1954 158 51 parere
1533 1954 126 51 quam
1611 1954 221 51 hominibus.
1769 1954 126 51 Actuum

1104 2002 97 57 v.
1152 2002 81 57 &
1185 2002 97 57 in
1233 2002 145 57 turpi
1330 2002 129 57 voto
1410 2002 194 57 mutandum
1555 2002 113 57 est
1620 2002 226 57 promissum.
1797 2002 81 57 â‹
1813 2002 81 57 Ec-

1105 2046 86 48 ce
1148 2046 114 48 quid
1219 2046 100 48 sit
1276 2046 128 48 perso
1361 2046 128 48 narum
1447 2046 185 48 acceptio:
1590 2046 71 48 &
1618 2046 100 48 qui
1675 2046 100 48 sit
1732 2046 128 48 graue
1803 2046 86 48 pec-

1117 2092 125 45 catum
1201 2092 83 45 in
1242 2092 153 45 politia
1354 2092 250 45 ecclesiastica:
1562 2092 70 45 &
1590 2092 111 45 quod
1659 2092 167 45 collator
1771 2092 111 45 benefi

1113 2132 115 57 cii
1178 2132 196 57 grauiter
1325 2132 164 57 peccat
1440 2132 147 57 ipsum
1538 2132 196 57 inidoneo
1669 2132 213 57 conferendo.

1118 2174 110 56 vel
1181 2174 94 56 ad
1228 2174 110 56 hoc
1291 2174 235 56 cooperando.
1479 2174 94 56 Ex
1526 2174 110 56 quo
1588 2174 204 56 sequitur:
1745 2174 125 56 quod
1808 2174 78 56 ca-

1097 2225 158 56 nonici
1208 2225 206 56 eligentes
1366 2225 206 56 episcopum
1525 2225 206 56 inidoneum
1683 2225 190 56 grauiter
1810 2225 79 56 pec

1106 2270 151 56 cant:
1207 2270 135 56 quia
1291 2270 252 56 cooperantur
1493 2270 101 56 ad
1544 2270 202 56 inidonei
1678 2270 202 56 promotione

1109 2311 78 49 &
1141 2311 109 49 cum
1203 2311 155 49 debeat
1311 2311 124 49 esse
1389 2311 140 49 caput
1482 2311 93 49 in
1528 2311 124 49 tota
1606 2311 202 49 dioecesi,
1745 2311 140 49 augetur

1103 2359 207 56 peccatum.
1262 2359 95 56 vt
1310 2359 127 56 enim
1389 2359 143 56 vulgo
1485 2359 270 56 circumfertur,
1707 2359 111 56 dum
1755 2359 127 56 caputi

1107 2402 192 50 aegrotat
1251 2402 80 50 /
1283 2402 176 50 caetera
1410 2402 160 50 membra
1522 2402 176 50 dolent.
1650 2402 192 50 Vlterius
1777 2402 112 50 patet

1104 2453 121 48 quod
1180 2453 91 48 in
1225 2453 167 48 idoneus
1346 2453 91 48 se
1391 2453 197 48 inidoneum
1543 2453 151 48 sciens
1649 2453 76 48 /
1679 2453 106 48 vel
1740 2453 106 48 qui
1785 2453 106 48 scire

1104 2489 193 52 tenetur:
1249 2489 225 52 beneficium
1426 2489 241 52 suscipiendo
1619 2489 177 52 peccat:
1747 2489 80 52 &
1763 2489 113 52 ipsum

1105 2531 152 56 tenetur
1216 2531 193 56 restituere
1368 2531 83 56 si
1409 2531 207 56 notabiliter
1575 2531 69 56 a
1603 2531 193 56 latitudine
1741 2531 138 56 idoneita

1113 2578 92 60 tis
1165 2578 145 60 distet.
1271 2578 92 60 nam
1323 2578 105 60 quod
1389 2578 118 60 parum
1468 2578 132 60 distat
1560 2578 66 60 /
1587 2578 118 60 nihil
1665 2578 145 60 distare
1758 2578 118 60 videtur

1107 2629 163 53 secundo
1225 2629 222 53 Physicorum.
1403 2629 148 53 Potest
1506 2629 133 53 autem
1595 2629 118 53 esse
1669 2629 103 53 tam
1728 2629 133 53 parua
1802 2629 74 53 dei

1101 2669 166 45 stantia
1222 2669 75 45 a
1252 2669 211 45 latitudine
1418 2669 226 45 idoneitatis
1599 2669 90 45 vt
1644 2669 106 45 sit
1704 2669 136 45 solum
1779 2669 106 45 venia

1106 2712 95 55 le
1154 2712 190 55 peccatum
1296 2712 79 55 /
1327 2712 221 55 beneficium
1501 2712 237 55 suscipiendo
1691 2712 111 55 vel
1754 2712 158 55 dando.

1112 2760 110 56 Sed
1175 2760 110 56 vbi
1238 2760 173 56 incipit
1365 2760 126 56 esse
1443 2760 189 56 idoneus:
1585 2760 221 56 beneficium
1743 2760 142 56 tempore
