2326 3322
266 361 127 67 vitia
350 361 155 67 rueret.
463 361 155 67 Ambigua
575 361 141 67 namque
674 361 98 67 est
730 361 98 67 res
786 361 112 67 vita
856 361 155 67 iuuenum
955 361 56 67 fu

255 416 121 52 tura.
335 416 94 52 nam
389 416 94 52 qui
442 416 188 52 putabantur
590 416 107 52 boni
657 416 80 52 in
697 416 188 52 iuuentute:
845 416 80 52 in
885 416 121 52 viros
952 416 67 52 in-

262 457 163 53 probos
376 457 163 53 crebro
490 457 196 53 euadunt.
637 457 114 53 Hoc
702 457 179 53 exemplo
816 457 196 53 quotidiano

262 501 108 67 prae
330 501 135 67 oculis
425 501 163 67 videmus:
547 501 108 67 quod
615 501 176 67 eleganter
750 501 135 67 tangit
845 501 149 67 sapiens
940 501 81 67 pro-

254 550 202 53 uerbiorum.
412 550 115 53 xxx.
484 550 158 53 dicens.
599 550 115 53 Tria
671 550 115 53 sunt
743 550 202 53 difficilia
902 550 130 53 mihi:
974 550 43 53 &

248 597 154 48 quartum
360 597 154 48 penitus
472 597 154 48 ignoro.
584 597 112 48 viam
653 597 154 48 aquilae
765 597 84 48 in
807 597 140 48 caelo:
905 597 112 48 viam
961 597 70 48 co-

254 635 141 56 lubri
348 635 141 56 super
442 635 172 56 petram:
568 635 125 56 viam
646 635 141 56 nauis
740 635 94 56 in
787 635 141 56 medio
881 635 141 56 mari.
959 635 63 56 ad

258 680 138 56 lecit
350 680 92 56 ex
396 680 215 56 industria,
565 680 77 56 &
595 680 169 56 quartum
718 680 169 56 penitus
841 680 169 56 ignoro:
948 680 77 56 vc-

263 726 124 54 viam
340 726 124 54 viri
417 726 93 54 in
463 726 262 54 adolescentia.
679 726 93 54 Et
726 726 124 54 hinc
803 726 201 54 Hieremias
942 726 77 54 re-

252 768 127 54 nuit
332 768 96 54 ad
380 768 175 54 populum
507 768 159 54 mittit
619 768 191 54 inquiens
762 768 207 54 Hieremiae
905 768 112 54 primo

249 812 79 55 a.
288 812 79 55 a.
328 812 79 55 a.
367 812 131 55 domine
459 812 118 55 deus.
538 812 105 55 ecce
603 812 131 55 nescio
695 812 118 55 loqui
774 812 105 55 quia
839 812 105 55 puer
905 812 92 55 ego
944 812 79 55 sum.

256 855 178 57 Nescienti
393 855 137 57 autem.
488 855 123 57 loqui
570 855 191 57 beneficium
721 855 96 57 non
775 855 96 57 est
830 855 218 57 conferendum.

266 901 132 60 Quare
354 901 176 60 eiusmodi
486 901 190 60 iuuenibus
632 901 102 60 non
691 901 117 60 sunt
764 901 205 60 conferenda
910 901 117 60 benefi

266 943 109 57 cia,
334 943 68 57 &
362 943 191 57 potissimum
512 943 150 57 maiora:
620 943 109 57 quia
689 943 95 57 non
743 943 150 57 constat
838 943 191 57 sufficienter

250 995 88 50 de
294 995 132 50 eorum
383 995 221 50 idoneitate.
559 995 103 50 nam
618 995 88 50 vt
662 995 132 50 dicit
750 995 147 50 Arist.
853 995 118 50 iii.
912 995 103 50 Topic

261 1032 121 56 Nemo
336 1032 151 56 eligit
442 1032 166 56 iuuenes
563 1032 91 56 in
608 1032 136 56 duces
699 1032 121 56 quia
774 1032 106 56 non
835 1032 166 56 constat
940 1032 76 56 eos

261 1072 117 61 esse
335 1072 205 61 prudentes.
495 1072 73 61 &
525 1072 132 61 primi
612 1072 190 61 Ethicorum
759 1072 146 61 tertio
861 1072 132 61 dicit
934 1072 88 61 idem

248 1122 242 62 philosophus.
445 1122 167 62 luuenis
566 1122 106 62 non
626 1122 106 62 est
687 1122 167 62 ciuilis
808 1122 197 62 doctrinae
944 1122 76 62 ido

249 1168 118 53 neus
323 1168 177 53 auditor:
455 1168 103 53 est
514 1168 118 53 enim
588 1168 133 53 rudis
676 1168 147 53 actuum
780 1168 147 53 vitae.
883 1168 88 53 Et
912 1168 118 53 ingeni

257 1214 149 52 prum
351 1214 149 52 fons
444 1214 205 52 Homerus
593 1214 168 52 primo
705 1214 205 52 lliados
836 1214 187 52 Agamemno

253 1256 96 59 nem
308 1256 151 59 dixisse
418 1256 165 59 recitat:
542 1256 82 59 se
583 1256 124 59 malle
665 1256 151 59 quinque
775 1256 165 59 nestores
898 1256 82 59 le
926 1256 96 59 senio

250 1299 187 53 confectos
394 1299 144 53 habere
494 1299 115 53 quam
566 1299 130 53 decem
653 1299 158 53 Aiaces:
768 1299 101 53 cum
811 1299 202 53 torrentissim

258 1342 111 62 Aiax
328 1342 97 62 vix
383 1342 111 62 vlli
453 1342 167 62 hominium
578 1342 111 62 suae
648 1342 209 62 tempestatis
815 1342 84 62 in
857 1342 125 62 marte
927 1342 97 62 cesse

258 1396 126 45 rit.
337 1396 126 45 Hinc
416 1396 205 45 Alexander
573 1396 189 45 Philippi
715 1396 142 45 teste
810 1396 173 45 lustino
920 1396 110 45 libro

260 1433 199 53 vndecimo,
413 1433 138 53 duces
504 1433 245 53 sexagenarios
703 1433 183 53 creauit.
841 1433 107 53 sic
902 1433 122 53 enim
963 1433 61 53 di

251 1479 126 50 cit.
330 1479 111 50 Cum
393 1479 95 50 ad
441 1479 237 50 periculosum
630 1479 158 50 bellum
741 1479 205 50 exercitum
883 1479 142 50 legeret

251 1520 104 57 non
311 1520 164 57 iuuenes
430 1520 194 57 robustos,
579 1520 104 57 nec
639 1520 134 57 primo
728 1520 134 57 fiore
817 1520 164 57 aetatis
937 1520 75 57 /
951 1520 75 57 sed

254 1567 200 51 veteranos
407 1567 200 51 plerosque
561 1567 138 51 etiam
653 1567 184 51 emeritae
791 1567 200 51 militiae.
930 1567 92 51 Ordi

248 1610 106 53 nes
308 1610 151 53 quoque
414 1610 121 53 nemo
490 1610 121 53 nisi
565 1610 242 53 sexagenarius
762 1610 151 53 duxit.
868 1610 91 53 vt
913 1610 91 53 si
943 1610 91 53 prim

256 1655 128 51 cipes
341 1655 184 51 castrorum
483 1655 184 51 cerneres:
624 1655 156 51 senatum
738 1655 85 51 te
780 1655 170 51 alicuius
893 1655 128 51 priscae

254 1697 236 60 reipublicae
443 1697 157 60 videre
553 1697 189 60 diceres.
695 1697 110 60 Cui
758 1697 204 60 luuenalis
899 1697 126 60 satyra

257 1743 129 54 xiii.
343 1743 215 54 suffragatur
515 1743 186 54 inquiens.
658 1743 201 54 Improbitas
816 1743 115 54 illo
888 1743 115 54 fuit
945 1743 86 54 admi

251 1797 176 45 rabilis
379 1797 144 45 aeuo.
475 1797 208 45 Credebant
635 1797 112 45 hoc
700 1797 160 45 grande
812 1797 144 45 nefas
908 1797 80 45 &
924 1797 112 45 morte

261 1838 193 47 piandum,
406 1838 97 47 Si
454 1838 177 47 iuuenis
583 1838 161 47 vetulo
695 1838 113 47 non
760 1838 273 47 assurrexerat:
969 1838 64 47 et

246 1874 89 52 si
291 1874 164 52 Barbato
410 1874 194 52 quicumque
559 1874 119 52 puer
634 1874 104 52 vel
693 1874 119 52 ipse
768 1874 164 52 videret
887 1874 134 52 Plura
961 1874 60 52 do

244 1925 103 47 mi
295 1925 155 47 farra
399 1925 86 47 &
433 1925 189 47 maiores
571 1925 189 47 glandis
708 1925 206 47 aceruos.
863 1925 120 47 Tam
915 1925 103 47 vene

253 1962 154 54 rabile
361 1962 123 54 erat
438 1962 216 54 praecedere
607 1962 170 54 quatuor
731 1962 154 54 annis.
839 1962 93 54 Si
885 1962 123 54 iste
947 1962 77 54 se-

257 2012 157 57 niorem
367 2012 173 57 iuniori
493 2012 204 57 praeferat
650 2012 94 57 in
697 2012 204 57 exhibenda
839 2012 189 57 reuerentia

261 2055 74 53 a
291 2055 178 53 fortiori
425 2055 89 53 in
469 2055 163 53 officio
588 2055 208 53 honorifico
752 2055 223 53 reipublicae
915 2055 119 53 vtili.

289 2108 114 45 Sed
355 2108 163 45 contra
469 2108 147 45 istud
567 2108 213 45 arguitur.
731 2108 163 45 Paulus
845 2108 163 45 doctor
943 2108 82 45 gen

250 2145 146 49 tium
341 2145 237 49 Timotheum
523 2145 164 49 fecit
633 2145 237 49 episcopum
815 2145 91 49 /
852 2145 128 49 qui
906 2145 128 49 tamen

258 2184 129 53 erat
339 2184 194 53 iuuenis.
484 2184 113 53 nam
549 2184 162 53 primae
662 2184 97 53 ad
711 2184 226 53 Timotheum.
888 2184 146 53 iiii.
969 2184 65 53 di

263 2229 137 57 cit.
349 2229 137 57 Nemo
434 2229 292 57 adolescentiam
675 2229 137 57 tuam
761 2229 240 57 contemnat.
932 2229 86 57 sed

255 2276 192 54 exemplum
399 2276 128 54 esto
479 2276 192 54 fidelium
623 2276 96 54 in
670 2276 160 54 verbo,
782 2276 96 54 in
814 2276 208 54 conversatio

263 2325 76 45 ne
301 2325 63 45 /
327 2325 76 45 in
365 2325 165 45 charitate
492 2325 63 45 /
517 2325 76 45 in
555 2325 101 45 fide
618 2325 63 45 /
644 2325 76 45 in
682 2325 178 45 castitate.
821 2325 63 45 &
847 2325 89 45 non
897 2325 89 45 est
936 2325 101 45 dicen-

253 2369 106 45 dum
313 2369 121 45 quod
389 2369 121 45 male
465 2369 166 45 egerit.
586 2369 121 45 ergo
661 2369 121 45 alii
737 2369 166 45 possunt
858 2369 106 45 eum
903 2369 121 45 imita-

260 2412 112 46 ri.
356 2412 257 46 Respondetur.
565 2412 177 46 oportet
694 2412 161 46 dicere
806 2412 129 46 quod
870 2412 145 46 Timothe

253 2451 125 55 iste
332 2451 110 55 non
394 2451 125 55 erat
473 2451 157 55 magnae
582 2451 188 55 aetatis:
723 2451 94 55 ex
770 2451 157 55 verbis
864 2451 157 55 Apostoli

261 2499 107 53 sed
322 2499 122 53 vita
398 2499 122 53 eius
475 2499 122 53 erat
551 2499 183 53 apostolo
689 2499 290 53 exploratissima.
918 2499 107 53 Fate-

261 2539 90 54 ri
306 2539 135 54 tamen
396 2539 165 54 oportet
515 2539 120 54 quod
590 2539 135 54 satis
680 2539 135 54 bonam
770 2539 165 54 habebat
874 2539 150 54 aetatem-

259 2594 72 48 &
287 2594 86 48 vt
330 2594 186 48 arbitror.
473 2594 143 48 xxiii.
573 2594 114 48 aut.
645 2594 157 48 xxiiii.
759 2594 143 48 annos,
859 2594 114 48 quod
917 2594 114 48 aucto-

258 2627 160 56 ritate
370 2627 160 56 solida
482 2627 240 56 conuincitur
673 2627 96 56 ex
721 2627 144 56 Beato
817 2627 144 56 Luca,
897 2627 128 56 Actuum

268 2682 116 44 xvi.
341 2682 87 44 in
385 2682 189 44 principio
530 2682 160 44 capitis
647 2682 102 44 sic
705 2682 175 44 dicente.
836 2682 175 44 Peruenit
952 2682 73 44 au-

253 2726 123 44 tem
324 2726 176 44 Darben
447 2726 88 44 &
482 2726 193 44 Lystren
623 2726 176 44 Paulus
746 2726 176 44 supple
869 2726 105 44 vt
922 2726 105 44 ex
957 2726 70 44 ca

255 2767 138 58 pitis
347 2767 246 58 praecedentis
547 2767 138 58 calce
639 2767 154 58 patet.
747 2767 92 58 Et
793 2767 123 58 ecce
854 2767 185 58 discipulus

1076 350 171 71 quidam
1196 350 137 71 erat
1281 350 120 71 ibi
1349 350 171 71 nomine
1469 350 239 71 Timorheus:
1657 350 171 71 filius
1759 350 103 71 muli

1076 407 114 54 eris
1147 407 143 54 viduae
1247 407 157 54 fidelis
1361 407 71 54 /
1390 407 128 54 patre
1475 407 171 54 gentili.
1604 407 114 54 huic
1661 407 185 54 testimonium

1082 450 151 52 bonum
1183 450 218 52 reddebant
1350 450 117 52 qui
1417 450 100 52 in
1467 450 184 52 Lystris
1601 450 151 52 erant
1701 450 84 52 &
1718 450 134 52 lconio

1079 495 189 56 fratres.
1221 495 126 56 Hunc
1299 495 157 56 voluit
1409 495 157 56 Paulus
1519 495 141 56 secum
1613 495 220 56 proficisci
1770 495 79 56 &c.

1085 542 128 52 ergo
1165 542 112 52 hic
1229 542 209 52 Timotheus
1390 542 112 52 cum
1454 542 144 52 esset
1550 542 160 52 filius
1662 542 176 52 viduae:
1775 542 80 52 non

1087 585 123 60 erat
1163 585 108 60 sub
1225 585 169 60 ferula,
1348 585 108 60 sed
1409 585 154 60 libere
1517 585 154 60 viuens
1624 585 123 60 apud
1701 585 123 60 suos
1763 585 92 60 opti

1085 630 103 56 mi
1136 630 257 56 testimonii,
1342 630 171 56 dignus
1462 630 103 56 vt
1513 630 120 56 cum
1582 630 189 56 doctore
1702 630 154 56 gentium

1088 673 290 60 proficisceretur:
1334 673 73 60 &
1363 673 189 60 praeterea
1508 673 87 60 in
1552 673 189 60 societate
1697 673 116 60 eius
1755 673 102 60 satis

1089 719 228 49 probatus.
1265 719 140 49 ldem
1353 719 228 49 Timotheus
1528 719 140 49 erat
1616 719 228 49 propheta.
1774 719 88 49 nam

1085 762 177 55 primae
1209 762 106 55 ad
1262 762 230 55 Timotheum
1439 762 177 55 quarto
1563 762 230 55 Apostolus
1740 762 106 55 ad
1776 762 88 55 eum

1083 815 191 49 scribens
1226 815 175 49 inquit.
1353 815 127 49 Noli
1432 815 206 49 negligere
1591 815 175 49 gratiam
1718 815 127 49 quae
1798 815 95 49 in

1086 852 88 63 te
1130 852 118 63 est:
1204 852 118 63 quae
1278 852 118 63 data
1352 852 103 63 est
1411 852 118 63 tibi
1484 852 103 63 per
1543 852 221 63 prophetiam.
1720 852 88 63 Et
1750 852 103 63 primo

1080 896 146 54 cap.
1171 896 219 54 eiusdem.
1335 896 128 54 Hoc
1408 896 255 54 praeceptum
1609 896 219 54 commendo
1755 896 109 54 tibi

1070 937 136 57 fili
1155 937 204 57 Timothee
1308 937 204 57 secundum
1461 937 272 57 praecedentes
1681 937 102 57 in
1732 937 102 57 te
1766 937 102 57 pro-

1093 984 193 49 phetias.
1238 984 145 49 Tamen
1334 984 209 49 districte
1495 984 96 49 ei
1543 984 209 49 prohibuit
1687 984 177 49 admittere

1077 1024 226 59 inexpertos
1254 1024 161 59 dicens
1367 1024 129 59 cap.
1448 1024 129 59 iii.
1529 1024 194 59 eiusdem.
1674 1024 113 59 Non
1723 1024 145 59 neophi-

1080 1080 129 44 tum:
1161 1080 97 44 ne
1209 1080 97 44 in
1258 1080 210 44 superbiam
1419 1080 162 44 elatus
1533 1080 97 44 in
1581 1080 194 44 iudicium
1710 1080 146 44 incidat

1094 1114 168 60 diaboli.
1220 1114 98 60 vbi
1276 1114 140 60 glossa
1373 1114 251 60 interlinearis.
1583 1114 112 60 prae
1653 1114 168 60 caeteris
1764 1114 98 60 digni

1081 1162 119 57 orem
1155 1162 89 57 se
1200 1162 134 57 putas
1289 1162 134 57 quasi
1378 1162 89 57 eo
1423 1162 134 57 egeat
1512 1162 178 57 religio.
1645 1162 89 57 ac
1690 1162 89 57 si
1719 1162 134 57 diceret

1079 1218 145 50 putat
1176 1218 97 50 se
1224 1218 81 50 &
1256 1218 129 50 suos
1337 1218 81 50 /
1369 1218 209 50 ecclesiam
1530 1218 81 50 &
1562 1218 129 50 eius
1643 1218 129 50 bona
1707 1218 161 50 defende-

1087 1252 105 51 re.
1147 1252 105 51 vbi
1207 1252 135 51 etiam
1297 1252 195 51 eleganter
1447 1252 150 51 glossa
1553 1252 210 51 marginalis
1718 1252 150 51 dicit.
1808 1252 60 51 He

1088 1300 84 46 ri
1130 1300 84 46 in
1172 1300 167 46 theatro:
1297 1300 126 46 hodie
1381 1300 84 46 in
1423 1300 181 46 ecclesia.
1562 1300 153 46 vesperi
1674 1300 84 46 in
1716 1300 139 46 circo:
1799 1300 56 46 ho

1085 1336 112 52 die
1149 1336 96 52 in
1197 1336 176 52 altari.
1326 1336 144 52 Dudum
1422 1336 160 52 fautor
1534 1336 241 52 histrionum:
1727 1336 128 52 nunc
1791 1336 80 52 con

1078 1382 194 52 secrator
1223 1382 210 52 virginum.
1385 1382 97 52 Et
1434 1382 97 52 in
1482 1382 162 52 quinto
1595 1382 129 52 cap.
1676 1382 194 52 eiusdem.
1805 1382 65 52 Ma

1084 1436 125 46 nus
1156 1436 143 46 cito
1245 1436 179 46 nemini
1370 1436 268 46 imposueris:
1585 1436 161 46 neque
1674 1436 197 46 communica

1092 1473 137 47 ueris
1183 1473 183 47 peccatis
1320 1473 183 47 alienis.
1457 1473 91 47 ac
1503 1473 91 47 si
1548 1473 183 47 diceret,
1685 1473 107 47 non
1731 1473 137 47 imponas

1081 1519 149 50 manus
1181 1519 133 50 viro
1264 1519 166 50 nondum
1380 1519 149 50 satis
1480 1519 199 50 probato:
1629 1519 133 50 quia
1713 1519 100 50 si
1746 1519 116 50 delin

1092 1559 121 62 quat
1168 1559 76 62 /
1198 1559 106 62 cum
1259 1559 91 62 eo
1304 1559 91 62 in
1350 1559 167 62 peccato
1471 1559 227 62 communicas:
1653 1559 106 62 hoc
1713 1559 121 62 est,
1774 1559 91 62 pec-

1095 1608 139 54 casti
1187 1608 139 54 talem
1280 1608 263 54 praeficiendo.
1497 1608 124 54 Vide
1574 1608 124 54 ergo
1651 1608 93 54 an
1698 1608 155 54 doctor
1791 1608 77 54 gen

1086 1654 126 48 tium
1165 1654 252 48 consuluerit,
1370 1654 95 48 ad
1417 1654 221 48 dignitates
1591 1654 173 48 admitti
1701 1654 158 48 inexper-

1094 1703 114 43 tos
1159 1703 196 43 iuuenes.
1306 1703 114 43 Sed
1371 1703 114 43 quo
1437 1703 98 43 ad
1486 1703 196 43 personam
1632 1703 196 43 Timothei
1779 1703 114 43 ma-

1089 1742 166 50 nifeste
1210 1742 90 50 ex
1255 1742 106 50 his
1315 1742 136 50 vides
1406 1742 121 50 quod
1481 1742 151 50 dignus
1587 1742 121 50 erat
1662 1742 106 50 non
1722 1742 136 50 solum
1798 1742 60 50 vt

1085 1782 164 56 Ephesi
1199 1782 213 56 episcopus
1363 1782 164 56 esset:
1478 1782 115 56 sed
1543 1782 164 56 honore
1658 1782 147 56 multo
1740 1782 131 56 amplio

1084 1825 124 51 re.
1191 1825 142 51 Ecce
1280 1825 195 51 quomodo
1422 1825 124 51 non
1493 1825 124 51 est
1564 1825 267 51 conferendum
1759 1825 107 51 bene

1092 1871 163 50 ficium
1206 1871 163 50 pueris
1320 1871 180 50 propter
1451 1871 147 50 eorum
1549 1871 294 50 inidoneitatem.
1777 1871 82 50 pa-

1093 1915 145 56 rentes
1194 1915 116 56 vero
1266 1915 101 56 eis
1324 1915 188 56 beneficia
1469 1915 217 56 procurantes
1643 1915 130 56 ipsos
1715 1915 145 56 spiritua

1092 1960 139 53 liter
1184 1960 124 53 odio
1262 1960 263 53 prosequuntur:
1478 1960 108 53 eis
1540 1960 108 53 non
1602 1960 232 53 beneficium:
1788 1960 108 53 sed

1086 2013 229 44 maleficium
1265 2013 82 44 /
1298 2013 114 44 non
1363 2013 229 44 praebendam
1543 2013 82 44 /
1576 2013 114 44 sed
1641 2013 180 44 emendam
1756 2013 114 44 procu

1086 2051 153 52 rantes.
1198 2051 84 52 Et
1239 2051 167 52 quamquam
1365 2051 167 52 parentes
1490 2051 70 52 &
1518 2051 139 52 liberi
1616 2051 84 52 ab
1658 2051 139 52 initio
1741 2051 126 52 gaudent

1082 2091 207 56 timenda
1233 2091 169 56 tamen
1346 2091 151 56 sunt
1440 2091 264 56 nouissima.
1628 2091 245 56 quemadmodum

1094 2138 102 51 si
1145 2138 221 51 imprudens
1315 2138 187 51 dementi
1451 2138 119 51 det
1520 2138 170 51 ensem:
1639 2138 187 51 vterque
1758 2138 102 51 gau-

1091 2179 131 54 det:
1172 2179 114 54 sed
1238 2179 163 54 exitus
1352 2179 131 54 acta
1433 2179 180 54 probat.
1564 2179 147 54 Senem
1662 2179 196 54 probatae
1792 2179 82 54 vi-

1085 2228 122 49 tae,
1161 2228 152 49 iuueni
1268 2228 137 49 etiam
1359 2228 122 49 bona
1435 2228 152 49 indole
1542 2228 168 49 propter
1664 2228 137 49 vitae
1740 2228 122 49 incer-

1089 2264 225 66 titudinem
1262 2264 156 66 longe
1365 2264 277 66 praeferendum
1590 2264 208 66 dicimus.
1746 2264 86 66 &
1763 2264 104 66 obi-

1093 2315 116 51 ter
1160 2315 99 51 de
1209 2315 182 51 senibus
1342 2315 182 51 loquuti
1474 2315 149 51 sumus
1574 2315 99 51 ob
1623 2315 182 51 iuuenum
1756 2315 99 51 ad
1789 2315 66 51 ip

1086 2355 116 57 sos
1153 2355 299 57 comparationem.
1402 2355 116 57 Sed
1468 2355 100 57 in
1518 2355 233 57 quaestione
1684 2355 183 57 praeceden

1087 2400 95 52 te
1135 2400 205 52 praecipue
1292 2400 95 52 de
1339 2400 189 52 senibus,
1481 2400 79 52 &
1513 2400 221 52 incidenter
1686 2400 95 52 de
1717 2400 142 52 iuueni-

1096 2447 112 55 bus
1160 2447 207 55 mentionem
1319 2447 191 55 fecimus.
1463 2447 191 55 Vlterius
1607 2447 144 55 dico.
1702 2447 144 55 licet
1782 2447 80 55 pa-

1090 2494 160 49 rentes
1202 2494 160 49 crebro
1314 2494 176 49 peccent
1442 2494 144 49 magna
1539 2494 208 49 beneficia
1699 2494 144 49 etiam
1779 2494 80 49 cla

1095 2540 97 48 ro
1143 2540 161 48 genere
1256 2540 209 48 iuuenibus
1417 2540 258 48 prouidentes:
1626 2540 113 48 pro
1691 2540 161 48 maiore
1787 2540 81 48 ta-

1098 2583 115 49 men
1163 2583 131 49 malo
1245 2583 197 49 euitando
1393 2583 197 49 tenentur
1540 2583 115 49 eis
1606 2583 229 49 praeficere
1770 2583 98 49 pro-

1085 2621 111 54 bos
1149 2621 143 54 viros
1244 2621 79 54 &
1275 2621 222 54 literatos:
1450 2621 79 54 &
1482 2621 190 54 vicarios
1624 2621 238 54 constituere
1799 2621 63 54 bo

1091 2675 118 48 nos
1159 2675 84 48 &
1192 2675 253 48 sollicitos.
1395 2675 118 48 Non
1462 2675 135 48 dico
1547 2675 152 48 tamen
1648 2675 152 48 ipsos
1749 2675 101 48 ex
1783 2675 84 48 to-

1094 2709 98 56 to
1143 2709 212 56 excusari.
1306 2709 180 56 Amplius
1437 2709 131 56 dico
1518 2709 131 56 quod
1600 2709 114 56 non
1665 2709 147 56 decet
1747 2709 114 56 viros

1085 2751 209 66 exemplaris
1249 2751 134 66 vitae
1339 2751 224 66 coassistere
1518 2751 134 66 illis
1607 2751 104 66 qui
1667 2751 194 66 beneficia
1801 2751 60 66 im
