2308 3318
443 334 141 75 probe
537 334 172 75 tenent:
663 334 110 75 sed
725 334 157 75 debent
835 334 110 75 eos
898 334 204 75 exhortari
1054 334 94 75 vt
1086 334 125 75 benefi

441 400 88 49 cia
492 400 126 49 quibus
580 400 101 49 sunt
643 400 138 49 indigni
743 400 189 49 relinquant:
894 400 101 49 quae
957 400 75 49 si
995 400 189 49 relinquaere
1133 400 63 49 non

426 437 180 48 luerint,
561 437 105 48 eis
621 437 225 48 valedicant.
801 437 135 48 aliis
892 437 135 48 autem
982 437 135 48 licet
1057 437 150 48 interdum

434 491 264 41 eruditioribus
652 491 109 41 non
714 491 109 41 ita
776 491 218 41 exemplaris
947 491 140 41 vitae
1041 491 140 41 viris
1118 491 78 41 non

434 524 112 53 est
498 524 112 53 sic
562 524 193 53 indecens
707 524 160 53 adesse
819 524 80 53 &
851 524 241 53 cohabitare.
1044 524 112 53 Non
1092 524 112 53 tamen

443 574 200 49 constanter
600 574 143 49 negem:
700 574 100 49 vbi
757 574 172 49 probetur
886 574 72 49 &
915 574 215 49 comperiatur
1087 574 72 49 a
1101 574 100 49 bonis

442 621 151 49 viris,
547 621 151 49 optima
653 621 151 49 indole
759 621 181 49 iuuenis.
894 621 106 49 xx.
955 621 136 49 annos
1045 621 136 49 natus
1136 621 106 49 aut

438 657 171 54 circiter,
569 657 105 54 quin
635 657 79 54 ei
674 657 131 54 possit
766 657 158 54 conferri
885 657 118 54 etiam
963 657 131 54 grande
1042 657 158 54 beneficium

431 712 135 42 modo
516 712 119 42 sit
583 712 254 42 verosimilis
787 712 135 42 spes
871 712 102 42 de
922 712 254 42 continuanda
1108 712 102 42 hone

444 753 95 48 sta
499 753 122 48 vita:
580 753 81 48 in
620 753 95 48 qua
674 753 135 48 suapte
769 753 135 48 natura
863 753 95 48 sit
917 753 257 48 perseueraturus:
1120 753 81 48 quia

434 793 155 54 probis
542 793 217 54 parentibus
712 793 155 54 ortus.
821 793 108 54 Nam
882 793 93 54 ex
929 793 139 54 bonis
1006 793 186 54 parentibus

438 840 120 49 boni
513 840 194 49 nascuntur
662 840 165 49 liberi.
782 840 135 49 primo
872 840 239 49 Politicorum.
1066 840 135 49 etiam
1141 840 60 49 bo

437 878 94 52 ni
484 878 188 52 parentes
625 878 157 52 probos
735 878 219 52 adhibebunt
907 878 157 52 viros:
1017 878 110 52 qui
1080 878 110 52 eum
1127 878 78 52 mo-

439 926 179 50 derentur
573 926 74 50 &
603 926 223 50 instituant:
781 926 149 50 quales
886 926 193 50 nonnullos
1034 926 89 50 ex
1064 926 134 50 primori

440 967 118 49 bus
508 967 220 49 iuuenibus
677 967 101 49 in
727 967 169 49 Gallia
845 967 203 49 nominare
997 967 186 49 possum.
1116 967 84 49 No-

428 1012 76 57 lo
466 1012 126 57 itaque
555 1012 139 57 iuuenem
656 1012 139 57 aliquem
757 1012 114 57 talis
833 1012 139 57 aetatis
934 1012 63 57 /
959 1012 88 57 his
997 1012 202 57 circumstantiis

433 1068 179 46 adiectis
567 1068 149 46 dicere
672 1068 179 46 obnoxium
806 1068 75 46 /
835 1068 209 46 beneficium
999 1068 134 46 etiam
1074 1068 134 46 episco-

431 1099 132 63 patum
519 1099 191 63 recusare:
666 1099 73 63 &
696 1099 103 63 per
755 1099 206 63 consequens
916 1099 220 63 assistentes
1092 1099 103 63 non
1137 1099 73 63 te-

438 1149 131 50 nentur
530 1149 92 50 hoc
582 1149 79 50 ei
622 1149 158 50 suadere:
740 1149 92 50 hoc
793 1149 118 50 saluo
871 1149 105 50 quod
937 1149 131 50 partes
1029 1149 158 50 episcopi
1134 1149 79 50 exe-

428 1188 139 49 quentes
530 1188 114 49 omnia
606 1188 114 49 circa
682 1188 190 49 episcopatum
834 1188 89 49 ita
884 1188 114 49 probe
960 1188 139 49 faciant
1062 1188 89 49 ram
1112 1188 76 49 in
1138 1188 63 49 con

436 1230 145 54 ferendis
545 1230 170 54 beneficiis
678 1230 97 54 quam
739 1230 73 54 in
775 1230 109 54 aliis
848 1230 73 54 vt
884 1230 157 54 quicunque
1005 1230 133 54 vicinus
1090 1230 109 54 episops

430 1276 132 55 tales
518 1276 132 55 certe
606 1276 132 55 laudo
694 1276 147 55 dumodo
797 1276 132 55 plura
885 1276 103 55 non
944 1276 161 55 petant:
1046 1276 147 55 alioquir

427 1328 188 46 manifeste
571 1328 217 46 latitudinem
745 1328 246 46 inidoneitatis
948 1328 246 46 ingrediuntur.
1136 1328 72 46 hoc

430 1364 128 51 tamen
515 1364 100 51 non
572 1364 171 51 obstante
700 1364 185 51 beneficii
842 1364 171 51 collator
970 1364 100 51 vel
1027 1364 85 51 ad
1056 1364 142 51 conferer

438 1412 103 52 dum
497 1412 192 52 coadiutor
645 1412 74 52 /
675 1412 103 52 non
734 1412 163 52 tenetur
852 1412 163 52 credere
970 1412 74 52 /
1000 1412 118 52 immo
1074 1412 118 52 male
1133 1412 59 52 fi

437 1457 110 49 cit
500 1457 188 49 credendo
641 1457 251 49 familiaribus
845 1457 125 49 tali
923 1457 157 49 iuueni
1033 1457 110 49 vel
1080 1457 125 49 amicis

434 1509 153 44 eius:
536 1509 272 44 asserentibus
757 1509 119 44 eum
825 1509 136 44 esse
910 1509 204 44 idoneum.
1063 1509 119 44 nam
1114 1509 85 44 con

434 1546 145 48 tingit
535 1546 101 48 eos
593 1546 145 48 fauore
694 1546 188 48 sanguinis
838 1546 101 48 vel
896 1546 188 48 amicitiae
1041 1546 145 48 falli.
1128 1546 72 48 cum

441 1587 98 55 hoc
497 1587 126 55 tamen
581 1587 98 55 pro
637 1587 84 55 eo
679 1587 196 55 laborantes
832 1587 154 55 omnibus
944 1587 98 55 his
986 1587 210 55 circumstantii

434 1635 171 56 positis
559 1635 124 56 quas
636 1635 155 56 posui,
745 1635 140 56 forte
838 1635 109 56 non
900 1635 233 56 delinquent.
1087 1635 93 56 At
1118 1635 93 56 secu

432 1677 118 52 rius
506 1677 103 52 est
565 1677 88 52 in
609 1677 118 52 foro
683 1677 236 52 conscientiae
874 1677 280 52 intercessoribus
1110 1677 74 52 &
1124 1677 74 52 col

431 1720 225 51 latoribus,
608 1720 177 51 iuuenes
736 1720 145 51 etiam
833 1720 177 51 optimae
961 1720 145 51 famae
1057 1720 96 51 in
1090 1720 112 51 mori-

438 1764 113 57 bus
502 1764 241 57 relinquere:
695 1764 80 57 &
727 1764 193 57 assumere
872 1764 145 57 viros
969 1764 193 57 cognitos
1097 1764 113 57 valen

432 1811 101 64 tes
489 1811 72 64 /
518 1811 86 64 si
561 1811 144 64 haberi
647 1811 144 64 possint.

492 1863 390 98 Distinctionis
790 1863 413 98 Vigesimaequartae

637 1947 278 99 Quaestio
822 1947 185 99 Sexta.

735 2033 170 94 Exto
841 2033 127 94 in
905 2033 149 94 hac
968 2033 234 94 distincti

758 2114 98 57 one
814 2114 70 57 /
842 2114 70 57 &
870 2114 140 57 tertio
968 2114 126 57 circa
1051 2114 112 57 hanc
1107 2114 98 57 mate-

753 2157 98 62 riam
814 2157 195 62 beneficiorum
972 2157 171 62 quaeritur:
1094 2157 110 62 quomodo

761 2206 103 57 ab
812 2206 206 57 inidoneo
967 2206 189 57 idoneus
1088 2206 120 57 segre

766 2248 112 63 getur.
844 2248 67 63 Et
877 2248 134 63 arguitur
978 2248 89 63 quod
1034 2248 78 63 non
1067 2248 134 63 requiritur

767 2291 125 52 magna
850 2291 166 52 scientia
975 2291 125 52 etiam
1058 2291 83 52 in
1085 2291 111 52 episco

756 2344 111 52 po:
819 2344 79 52 &
851 2344 142 52 minor
946 2344 190 52 scientia
1088 2344 95 52 ad
1120 2344 79 52 cu-

745 2381 81 56 ram
792 2381 139 56 animarum
896 2381 70 56 in
931 2381 151 56 inferiore
1047 2381 151 56 sufficit:
1152 2381 46 56 in

434 2433 86 47 mo
477 2433 101 47 non
534 2433 201 47 requiritur
692 2433 129 47 scire
778 2433 158 47 congrue
893 2433 144 47 loqui.
994 2433 101 47 nam
1051 2433 129 47 datis
1123 2433 72 47 duc

431 2472 96 53 bus
486 2472 123 53 sorte
568 2472 68 53 &
595 2472 150 53 platone
705 2472 192 53 aequaliter
855 2472 205 53 scientibus:
1020 2472 150 53 platone
1115 2472 96 53 tamen

434 2514 195 59 prudentiore
590 2514 78 59 in
629 2514 195 59 agibilibus:
785 2514 117 59 plato
863 2514 91 59 est
915 2514 221 59 praeferendus:
1097 2514 104 59 quia
1149 2514 52 59 ma

432 2561 102 56 gis
491 2561 175 56 idoneus,
622 2561 88 56 ex
666 2561 146 56 postea
768 2561 175 56 dicendis
900 2561 88 56 in
944 2561 102 56 hac
987 2561 205 56 distinctioni

433 2605 125 55 ergo
511 2605 172 55 aliquid
636 2605 218 55 prudentiae
808 2605 156 55 alicui
917 2605 203 55 scientiae
1073 2605 156 55 aequi:

422 2646 158 52 ualet.
533 2646 126 52 tunc
612 2646 142 52 detur
706 2646 126 52 vnus
785 2646 142 52 magis
880 2646 174 52 prudens
1006 2646 126 52 quam
1070 2646 126 52 plato,

435 2695 118 51 minus
513 2695 131 51 sciens
605 2695 105 51 quam
670 2695 170 51 alteruter
801 2695 157 51 istorum.
919 2695 105 51 ille
984 2695 91 51 est
1036 2695 91 51 ita
1075 2695 118 51 idoneus

428 2744 98 57 vt
477 2744 130 57 vnus
558 2744 195 57 istorum.
704 2744 81 57 &
737 2744 114 57 sic
802 2744 195 57 ascendam
948 2744 114 57 per
997 2744 195 57 prudentiam

1266 339 74 64 &
1296 339 236 64 diminutionem
1487 339 206 64 scientiae:
1649 339 177 64 quousque
1782 339 133 64 detur
1870 339 118 64 vnus
1944 339 103 64 vix
1988 339 74 64 la-

1270 399 115 51 tine
1341 399 157 51 sciens,
1456 399 129 51 etiam
1542 399 115 51 cura
1613 399 172 51 animarum
1742 399 157 51 dignus.
1857 399 186 51 Praeterea
1985 399 72 51 non

1266 447 206 50 requiritur
1428 447 147 50 semper
1531 447 191 50 resident:
1678 447 73 50 a
1707 447 88 50 in
1751 447 206 50 beneficio,
1913 447 88 50 vt
1942 447 118 50 postea

1268 483 165 58 dicemus.
1392 483 110 58 ergo
1461 483 82 58 ad
1502 483 192 58 beneficium
1653 483 124 58 iuste
1735 483 165 58 tenendum
1859 483 165 58 sufficit
1969 483 82 58 hare

1269 529 133 50 bonum
1358 529 177 50 vicarium
1491 529 118 50 loco
1565 529 118 50 suo.
1639 529 104 50 sed
1698 529 133 50 talem
1787 529 148 50 facile
1890 529 148 50 habere
1979 529 74 50 po-

1271 577 125 52 tes:
1350 577 125 52 ergo
1428 577 109 52 vix
1490 577 188 52 congruus
1631 577 109 52 (vt
1693 577 172 52 dicunt)
1819 577 78 52 &
1850 577 203 52 literarum
1990 577 63 52 ne

1264 621 126 51 scius
1348 621 181 51 sufficit:
1487 621 98 51 nec
1543 621 195 51 requiritur
1696 621 167 51 scientia
1822 621 112 51 vlla
1892 621 84 51 ad
1933 621 126 51 curam
2003 621 56 51 pa

1234 659 205 56 storalem

1308 718 182 84 Hanc
1421 718 341 84 quaestionem
1694 718 341 84 difficilius
1944 718 114 84 est

1270 804 161 49 enodare
1387 804 88 49 in
1431 804 219 49 particulari
1607 804 73 49 /
1636 804 117 49 quam
1709 804 205 49 implicitos
1870 804 161 49 lororum
1972 804 88 49 Gor-

1275 839 111 50 dii
1339 839 143 50 nexus
1434 839 238 50 dissoluere:
1625 839 111 50 vel
1688 839 223 50 planetarum
1863 839 143 50 motus
1959 839 95 50 in
1990 839 64 50 ec

1271 887 183 47 centricis
1412 887 70 47 &
1440 887 183 47 epicyclis
1581 887 211 47 discernere.
1749 887 99 47 Nam
1806 887 127 47 licet
1890 887 113 47 haec
1946 887 113 47 propon

1273 932 90 54 ex
1318 932 180 54 terminis
1453 932 105 54 sit
1512 932 165 54 patens:
1632 932 135 54 nulli
1722 932 90 54 in
1767 932 150 54 idoneo
1857 932 194 54 conferendum

1275 976 115 53 est
1340 976 247 53 beneficium:
1538 976 148 53 tamen
1637 976 148 53 Titio
1735 976 247 53 demonstrato
1933 976 115 53 vel
1982 976 66 53 Me

1279 1023 103 54 uio
1338 1023 148 54 dubium
1442 1023 118 54 erit
1516 1023 89 54 an
1560 1023 118 54 iste
1634 1023 103 54 sit
1693 1023 163 54 idoneus
1811 1023 74 54 /
1841 1023 89 54 an
1885 1023 89 54 in
1915 1023 133 54 idoneus

1273 1061 120 55 Sed
1341 1061 137 55 quia
1427 1061 103 55 vt
1479 1061 189 55 dicitur
1616 1061 154 55 primo
1718 1061 223 55 Ethicorum
1873 1061 171 55 sermones

1278 1111 248 40 vniuersales
1476 1111 99 40 in
1525 1111 165 40 morali
1641 1111 248 40 philosophia
1839 1111 149 40 parum
1921 1111 132 40 vtiles

1264 1150 127 52 sunt:
1349 1150 240 52 particularius
1546 1150 169 52 secundum
1673 1150 169 52 temporis
1786 1150 268 52 angustiandescende

1261 1198 90 52 re
1306 1198 209 52 elaborabo:
1470 1198 90 52 in
1515 1198 149 52 primis
1619 1198 194 52 argumenta
1768 1198 194 52 proposita
1903 1198 149 52 euacuan-

1257 1243 130 51 do.
1332 1243 186 51 Primum
1462 1243 260 51 argumentum
1667 1243 186 51 tangit
1778 1243 279 51 difficultatem

1257 1280 92 48 an
1303 1280 200 48 scientiae
1456 1280 200 48 prudentia
1610 1280 246 48 aequiualeat.
1810 1280 92 48 Et
1856 1280 108 48 pro
1918 1280 123 48 illo
1979 1280 77 48 in-

1270 1331 209 46 telligendo
1434 1331 134 46 scito
1524 1331 120 46 quod
1599 1331 179 46 scientia
1733 1331 209 46 discemendi
1898 1331 134 46 inter
1972 1331 75 46 pec

1265 1377 125 49 cata
1344 1377 109 49 est
1406 1377 188 49 scientia
1547 1377 94 49 de
1594 1377 109 49 qua
1656 1377 203 49 loquimur.
1813 1377 203 49 Scientiam
1953 1377 94 49 enim

1264 1412 116 52 non
1331 1412 182 52 capimus
1463 1412 330 52 posterioristice.
1743 1412 116 52 nam
1809 1412 165 52 logica
1925 1412 83 52 &
1941 1412 116 52 natu-

1270 1463 133 51 ralis
1359 1463 222 51 philosophia
1536 1463 104 51 hic
1596 1463 104 51 non
1655 1463 222 51 sufficiunt:
1832 1463 133 51 licet
1906 1463 148 51 requiram

1268 1507 105 52 tur
1328 1507 90 52 ad
1373 1507 120 52 ista
1449 1507 166 52 penitus
1569 1507 241 52 cognoscenda,
1765 1507 105 52 nec
1825 1507 136 52 debet
1915 1507 120 52 esse
1976 1507 75 52 ser

1262 1552 104 51 mo
1314 1552 104 51 de
1366 1552 226 51 prudentia
1540 1552 157 51 rerum
1645 1552 244 51 externarum
1836 1552 87 51 a
1854 1552 192 51 beneficio

1266 1591 148 52 quare
1364 1591 99 52 de
1414 1591 132 52 alia
1496 1591 214 52 prudentia
1661 1591 115 52 non
1726 1591 148 52 debet
1825 1591 132 52 esse
1891 1591 148 52 compara

1262 1640 129 43 tio.
1342 1640 129 43 modo
1423 1640 129 43 illa
1503 1640 209 43 prudentia
1664 1640 80 43 a
1696 1640 193 43 scientia
1841 1640 145 43 ferme
1921 1640 129 43 omnino

1269 1680 215 56 dependet.
1434 1680 215 56 Prudentia
1599 1680 132 56 enim
1681 1680 116 56 est
1747 1680 198 56 iudicium
1896 1680 99 56 de
1929 1680 116 56 recte

1265 1731 174 47 agendis
1391 1731 110 47 vel
1455 1731 237 47 omittendis,
1644 1731 126 47 quod
1723 1731 205 47 scientiam
1880 1731 142 47 circa
1959 1731 95 47 hanc

1265 1773 136 53 artem
1356 1773 197 53 requirit.
1507 1773 106 53 Hoc
1568 1773 106 53 sic
1629 1773 182 53 declaro.
1765 1773 106 53 sit
1826 1773 167 53 aliquis
1932 1773 121 53 occul-

1266 1814 110 53 tus
1329 1814 189 53 peccator
1471 1814 189 53 cognitus
1612 1814 79 53 a
1644 1814 173 53 curato,
1770 1814 157 53 corpus
1880 1814 173 53 Christi
1990 1814 63 53 in

1267 1859 169 51 publico
1389 1859 92 51 in
1435 1859 153 51 pascha
1542 1859 169 51 petens:
1665 1859 138 51 prius
1757 1859 123 51 quam
1834 1859 169 51 curatus
1941 1859 107 51 recte

1270 1909 169 52 iudicet
1393 1909 92 52 de
1439 1909 231 52 ministrando
1624 1909 92 52 ei
1670 1909 169 52 corpore
1793 1909 169 52 Curisti
1916 1909 108 52 vel
1962 1909 77 52 ne-

1273 1949 148 55 gando:
1377 1949 207 55 requiritur
1539 1949 118 55 quod
1613 1949 236 55 praesciuerit
1805 1949 118 55 quid
1879 1949 133 55 facto
1953 1949 103 55 opus.

1276 1992 107 49 sit
1337 1992 92 49 ad
1383 1992 107 49 hoc
1444 1992 92 49 vt
1489 1992 137 49 recte
1581 1992 137 49 agat.
1673 1992 198 49 Similiter
1825 1992 92 49 ad
1871 1992 107 49 hoc
1932 1992 92 49 vt
1963 1992 76 49 iu-

1268 2036 151 56 dicet
1369 2036 184 56 aliquem
1503 2036 134 56 esse
1586 2036 251 56 absoluendum
1787 2036 117 56 vel
1854 2036 117 56 non
1921 2036 84 56 /
1938 2036 117 56 super

1261 2087 150 52 aliquo
1366 2087 195 52 contractu
1515 2087 284 52 intricatissimo:
1755 2087 165 52 oportet
1874 2087 135 52 illum
1949 2087 105 52 prae-

1267 2120 245 52 cognouisse
1460 2120 123 52 vel
1530 2120 245 52 antecedens
1723 2120 105 52 ad
1776 2120 140 52 hoc.
1864 2120 158 52 Fodem
1951 2120 88 52 mo-

1269 2171 96 49 do
1317 2171 96 49 in
1365 2171 193 49 canonico
1510 2171 96 49 vt
1558 2171 193 49 consulat
1702 2171 209 49 episcopo:
1863 2171 80 49 &
1895 2171 144 49 magis
1975 2171 64 49 in

1264 2217 178 48 decano
1389 2217 89 48 &
1425 2217 303 48 archidiacono.
1674 2217 160 48 Parua
1781 2217 143 48 vero
1852 2217 196 48 prudentia

1269 2257 146 46 circa
1366 2257 178 46 externa
1496 2257 81 46 /
1528 2257 195 46 loquendo
1674 2257 113 46 cum
1739 2257 195 46 mundanis
1869 2257 178 46 sufficit.

1271 2298 102 53 Ex
1322 2298 170 53 quibus
1441 2298 153 53 patet
1542 2298 187 53 solutio
1678 2298 153 53 primi
1780 2298 237 53 argumenti:
1949 2298 102 53 quia

1264 2345 233 53 prudentiam
1448 2345 200 53 exterram
1598 2345 217 53 comparare
1765 2345 217 53 scientiae
1931 2345 100 53 no
1965 2345 83 53 est

1268 2393 81 56 ad
1308 2393 202 56 propositum.
1470 2393 162 56 Vlterius
1591 2393 108 56 dico
1659 2393 108 56 quod
1726 2393 108 56 ista
1794 2393 175 56 prudentia
1915 2393 135 56 incolli-

1271 2442 170 44 gendis
1390 2442 203 44 pecuniis
1542 2442 119 44 vel
1610 2442 220 44 inhoneste
1780 2442 203 44 augendis
1915 2442 136 44 prouen

1264 2486 121 51 tibus
1344 2486 175 51 ecclesiae
1479 2486 67 51 /
1506 2486 94 51 non
1559 2486 94 51 est
1613 2486 108 51 vera
1680 2486 188 51 prudentia:
1828 2486 94 51 nec
1882 2486 108 51 vllo
1936 2486 94 51 pacte

1258 2528 101 50 ad
1309 2528 235 50 prudentiam
1493 2528 302 50 ecclesiasticam
1745 2528 201 50 spectat.
1879 2528 168 50 Variorum

1262 2578 129 43 autem
1348 2578 143 43 actuum
1448 2578 243 43 appetitiuorum
1648 2578 143 43 variae
1748 2578 115 43 sunt
1820 2578 215 43 prudentiae:
1977 2578 72 43 nec

1272 2613 112 52 vna
1336 2613 112 52 est
1400 2613 176 52 omnium:
1529 2613 96 52 vt
1577 2613 96 52 in
1625 2613 160 52 tertio
1737 2613 176 52 amplius
1866 2613 193 52 dicimus.
1994 2613 64 52 Ve

1264 2660 84 50 ra
1306 2660 183 50 prudentia
1447 2660 239 50 ecclesiastica
1643 2660 98 50 est
1700 2660 169 50 iudicare
1826 2660 126 50 nihil
1910 2660 112 50 esse
1967 2660 84 50 col-

1267 2699 178 53 ligendum
1400 2699 118 53 nisi
1475 2699 104 53 sit
1534 2699 193 53 honestum:
1682 2699 74 53 &
1711 2699 118 53 post
1785 2699 148 53 victum
1889 2699 74 53 &
1904 2699 148 53 vestitum

1264 2750 180 59 reliquam
1399 2750 150 59 partem
1504 2750 90 59 in
1549 2750 120 59 vsus
1624 2750 120 59 pios
1700 2750 195 59 conferre:
1850 2750 90 59 vt
1895 2750 150 59 postea
1985 2750 60 59 di
