2325 3325
266 372 145 58 Titus
363 372 161 58 Liuius
476 372 194 58 scribit:
621 372 161 58 quanto
734 372 145 58 magis
830 372 194 58 fugiebat
959 372 81 58 ho-

268 436 146 42 norem,
371 436 132 42 tanto
458 436 132 42 magis
546 436 205 42 sequebatur
707 436 102 42 eum
765 436 146 42 honos.
868 436 102 42 Sic
926 436 117 42 erat
985 436 58 42 de

261 471 132 52 istis
349 471 175 52 heroicis
481 471 132 52 viris
568 471 132 52 caelo
656 471 161 52 dignis,
773 471 88 52 se
817 471 161 52 minores
919 471 132 52 iudicam

269 518 125 47 tibus
352 518 111 47 quam
422 518 139 47 erant.
519 518 97 47 Nec
574 518 125 47 putes
658 518 83 47 tu
699 518 180 47 inerudite
838 518 166 47 iudicium
949 518 97 47 erro-

270 568 121 50 neum
346 568 121 50 esse
421 568 136 50 malum
512 568 167 50 culpae:
634 568 106 50 vel
694 568 91 50 ad
740 568 136 50 illud
831 568 182 50 coagere:
952 568 91 50 immo

273 610 152 45 crebro
379 610 91 45 ad
424 610 136 45 bonum
515 610 212 45 coadiuuat.
682 610 167 45 aliquod
803 610 136 45 tamen
894 610 106 45 est
940 610 106 45 malum

260 651 95 50 sed
315 651 95 50 non
369 651 123 50 propo
451 651 109 50 sito
519 651 150 50 nostro.
628 651 136 50 Parati
724 651 123 50 tamen
805 651 123 50 erant
887 651 82 50 hi
914 651 123 50 heroici

272 696 126 49 viri
351 696 158 49 parere
462 696 174 49 dummodo
588 696 221 49 vocarentur
762 696 111 49 cum
825 696 158 49 Aaron:
935 696 79 49 &
967 696 111 49 ho-

265 738 112 50 nore
335 738 168 50 accipere
461 738 84 50 vt
503 738 140 50 populo
601 738 98 50 dei
657 738 224 50 proficerent.
838 738 126 50 iuxta
922 738 84 50 id
950 738 84 50 quod

261 783 116 50 xix.
334 783 87 50 de
378 783 131 50 ciui.
465 783 102 50 dei
523 783 131 50 dicit
610 783 131 50 diuus
697 783 174 50 Augusti.
828 783 131 50 Ocium
900 783 131 50 sanctum

264 826 164 61 quaerit
383 826 194 61 charitas:
532 826 194 61 veritatis
681 826 164 61 negociu
801 826 149 61 iustum
890 826 149 61 suscipit

257 876 250 55 necessitas,
457 876 250 55 quemadmodum
657 876 216 55 Hieremias
824 876 200 55 purgatus
957 876 83 55 per

264 920 177 49 calculum
397 920 147 49 dixit.
500 920 118 49 Ecce
574 920 103 49 ego
632 920 147 49 domine
735 920 133 49 mitte
824 920 103 49 me.
868 920 162 49 Hieremiae

263 961 110 55 ii.
326 961 94 55 Et
373 961 157 55 doctor
482 961 188 55 gentium.
623 961 157 55 Domine
733 961 125 55 quid
811 961 94 55 me
858 961 110 55 vis
905 961 141 55 facere?

277 1007 164 46 Actuum.
396 1007 104 46 ix.
456 1007 104 46 vbi
516 1007 149 46 glossa
620 1007 268 46 interlinearis.
843 1007 149 46 Indica
933 1007 104 46 volun

268 1050 135 50 tatem
358 1050 120 50 tuam
433 1050 75 50 &
463 1050 105 50 ego
522 1050 180 50 obediam.
657 1050 120 50 quia
732 1050 90 50 si
777 1050 150 50 renuat
881 1050 150 50 fratre
971 1050 60 50 de

260 1096 144 50 functo
361 1096 188 50 suscitare
505 1096 144 50 semen,
606 1096 101 50 hoc
664 1096 101 50 est
721 1096 159 50 Christo
837 1096 101 50 qui
895 1096 101 50 pro
938 1096 101 50 nobis

263 1140 215 50 defunctus
429 1140 132 50 est:
511 1140 149 50 domus
610 1140 248 50 discalceati
809 1140 198 50 vocatur.
941 1140 99 50 Deu-

260 1182 143 50 tero.
356 1182 127 50 xxv.
435 1182 111 50 Sic
499 1182 80 50 &
531 1182 159 50 beatus
642 1182 191 50 Martinus
785 1182 191 50 dicebat.
913 1182 127 50 Domine

266 1230 82 62 si
307 1230 96 62 sum
362 1230 137 62 vtilis
458 1230 178 62 ecclesiae
595 1230 110 62 tuae
664 1230 96 62 non
719 1230 137 62 recuso
815 1230 165 62 laborem:
938 1230 96 62 qui
979 1230 55 62 an

258 1276 114 54 tea
323 1276 97 54 ab
371 1276 179 54 Hilario
501 1276 195 54 sacerdos
647 1276 195 54 ordinari
793 1276 179 54 noluit.
923 1276 97 54 Et
956 1276 81 54 Au-

260 1321 193 55 gustinus
405 1321 242 55 episcopatum
598 1321 177 55 rogatus
727 1321 209 55 instanter
872 1321 161 55 accepit:

267 1369 158 44 verbum
378 1369 238 44 episcoporum
568 1369 127 44 vere
647 1369 190 44 implens.
790 1369 158 44 nolens
901 1369 143 44 volo:
980 1369 63 44 me

261 1408 148 52 nolente
368 1408 94 52 cum
422 1408 148 52 iudicor
529 1408 175 52 ecclesiae
664 1408 94 52 dei
718 1408 148 52 vtilis,
825 1408 188 52 prouinciam
960 1408 67 52 ac-

265 1451 174 51 ceptabo:
395 1451 102 51 sed
453 1451 131 51 illud
540 1451 145 51 nolens
642 1451 131 51 volo,
729 1451 116 51 quod
801 1451 102 51 sic
859 1451 174 51 seruatur
975 1451 58 51 ad

259 1495 149 54 literam
368 1495 122 54 sicut
449 1495 135 54 ludaei
544 1495 122 54 vetus
625 1495 203 54 testamentum
788 1495 163 54 seruant:
910 1495 68 54 &
923 1495 122 54 intran-

253 1541 102 48 tes
312 1541 203 48 iuramentum
471 1541 116 48 quod
544 1541 189 48 praestant
689 1541 87 48 de
732 1541 102 48 non
790 1541 174 48 eligendo
906 1541 131 48 rectore

271 1585 91 46 de
316 1585 107 46 quo
377 1585 107 46 est
438 1585 137 46 prius
530 1585 152 46 habita
637 1585 168 46 mentio.
759 1585 91 46 Hi
804 1585 152 46 patres
896 1585 137 46 heroici

259 1628 107 45 non
320 1628 198 45 induerunt
472 1628 137 45 chlam
564 1628 122 45 ydem
640 1628 107 45 cum
701 1628 168 45 loanne.
823 1628 137 45 xxiii
915 1628 107 45 nec
961 1628 76 45 am-

255 1670 160 61 bitiose
372 1670 88 61 se
416 1670 88 61 in
460 1670 204 61 beneficiis
620 1670 233 61 ingesserunt:
810 1670 88 61 vt
853 1670 117 61 nunc
912 1670 131 61 faciunt

268 1720 199 48 ambitiosi
421 1720 107 48 qui
482 1720 199 48 tolluntur
636 1720 92 48 in
681 1720 138 48 altum
773 1720 92 48 vt
819 1720 123 48 casu
881 1720 153 48 grauiore

252 1761 148 46 ruant,
356 1761 89 46 vt
401 1761 89 46 in
445 1761 252 46 Anticlaudiano
653 1761 208 46 scribitur:
816 1761 134 46 verbi
891 1761 148 46 Dauidici

258 1804 216 52 immemores.
427 1804 154 52 Beatus
535 1804 108 52 qui
596 1804 92 52 in
643 1804 185 52 cathedra
781 1804 246 52 pestilentiae
966 1804 77 52 non

259 1852 148 48 sedit.
363 1852 192 48 Plerisque
511 1852 118 48 enim
585 1852 177 48 cathedra
718 1852 148 48 Moysi,
821 1852 74 48 &
851 1852 133 48 Petri
939 1852 104 48 est
984 1852 59 48 ca

255 1891 152 53 thedra
361 1891 258 53 pestilentiae.
573 1891 121 53 vnde
649 1891 136 53 Greg.
740 1891 91 53 in
785 1891 212 53 Pastorali.
937 1891 91 53 Gra-

257 1932 112 53 dus
321 1932 241 53 magistrorum
514 1932 112 53 est
578 1932 257 53 periculosus:
786 1932 160 53 gradus
883 1932 160 53 discipu-

254 1981 130 56 lorum
340 1981 101 56 est
398 1981 173 56 securus.
528 1981 72 56 &
557 1981 116 56 idem
629 1981 145 56 Grego.
730 1981 159 56 xxviii.
846 1981 173 56 moralium
962 1981 72 56 di-

254 2029 94 66 cit
307 2029 107 66 quod
374 2029 174 66 praelatio
508 2029 94 66 per
561 2029 161 66 meliorem
682 2029 201 66 intentionem
843 2029 161 66 fugienda
950 2029 80 66 est.

287 2072 156 54 Secundo
401 2072 170 54 arguitur
528 2072 142 54 contra
627 2072 170 54 secundam
755 2072 227 54 conclusionem
925 2072 99 54 asse-

258 2116 140 52 rendo
352 2116 124 52 quod
429 2116 124 52 homo
507 2116 124 52 sine
584 2116 171 52 peccato
708 2116 155 52 possit
817 2116 155 52 petere
910 2116 124 52 benefi

255 2162 133 49 cium,
344 2162 88 49 de
388 2162 103 49 quo
447 2162 103 49 est
506 2162 147 49 dubium
609 2162 88 49 an
653 2162 147 49 habeat
757 2162 147 49 iustum
860 2162 162 49 titulum
963 2162 59 49 ad

258 2204 146 58 ipsum.
361 2204 73 58 &
390 2204 88 58 si
434 2204 161 58 iniuste
551 2204 132 58 illud
638 2204 146 58 habeat
741 2204 102 58 est
799 2204 117 58 suis
872 2204 161 58 humeris
975 2204 58 58 im

260 2250 102 48 par.
324 2250 76 48 vt
362 2250 115 48 patet
439 2250 76 48 in
477 2250 204 48 litigantibus
643 2250 89 48 pro
694 2250 191 48 beneficiis.
859 2250 166 48 Respondetur

254 2293 99 57 hoc
310 2293 197 57 argumentum
465 2293 99 57 non
521 2293 99 57 est
578 2293 141 57 contra
676 2293 239 57 conclusionem:
873 2293 113 57 quia
929 2293 99 57 nihil

246 2338 163 60 impedit
365 2338 133 60 virum
453 2338 104 60 pro
512 2338 192 60 beneficio
660 2338 118 60 quod
734 2338 163 60 habebit
853 2338 148 60 dubium
941 2338 89 60 exi-

241 2390 97 49 tum
297 2390 180 49 litigare:
435 2390 69 49 &
463 2390 125 49 tamen
546 2390 111 49 illd
616 2390 97 49 non
671 2390 111 49 fore
741 2390 111 49 suis
810 2390 153 49 humeris
907 2390 111 49 impar-

248 2427 111 52 Sed
312 2427 111 52 quo
375 2427 95 52 ad
423 2427 270 52 difficultatem
644 2427 222 52 argumenti,
819 2427 111 52 vel
882 2427 127 52 homo
946 2427 79 52 est

246 2473 146 59 certus
348 2473 233 59 certitudinem
538 2473 146 59 morali
640 2473 117 59 quod
713 2473 131 59 habet
800 2473 102 59 ius
859 2473 87 59 ad
888 2473 131 59 benefi-

250 2523 122 51 cium:
332 2523 95 51 vel
386 2523 95 51 est
440 2523 81 51 ei
480 2523 135 51 dictum
575 2523 68 51 a
602 2523 203 51 prudentibus
764 2523 149 51 neutris
872 2523 108 51 quod
926 2523 95 51 habet

244 2562 101 46 ius
301 2562 202 46 probabile:
460 2562 101 46 vel
517 2562 130 46 solum
604 2562 101 46 ius
661 2562 230 46 sophisticum:
848 2562 72 46 &
877 2562 130 46 multo
949 2562 72 46 mi-

245 2606 109 42 nus
308 2606 202 42 probabile
463 2606 124 42 quam
540 2606 124 42 pars
618 2606 186 42 aduersa.
757 2606 78 42 &
788 2606 155 42 semper
881 2606 140 42 suppono

245 2651 105 58 quod
311 2651 132 58 nullam
403 2651 145 58 aliunde
508 2651 132 58 habeat
600 2651 197 58 prouisionem
758 2651 92 58 vel
797 2651 224 58 insufficientem.

251 2693 86 54 Si
294 2693 158 54 primum:
409 2693 144 54 potest
510 2693 115 54 suum
581 2693 101 54 ius
639 2693 144 54 tueri:
740 2693 101 54 vel
797 2693 129 54 alium
884 2693 101 54 ius
927 2693 86 54 suum

237 2733 282 53 impendientem
467 2733 229 53 remouere.
643 2733 106 53 In
696 2733 194 53 secundo
837 2733 176 53 membro
942 2733 71 53 eo

244 2782 116 68 dem
311 2782 132 68 modo
393 2782 116 68 quo
459 2782 99 68 in
509 2782 182 68 materia
641 2782 215 68 probabili
806 2782 231 68 opinionum.
971 2782 66 68 Si

1109 380 173 62 tertium:
1238 380 144 62 peccat
1339 380 129 62 alium
1425 380 173 62 vexando:
1554 380 72 62 &
1583 380 158 62 tenetur
1698 380 86 62 ad
1727 380 158 62 interesse

1107 442 149 52 damni.
1212 442 90 52 Et
1256 442 90 52 si
1301 442 134 52 dicas
1391 442 149 52 contra
1496 442 105 52 duo
1555 442 134 52 prima
1645 442 164 52 membra.
1764 442 105 52 ii.
1824 442 90 52 ad

1122 479 179 53 Timoth.
1252 479 114 53 ii.
1317 479 146 53 dicit
1414 479 228 53 Apostolus.
1593 479 130 53 Nemo
1675 479 195 53 militans
1805 479 81 53 deo

1098 522 196 50 implicat
1245 522 98 50 se
1294 522 196 50 negociis
1441 522 278 50 saecularibus.
1654 522 229 50 Respondetur.

1108 572 162 53 quando
1221 572 130 53 homo
1302 572 194 53 defendit
1448 572 162 53 causam
1561 572 259 53 probabiliter
1755 572 130 53 iustam

1098 620 104 50 non
1157 620 104 50 est
1217 620 207 50 arguendus:
1380 620 118 50 quia
1454 620 104 50 non
1513 620 178 50 implicat
1646 620 89 50 se
1691 620 178 50 negociis
1809 620 74 50 sae

1101 666 173 54 cularibus
1234 666 147 54 praeter
1341 666 173 54 rationem.
1474 666 120 54 etiam
1554 666 120 54 illic
1634 666 93 54 est
1687 666 120 54 sermo
1767 666 80 54 de
1794 666 93 54 spiri

1105 708 185 49 tualibus
1243 708 138 49 viris
1335 708 154 49 quales
1443 708 123 49 sunt
1520 708 200 49 episcopi,
1674 708 92 49 vt
1720 708 123 49 erat
1782 708 92 49 Timo

1096 751 148 49 theus,
1200 751 104 49 non
1259 751 119 49 enim
1334 751 134 49 decet
1423 751 148 49 seruum
1527 751 163 49 Curisti
1645 751 119 49 esse
1705 751 178 49 litigiosum

1103 794 113 47 nisi
1174 794 128 47 causa
1259 794 142 47 fuerit
1358 794 128 47 iusta
1443 794 71 47 &
1471 794 170 47 honesta:
1599 794 113 47 quia
1670 794 99 47 pro
1726 794 128 47 iusta
1797 794 71 47 cau

1097 836 86 64 sa
1140 836 200 64 potissimum
1297 836 157 64 honorem
1411 836 100 64 dei
1468 836 172 64 tangente
1597 836 172 64 litigare
1726 836 143 64 licet:
1812 836 71 64 vbi

1099 879 108 68 non
1160 879 154 68 potest
1268 879 154 68 haberi
1376 879 108 68 res
1438 879 139 68 iusta
1531 879 123 68 alio
1593 879 123 68 medio.

1131 939 213 89 Contra
1280 939 234 89 tertiam
1451 939 341 89 conclusionem
1707 939 170 89 argui-

1093 1006 118 63 tur.
1167 1006 89 63 i.
1212 1006 89 63 ad
1256 1006 163 63 Timoth.
1374 1006 118 63 iii.
1448 1006 177 63 dicitur.
1581 1006 89 63 Si
1626 1006 118 63 quis
1685 1006 192 63 episcopatum

1105 1052 199 50 desiderat,
1261 1052 128 50 bonum
1347 1052 114 50 opus
1418 1052 199 50 desiderat.
1574 1052 114 50 ergo
1645 1052 156 50 licitum
1759 1052 100 50 est
1802 1052 71 50 vi-

1099 1098 88 51 ro
1143 1098 147 51 petere
1246 1098 235 51 episcopatum.
1437 1098 220 51 Respondetur
1613 1098 235 51 multifariam.
1789 1098 88 51 pri-

1097 1146 111 43 mo.
1160 1146 127 43 illa
1240 1146 222 43 tempestate
1414 1146 95 43 ab
1461 1146 269 43 episcopatibus
1683 1146 143 43 omnes
1762 1146 111 43 refu-

1098 1186 185 56 giebant:
1236 1186 77 56 &
1267 1186 93 56 in
1314 1186 154 56 primis
1422 1186 93 56 ad
1468 1186 201 56 martyrium
1622 1186 231 56 vocabantur.
1792 1186 77 56 Nan

1089 1230 185 52 xxxiiii.
1227 1230 138 52 inter
1319 1230 154 52 Petrum
1427 1230 77 52 &
1458 1230 215 52 Syluestrum
1627 1230 92 52 si
1673 1230 138 52 recte
1750 1230 123 52 memini

1085 1275 171 50 fuerunt
1210 1275 156 50 maximi
1319 1275 234 50 pontifices:
1506 1275 156 50 quorum
1615 1275 156 50 nullus
1724 1275 109 50 non
1771 1275 93 50 mar-

1087 1323 102 43 tyr
1146 1323 161 43 mortuus
1263 1323 117 43 est.
1336 1323 234 43 consimiliter
1526 1323 117 43 erat
1599 1323 88 43 de
1642 1323 131 43 aliis
1715 1323 161 43 episcopis

1098 1375 104 45 qui
1158 1375 134 45 primi
1247 1375 89 45 ad
1291 1375 193 45 martyrium
1440 1375 163 45 tamquam
1559 1375 178 45 columnae
1678 1375 193 45 vocabantur.

1087 1407 133 49 Etiam
1176 1407 103 49 hos
1235 1407 192 49 prouentus
1382 1407 177 49 ecclesia
1515 1407 118 49 tunc
1588 1407 103 49 non
1647 1407 177 49 habebat.
1765 1407 118 49 consi-

1092 1451 125 59 dera
1170 1451 171 59 tempora
1295 1451 78 59 &
1326 1451 234 59 concordabis
1513 1451 234 59 scripturas.
1700 1451 109 59 quo
1762 1451 109 59 non
1809 1451 62 59 ob

1094 1497 128 60 stante
1184 1497 115 60 viros
1260 1497 153 60 scientia
1375 1497 64 60 &
1400 1497 179 60 virtutibus
1541 1497 255 60 praestantissimos
1745 1497 128 60 praefice

1096 1546 85 55 re
1138 1546 198 55 studuerunt
1294 1546 113 55 illi
1365 1546 85 55 ad
1407 1546 113 55 quos
1478 1546 198 55 spectabat.
1633 1546 156 55 Secundo
1747 1546 113 55 stat
1803 1546 71 55 vi-

1087 1583 108 49 rum
1148 1583 154 49 multum
1256 1583 170 49 idoneum
1380 1583 216 49 desiderare
1550 1583 232 49 episcopatum
1735 1583 154 49 mente:
1828 1583 46 49 &

1092 1630 140 52 ipsum
1186 1630 109 52 non
1248 1630 156 52 petere
1357 1630 140 52 voce.
1451 1630 156 52 Tertio
1560 1630 171 52 (bonum)
1684 1630 156 52 potest
1778 1630 93 52 esse

1090 1678 207 42 adiectiuum
1253 1678 162 42 termini
1371 1678 251 42 (episcopatum)
1577 1678 89 42 vt
1622 1678 148 42 sensus
1725 1678 118 42 sit:
1784 1678 74 42 qui

1086 1720 240 44 episcopatum
1278 1720 208 44 desiderat
1438 1720 160 44 bonum:
1551 1720 128 44 opus
1631 1720 224 44 desiderat.
1791 1720 80 44 ita

1098 1763 95 52 vt
1146 1763 221 52 connotatio
1319 1763 205 52 adiectiui
1477 1763 174 52 (bonus)
1604 1763 205 52 denotetur
1746 1763 126 52 cadere

1088 1809 97 54 in
1136 1809 227 54 connotatum
1314 1809 178 54 termini
1444 1809 291 54 (episcopatus).
1671 1809 194 54 rioicoproo

1089 1852 115 55 autem
1166 1852 128 55 graece
1256 1852 64 55 /
1282 1852 128 55 tantum
1371 1852 115 55 valet
1448 1852 141 55 quantum
1551 1852 231 55 superintendens
1744 1852 64 55 /
1769 1852 90 55 vel
1808 1852 51 55 me

1090 1896 131 52 lius,
1178 1896 204 52 obseruator
1338 1896 73 52 /
1367 1896 204 52 speculator
1527 1896 73 52 /
1556 1896 102 52 vel
1615 1896 146 52 custos
1716 1896 160 52 latine.
1818 1896 44 52 &

1086 1937 116 54 tunc
1159 1937 102 54 est
1217 1937 160 54 sensus.
1333 1937 102 54 qui
1391 1937 131 54 bonam
1478 1937 247 54 obseruationem
1681 1937 102 54 seu
1725 1937 145 54 superin-

1081 1986 210 55 tendentiam
1246 1986 195 55 desiderat
1396 1986 75 55 /
1426 1986 120 55 opus
1502 1986 210 55 desiderat.
1667 1986 165 55 Quarto.
1772 1986 90 55 bene

1095 2028 131 51 velle
1183 2028 262 51 superintendere
1401 2028 87 51 vt
1445 2028 116 51 quis
1518 2028 175 51 praesit:
1649 2028 102 51 est
1707 2028 131 51 bonum
1780 2028 87 51 opus

1083 2075 268 52 desiderare.
1333 2075 214 52 Hactenus
1493 2075 107 52 de
1547 2075 214 52 moderata
1707 2075 89 52 &
1725 2075 143 52 immode

1092 2120 127 51 rata
1172 2120 238 51 episcopatus
1362 2120 79 51 &
1394 2120 254 51 beneficiorum
1601 2120 207 51 petitione
1744 2120 127 51 dictum

1094 2164 112 45 est:
1164 2164 70 45 &
1192 2164 112 45 quod
1262 2164 140 45 patrum
1359 2164 168 45 vestigia
1485 2164 195 45 saequentes
1639 2164 126 45 multo
1722 2164 140 45 melius
1806 2164 56 45 fa

1090 2209 134 46 ciunt
1179 2209 104 46 non
1239 2209 178 46 petentes
1372 2209 163 46 honores
1491 2209 104 46 qui
1550 2209 89 46 ad
1595 2209 134 46 ipsos
1669 2209 193 46 anhelantes.

1081 2250 97 49 non
1136 2250 138 49 petere
1233 2250 111 49 enim
1302 2250 97 49 est
1358 2250 166 49 securius
1482 2250 83 49 in
1523 2250 221 49 conscientia.
1703 2250 83 49 vt
1731 2250 124 49 dicebat

1093 2296 114 47 lle.
1164 2296 85 47 Si
1207 2296 100 47 non
1264 2296 157 47 fuissem
1378 2296 85 47 de
1420 2296 142 47 numero
1520 2296 214 47 episcoporum
1691 2296 71 47 /
1720 2296 100 47 non
1762 2296 100 47 fuis-

1074 2340 107 52 sem
1135 2340 92 52 de
1181 2340 153 52 numero
1288 2340 230 52 reproborum.
1472 2340 184 52 Superbus
1610 2340 199 52 instanter
1748 2340 107 52 quae-

1075 2382 114 46 rit:
1146 2382 143 46 dicens
1246 2382 114 46 siue
1317 2382 114 46 vero
1388 2382 114 46 siue
1460 2382 171 46 mendacio
1588 2382 86 46 se
1631 2382 128 46 velle
1702 2382 157 46 prodesse:

1077 2427 117 55 tamen
1155 2427 222 55 aduenientibus
1338 2427 169 55 procellis
1468 2427 78 55 de
1507 2427 130 55 dandis
1598 2427 196 55 beneficiis,
1742 2427 104 55 instai

1083 2474 167 56 arundinis
1211 2474 64 56 a
1237 2474 115 56 recto
1314 2474 141 56 itinere
1417 2474 167 56 agitatur.
1545 2474 154 56 Plerique
1661 2474 115 56 etiam
1725 2474 128 56 antequim

1083 2517 226 51 episcopatus
1264 2517 75 51 &
1294 2517 211 51 dignitates
1460 2517 151 51 adepti
1565 2517 136 51 sunt,
1656 2517 166 51 aliorum
1762 2517 90 51 erro

1081 2563 101 49 res
1138 2563 215 49 plangentes,
1310 2563 187 49 dixerunt:
1454 2563 72 49 &
1483 2563 86 49 vt
1526 2563 115 49 reor
1598 2563 115 49 sine
1669 2563 187 49 mendacio,
1799 2563 57 49 si

1091 2610 121 46 talia
1171 2610 108 46 deus
1239 2610 108 46 sibi
1306 2610 188 46 conferret:
1454 2610 121 46 probe
1535 2610 121 46 omnia
1615 2610 229 46 disposituros:
1790 2610 54 46 mo

1076 2650 83 55 re
1118 2650 125 55 Petri
1201 2650 111 55 ante
1270 2650 180 55 passionem
1409 2650 180 55 dicentis.
1547 2650 83 55 Et
1589 2650 83 55 si
1630 2650 125 55 omnes
1700 2650 152 55 scandali-

1082 2692 112 56 zati
1152 2692 154 56 fuerint
1264 2692 84 56 in
1306 2692 98 56 te:
1362 2692 98 56 ego
1418 2692 154 56 nunquam
1531 2692 252 56 scandalizabor.
1741 2692 70 56 &
1755 2692 98 56 tamen

1085 2737 86 51 ad
1128 2737 129 51 vnius
1214 2737 173 51 ancillae
1344 2737 129 51 vocem
1430 2737 187 51 magistrum
1574 2737 115 51 quem
1646 2737 115 51 deum
1703 2737 144 51 sciebati

1080 2782 203 53 manifeste
1236 2782 187 53 negauit.
1377 2782 109 53 sic
1439 2782 109 53 est
1501 2782 94 53 de
1548 2782 156 53 multis
1641 2782 203 53 episcopatus
