2332 3318
260 291 127 73 quia
340 291 143 73 adhuc
435 291 143 73 omnes
531 291 143 73 erant
626 291 96 73 in
674 291 143 73 vita:
769 291 80 73 &
801 291 111 73 per
849 291 191 73 consequens

260 351 155 49 nullus
369 351 248 49 corporaliter
571 351 171 49 periit.
695 351 93 49 Et
742 351 93 49 ex
789 351 124 49 illo
851 351 186 49 documentum

251 393 144 52 bonum
347 393 144 52 nobis
443 393 192 52 contulit
587 393 128 52 deus
666 393 96 52 vt
714 393 96 52 in
762 393 208 52 beneficii
922 393 112 52 vel
970 393 64 52 ho

257 434 146 52 noris
354 434 228 52 collatione
533 434 98 52 ad
582 434 228 52 praesentia
761 434 179 52 obtutum
874 434 163 52 habeamus

262 481 75 51 &
292 481 105 51 non
352 481 90 51 ad
397 481 164 51 mystica
516 481 164 51 futura.
636 481 164 51 sciebat
755 481 134 51 tamen
845 481 179 51 Christus
964 481 75 51 tam

264 530 160 46 scientia
384 530 133 46 creata
477 530 107 46 quam
544 530 160 46 increata
664 530 107 46 quod
730 530 80 46 se
770 530 120 46 ludas
850 530 120 46 esset
917 530 120 46 traditu

264 570 119 50 rus:
339 570 75 50 &
369 570 104 50 per
428 570 209 50 consequens
592 570 90 50 ad
637 570 179 50 officium
771 570 90 50 ad
816 570 119 50 quod
876 570 164 50 praeuisus

259 617 145 50 erat
349 617 181 50 maxime
476 617 217 50 idoneus.
639 617 181 50 nullum
766 617 145 50 enim
856 617 163 50 eorum
947 617 90 50 com

252 662 138 57 pulit
344 662 107 57 seu
405 662 245 57 necessitauit
604 662 123 57 bene
681 662 153 57 agere:
788 662 107 57 nec
834 662 199 57 confirmauit

255 713 106 42 eos
315 713 121 42 ante
391 713 166 42 mortem:
512 713 106 42 sed
572 713 181 42 reliquit
708 713 106 42 eos
768 713 91 42 in
814 713 106 42 sua
859 713 166 42 libertate

256 745 152 71 poterat
366 745 138 71 namque
463 745 165 71 Christus
587 745 138 71 aliter
683 745 110 71 pati
752 745 110 71 quam
821 745 110 71 luda
890 745 83 71 se
918 745 110 71 traden

263 788 84 58 te
305 788 84 58 si
333 788 167 58 voluisset.

253 862 107 76 ⁋
295 862 214 76 Quarto
445 862 279 76 arguitur.
660 862 193 76 licet
788 862 236 76 sortiri
938 862 86 76 de

259 915 184 65 beneficio
401 915 199 65 pertiendo:
557 915 71 65 &
585 915 128 65 tamen
670 915 114 65 sors
741 915 170 65 interdum
869 915 128 65 cadit
940 915 85 65 supe

245 965 141 50 minus
339 965 188 50 idoneum.
480 965 125 50 ergo
558 965 203 50 conclusio
715 965 157 50 falsa.
809 965 219 50 consequentia

257 1014 143 47 tenet
352 1014 111 47 cum
416 1014 174 47 minore:
542 1014 79 47 &
574 1014 143 47 maior
669 1014 222 47 ostenditur
827 1014 206 47 auctoritate

258 1056 229 58 Apostolorum
441 1056 183 58 Matthiam
578 1056 137 58 sorte
670 1056 229 58 eligentium.
853 1056 107 58 nam
899 1056 137 58 dicitur

251 1102 173 57 Actuum.
377 1102 95 57 i.
425 1102 173 57 Cecidit
551 1102 126 57 sors
630 1102 142 57 super
724 1102 205 57 Matthiam,
882 1102 79 57 &
898 1102 126 57 annumi

251 1143 146 50 ratus
348 1143 114 50 est
413 1143 114 50 cum
478 1143 179 50 vndecim
608 1143 228 50 apostolis.
787 1143 81 50 ⁋
803 1143 228 50 Respondetur.

268 1189 201 49 Apostoli
419 1189 184 49 exemplo
552 1189 217 49 docuerunt
719 1189 267 49 conclusionem
937 1189 134 49 quam

260 1237 191 52 posuimus
403 1237 207 52 tenendam:
562 1237 111 52 cum
626 1237 127 52 duos
705 1237 143 52 viros
801 1237 95 52 in
848 1237 127 52 fide
912 1237 127 52 instru

262 1288 209 49 ctissimos,
427 1288 105 49 qui
486 1288 165 49 Curisti
606 1288 194 49 miraculis
756 1288 254 49 interfuerant:
950 1288 90 49 pro-

265 1320 187 56 posuerunt
408 1320 86 56 in
451 1320 158 56 medium:
566 1320 115 56 quia
638 1320 86 56 vt
681 1320 129 56 illic
767 1320 201 56 scribitur:
910 1320 115 56 Petrus

264 1365 193 46 dicebat.
408 1365 176 46 Oportet
537 1365 128 46 ergo
617 1365 96 46 ex
665 1365 112 46 his
729 1365 144 46 viris
825 1365 112 46 qui
874 1365 160 46 nobiscum

245 1410 133 51 sunt
329 1410 233 51 congregati
511 1410 100 51 in
561 1410 133 51 omni
645 1410 183 51 tempore
778 1410 116 51 quo
844 1410 200 51 intrauit
977 1410 50 51 &

263 1452 138 49 exiuit
360 1452 124 49 inter
443 1452 97 49 nos
498 1452 152 49 dominus
608 1452 138 49 lesus,
705 1452 179 49 incipiens
843 1452 69 49 a
856 1452 166 49 baptismati

260 1498 172 53 Ioannis
385 1498 140 53 vsque
479 1498 94 53 in
526 1498 125 53 diem
604 1498 109 53 qua
666 1498 203 53 assumptus
822 1498 109 53 est
885 1498 78 53 a
900 1498 125 53 nobis:

259 1546 136 48 testem
355 1546 245 48 resurrectionis
559 1546 109 48 eius
627 1546 163 48 nobiscum
749 1546 122 48 fieri
831 1546 109 48 vnum
899 1546 82 48 ex
926 1546 95 48 istis

265 1581 244 67 Constituerunt
465 1581 143 67 itaque
566 1581 129 67 duos,
652 1581 72 67 o
680 1581 115 67 visu
752 1581 72 67 &
780 1581 215 67 experientia
938 1581 86 67 noue

247 1630 116 57 rant
319 1630 246 57 conversatione
521 1630 72 57 &
550 1630 130 57 opera
637 1630 174 57 Christi:
768 1630 116 57 quia
840 1630 130 57 nihil
912 1630 116 57 opera-

258 1675 148 48 batur
356 1675 115 48 quo
422 1675 99 48 ad
471 1675 280 48 diuulgationem
702 1675 148 48 fidei
801 1675 132 48 ante
866 1675 165 48 baptisma

255 1720 174 57 Ioannis.
386 1720 87 57 Et
430 1720 116 57 deum
502 1720 189 57 supplices
648 1720 174 57 rogabant
778 1720 87 57 vt
822 1720 116 57 sibi
880 1720 145 57 ostende-

258 1762 106 48 ret
318 1762 136 48 magis
409 1762 182 48 idoneum.
546 1762 76 48 &
576 1762 152 48 postea
682 1762 227 48 mittentibus
864 1762 106 48 eis
910 1762 121 48 sortes

253 1809 128 57 super
338 1809 128 57 illos
424 1809 128 57 duos,
509 1809 114 57 sors
580 1809 157 57 cecidit
694 1809 128 57 super
780 1809 185 57 Matthiam.
922 1809 100 57 Nec
965 1809 57 57 po

245 1851 177 45 suerunt
374 1851 97 45 in
422 1851 161 45 medium
535 1851 177 45 idoneum
664 1851 81 45 &
696 1851 226 45 inidoneum:
874 1851 113 45 sed
922 1851 97 45 duos

258 1896 164 44 maxime
373 1896 197 44 idoneos.
521 1896 230 44 iudicabant
701 1896 131 44 enim
783 1896 197 44 Apostoli
931 1896 82 44 &
948 1896 82 44 be-

260 1938 93 52 ne,
313 1938 107 52 sibi
380 1938 214 52 necessarium,
553 1938 147 52 alterum
660 1938 147 52 illorum
767 1938 160 52 eligere:
887 1938 107 52 quia
954 1938 80 52 vt
981 1938 53 52 ex

257 1983 126 59 serie
341 1983 153 59 literae
452 1983 167 59 constat:
578 1983 126 59 erant
661 1983 126 59 inter
745 1983 126 59 omnes
829 1983 139 59 maxime
912 1983 112 59 idonei

252 2029 201 45 Similiter
406 2029 108 45 vbi
468 2029 170 45 aliquid
592 2029 108 45 est
654 2029 217 45 faciendum,
824 2029 77 45 &
855 2029 108 45 via
901 2029 124 45 humana

256 2075 101 57 non
313 2075 129 57 patet
399 2075 158 57 exitus:
514 2075 158 57 licitum
629 2075 101 57 est
687 2075 129 57 sorte
773 2075 158 57 diuinum
874 2075 158 57 implorare

247 2114 189 53 auxilium.
393 2114 87 53 Et
437 2114 117 53 dico
510 2114 102 53 hoc
568 2114 117 53 esse
641 2114 160 53 licitum
757 2114 131 53 adhuc
845 2114 87 53 in
888 2114 146 53 simili
976 2114 58 53 ca

253 2163 87 59 su
296 2163 87 59 de
339 2163 130 59 sorte
426 2163 232 59 consultoria.
614 2163 188 59 Similiter
759 2163 116 59 sors
831 2163 188 59 diuisoria
962 2163 72 59 est

258 2204 135 62 licita
352 2204 121 62 facta
433 2204 94 62 via
487 2204 135 62 humana
581 2204 202 62 partitioni:
743 2204 108 62 quae
811 2204 121 62 fieri
892 2204 135 62 potest
973 2204 40 62 i

254 2249 182 65 nutrienda
394 2249 126 65 pace:
477 2249 168 65 mittendo
603 2249 140 65 sortem
701 2249 98 65 vel
757 2249 98 65 per
813 2249 168 65 stramina
924 2249 98 65 longa

265 2296 68 60 &
293 2296 149 60 breuia.
401 2296 81 60 vt
442 2296 122 60 verbi
523 2296 136 60 causa,
619 2296 177 60 agricolae
754 2296 81 60 in
795 2296 190 60 paertiendo
931 2296 95 60 foeno

249 2337 104 63 per
309 2337 148 63 partes
412 2337 163 63 iudicio
531 2337 104 63 suo
591 2337 163 63 aequas,
709 2337 134 63 ponut
798 2337 148 63 sortes
887 2337 134 63 signifi

256 2382 152 52 catiuas
366 2382 152 52 partium
477 2382 207 52 habendarum:
642 2382 69 52 &
670 2382 96 52 ita
725 2382 83 52 in
766 2382 165 52 lignorum
890 2382 69 52 &
904 2382 124 52 aliarum

260 2427 127 59 rerum
344 2427 197 59 diuisione.
499 2427 169 59 alioquin
625 2427 183 59 contingit
766 2427 155 59 alterum
878 2427 141 59 putare
963 2427 56 59 se

258 2471 133 47 falli
347 2471 74 47 &
376 2471 163 47 dolere.
495 2471 118 47 Sors
569 2471 133 47 autem
657 2471 222 47 diuinatoria
835 2471 89 47 de
879 2471 103 47 qua
924 2471 103 47 alias

260 2512 209 62 loquemur,
421 2512 112 62 est
485 2512 177 62 vetita.
613 2512 96 62 Ex
662 2512 112 62 his
726 2512 177 62 omnibus
854 2512 80 62 &
870 2512 145 62 potissi

254 2562 100 52 mu
304 2562 267 52 argumentorum
521 2562 267 52 solutionibus
738 2562 134 52 quas
822 2562 150 52 forte
905 2562 117 52 paulo

254 2605 224 62 prolixius
426 2605 241 62 deduximus,
615 2605 189 62 habetur
753 2605 224 62 conclusio
908 2605 120 62 vera.

254 2647 95 70 Et
302 2647 95 70 ne
349 2647 190 70 quaestio
492 2647 159 70 nimium
603 2647 222 70 turgescat:
777 2647 159 70 eandem
872 2647 159 70 materiam

255 2692 168 72 adhuc
349 2692 242 72 prosequendo

1089 298 118 98 ⁋
1137 298 401 98 Distinctionis
1467 298 306 98 Vigesimae
1679 298 212 98 quartae

1275 364 315 95 Quaestio
1485 364 184 95 Nona.

1412 459 175 91 Ono
1512 459 150 91 in
1587 459 175 91 hac
1662 459 225 91 distin-

1422 532 169 63 ctione
1541 532 85 63 &
1574 532 152 63 sexto
1676 532 152 63 circa
1761 532 118 63 mate-

1423 589 116 51 tiam
1495 589 231 51 beneficiorum
1683 589 188 51 quaeritur
1813 589 58 51 ea

1425 621 110 65 dem
1488 621 188 65 quaestio
1629 621 125 65 quam
1707 621 125 65 modo
1770 621 110 65 vtcum

1423 667 133 60 quod
1507 667 283 60 terminauimus:
1739 667 100 60 An
1773 667 116 60 vide-

1434 710 134 60 licet
1524 710 179 60 collator
1658 710 194 60 beneficii
1792 710 90 60 pec-

1409 758 129 58 lcet
1490 758 226 58 beneficium
1667 758 129 58 bono
1748 758 161 58 dando-

1095 803 176 55 relicto
1223 803 193 55 meliore.
1368 803 241 55 Respondetur
1560 803 257 55 affirmatiue.
1769 803 96 55 ad
1801 803 80 55 hoc

1106 847 207 56 probationes
1272 847 83 56 in
1313 847 193 56 quaestione
1465 847 207 56 praecedente
1631 847 124 56 datae
1714 847 124 56 sunt.
1797 847 69 56 &
1811 847 55 56 ge

1098 888 110 51 sta
1161 888 173 51 Curisti
1287 888 141 51 circa
1381 888 204 51 apostolos
1538 888 220 51 eligendos:
1711 888 79 51 &
1727 888 141 51 vndecim

1093 939 228 42 apostolorum
1275 939 121 42 post
1351 939 152 42 mortem
1457 939 137 42 ludae
1548 939 106 42 hoc
1609 939 121 42 idem
1670 939 197 42 confirmant.

1092 978 99 59 Et
1141 978 198 59 probatur
1289 978 148 59 adhuc
1388 978 198 59 ratione:
1537 978 214 59 quaerendo
1702 978 148 59 quare
1784 978 99 59 col-

1099 1019 137 62 lator
1190 1019 106 62 det
1251 1019 213 62 beneficium
1418 1019 122 62 bono
1494 1019 167 62 meliore
1616 1019 182 62 relicto.
1752 1019 91 62 si
1783 1019 91 62 enim

1087 1066 167 56 ratione
1208 1066 212 56 sanguinis:
1375 1066 106 56 vel
1435 1066 121 56 quia
1511 1066 243 56 conterraneus
1708 1066 76 56 /
1739 1066 106 56 vel
1784 1066 91 56 bene

1098 1106 164 63 factor,
1217 1106 104 63 vel
1277 1106 164 63 ratione
1396 1106 179 63 alicuius
1530 1106 89 63 ad
1575 1106 179 63 animarum
1709 1106 134 63 curam
1798 1106 104 63 non

1097 1153 213 57 pertinentis:
1270 1153 93 57 iam
1323 1153 93 57 est
1377 1153 160 57 acceptor
1497 1153 200 57 personarum.
1657 1153 80 57 si
1697 1153 107 57 vero
1750 1153 120 57 ratione

1098 1205 252 45 idoneitatis:
1303 1205 126 45 ergo
1382 1205 95 45 in
1429 1205 110 45 quo
1493 1205 110 45 est
1556 1205 142 45 maior
1650 1205 221 45 idoneitas,
1808 1205 63 45 is

1095 1243 101 58 est
1152 1243 244 58 praeferendus.
1353 1243 129 58 sicut
1440 1243 86 58 si
1483 1243 144 58 alicui
1583 1243 201 58 conferenda
1742 1243 101 58 sit
1785 1243 86 58 hae-

1093 1288 165 48 reditas
1213 1288 120 48 quia
1288 1288 209 48 propinquus
1452 1288 105 48 est
1512 1288 90 48 in
1557 1288 194 48 sanguine,
1706 1288 90 48 in
1751 1288 105 48 quo
1796 1288 75 48 est

1096 1337 135 44 maior
1186 1337 240 44 propinquitas
1381 1337 210 44 sanguinis,
1547 1337 120 44 illi
1622 1337 105 44 est
1682 1337 135 44 danda
1757 1337 120 44 haere-

1096 1374 147 60 ditas.
1199 1374 176 60 Vlterius
1331 1374 103 60 hoc
1390 1374 176 60 probatur
1522 1374 88 60 ex
1566 1374 132 60 forma
1654 1374 176 60 eligendi
1771 1374 103 60 prae-

1105 1420 123 52 lati
1182 1420 123 52 data
1259 1420 93 52 in
1305 1420 185 52 concilio
1444 1420 262 52 Constantiensi
1660 1420 77 52 &
1675 1420 201 52 Basiliensi:

1095 1465 127 55 quae
1175 1465 207 55 recitatur
1334 1465 111 55 in.
1397 1465 223 55 Pragmatica
1572 1465 207 55 Sanctione
1715 1465 159 55 Gallica.

1096 1509 103 45 vbi
1155 1509 103 45 sic
1214 1509 177 45 habetur.
1347 1509 103 45 Ego
1406 1509 147 45 talis,
1509 1509 118 45 puta
1582 1509 162 45 loannes
1700 1509 103 45 vel
1744 1509 118 45 Petrus

1093 1553 122 49 iuro
1169 1553 76 49 &
1199 1553 183 49 promitto
1336 1553 228 49 omnipotenti
1519 1553 122 49 deo,
1595 1553 76 49 &
1625 1553 122 49 tali
1702 1553 152 49 sancto
1793 1553 76 49 vel

1095 1593 159 62 sanctae
1210 1593 101 62 sub
1268 1593 130 62 cuius
1355 1593 145 62 nomine
1457 1593 174 62 dedicata
1587 1593 101 62 est
1645 1593 116 62 haec
1703 1593 159 62 ecclesia:

1097 1641 155 58 eligere
1210 1641 113 58 quem
1280 1641 141 58 credam
1378 1641 155 58 futurum
1491 1641 183 58 ecclesiae
1632 1641 84 58 in
1660 1641 211 58 spiritualibus

1087 1679 70 61 &
1115 1679 225 61 temporalibus
1298 1679 197 61 vtiliorem:
1452 1679 98 61 nec
1508 1679 112 61 illi
1578 1679 126 61 vocem
1662 1679 112 61 dare
1733 1679 112 61 quem
1789 1679 84 61 veri

1090 1725 199 64 similiter
1243 1725 169 64 sciuero
1365 1725 230 64 promissione
1549 1725 107 64 aut
1611 1725 169 64 datione
1718 1725 153 64 alicuius

1087 1773 96 60 rei
1142 1773 191 60 temporalis
1292 1773 96 60 seu
1347 1773 123 60 prece
1429 1773 96 60 per
1484 1773 82 60 se
1525 1773 96 60 aut
1579 1773 96 60 per
1634 1773 123 60 alium
1702 1773 178 60 interposita

1097 1822 100 53 aut
1154 1822 128 53 alias
1239 1822 257 53 qualitercumque
1453 1822 157 53 directe
1567 1822 100 53 vel
1625 1822 185 53 indirecte
1767 1822 100 53 pro
1810 1822 57 53 se

1096 1862 214 54 electionem
1264 1862 214 54 procurare.
1431 1862 137 54 Vides
1523 1862 122 54 quod
1599 1862 107 54 non
1660 1862 137 54 iurat
1737 1862 137 54 eligere

1103 1912 166 56 vtilem
1219 1912 116 56 sed
1286 1912 232 56 vtiliorem:
1468 1912 116 56 vbi
1534 1912 265 56 comparatiuus
1749 1912 116 56 pro
1799 1912 66 56 su

1094 1950 210 62 perlatiuo
1239 1950 162 62 capitur.

1092 2003 108 89 ⁋
1136 2003 217 89 Contra
1287 2003 173 89 quam
1396 2003 347 89 conclusionem
1655 2003 217 89 arguitur

1098 2077 149 52 primo.
1202 2077 89 52 ex
1247 2077 89 52 ea
1291 2077 178 52 sequitur
1425 2077 119 52 quod
1499 2077 149 52 habens
1603 2077 134 52 iuste
1693 2077 163 52 titulum
1797 2077 74 52 ali

1097 2126 128 59 cuius
1182 2126 184 59 beneficii
1324 2126 71 59 /
1352 2126 156 59 propter
1465 2126 255 59 superuenientem
1678 2126 128 59 magis
1749 2126 128 59 idoneum

1087 2167 182 49 teneatur
1223 2167 152 49 cedere
1330 2167 76 49 &
1360 2167 197 49 resignare
1512 2167 121 49 suum
1588 2167 228 49 beneficium.
1755 2167 106 49 conse

1096 2210 132 48 quens
1184 2210 103 48 est
1243 2210 205 48 inauditum.
1404 2210 103 48 Nam
1463 2210 103 48 hac
1521 2210 103 48 via
1580 2210 103 48 num
1638 2210 117 48 quam
1712 2210 132 48 esset
1785 2210 73 48 sta

1094 2257 225 57 bilimentum
1271 2257 96 57 in
1319 2257 225 57 beneficiis
1496 2257 96 57 ob
1544 2257 161 57 dubium
1656 2257 193 57 melioris
1785 2257 80 57 su-

1098 2300 224 48 peruenientis.
1282 2300 211 48 consequentia
1454 2300 132 48 patet:
1546 2300 105 48 quia
1612 2300 145 48 videtur
1717 2300 105 48 quod
1770 2300 92 48 sicut

1088 2347 144 56 peccat
1188 2347 173 56 collator
1318 2347 86 56 in
1361 2347 115 56 illo
1433 2347 130 56 casu:
1519 2347 101 56 sic
1577 2347 144 56 peccet
1678 2347 202 56 accipiens.
1822 2347 43 56 &

1083 2392 96 52 si
1131 2392 159 52 peccat
1242 2392 239 52 accipiendo,
1433 2392 191 52 peccabit
1577 2392 223 52 detinendo:
1752 2392 111 52 cum
1799 2392 64 52 se

1089 2429 141 47 cudum
1183 2429 251 47 conclusionem
1387 2429 126 47 idem
1466 2429 110 47 sit
1529 2429 188 47 iudicium
1670 2429 94 47 de
1717 2429 94 47 in
1764 2429 126 47 ido-

1093 2473 104 57 neo
1152 2473 89 57 in
1197 2473 193 57 respectu,
1345 2473 74 57 &
1375 2473 178 57 inidoneo
1508 2473 237 57 simpliciter.
1701 2473 104 57 sed
1760 2473 133 57 inido

1100 2521 111 47 neus
1170 2521 209 47 simpliciter
1337 2521 153 47 tenetur
1448 2521 195 47 restituere
1601 2521 209 47 beneficium:
1768 2521 70 47 &
1782 2521 70 47 hoc

1099 2560 96 52 vbi
1154 2560 82 52 ei
1195 2560 150 52 constat
1304 2560 96 52 vel
1359 2560 164 52 constare
1482 2560 123 52 debet
1564 2560 109 52 quod
1633 2560 96 52 non
1687 2560 137 52 potest
1769 2560 96 52 satis

1078 2604 167 51 facere
1195 2604 183 51 officio
1328 2604 216 51 assumpto:
1495 2604 183 51 exemplo
1628 2604 183 51 Dauidis
1744 2604 117 51 abii-

1094 2650 181 47 cientis
1225 2650 131 47 arma
1307 2650 181 47 Saulis:
1438 2650 131 47 quae
1520 2650 181 47 propter
1635 2650 230 47 magnitudinem

1078 2697 83 71 &
1112 2697 233 71 grauitatem
1295 2697 150 71 ferre
1394 2697 216 71 nequibat.
1561 2697 150 71 primi
1661 2697 166 71 Regum.
1761 2697 116 71 xvii.
