2292 3356
413 315 87 69 â‹
447 315 261 69 Respondetur
656 315 192 69 negando
796 315 313 69 consequentiam.
1057 315 122 69 nam
1109 315 87 69 cum

424 374 93 50 it
470 374 185 50 idoneus,
609 374 77 50 &
640 374 108 50 hoc
701 374 93 50 ei
748 374 185 50 constet,
886 374 185 50 remittit
1025 374 139 50 casum
1102 374 93 50 ele-

421 422 183 49 ctoribus,
562 422 183 49 accipiens
702 422 211 49 beneficium:
871 422 70 49 &
899 422 99 49 non
956 422 141 49 peccat
1040 422 155 49 accipien-

412 466 104 51 do,
471 466 104 51 nec
531 466 208 51 detinendo.
694 466 133 51 minus
783 466 119 51 enim
857 466 104 51 est
916 466 178 51 accipere
1050 466 119 51 quam
1109 466 89 51 pete

423 510 95 45 re
471 510 110 45 vel
534 510 142 45 dare.
628 510 79 45 &
660 510 142 45 nullo
754 510 126 45 modo
833 510 110 45 est
896 510 158 45 simile
1007 510 95 45 de
1038 510 158 45 inidoneo

426 551 211 54 simpliciter:
597 551 105 54 quia
663 551 158 54 sufficit
782 551 105 54 isti
847 551 92 54 sua
900 551 184 54 idoneitas,
1045 551 66 54 &
1071 551 105 54 quod
1124 551 66 54 vo-

426 592 135 56 cetur
516 592 105 56 cum
576 592 150 56 Aaron:
681 592 180 56 alioquin
816 592 180 56 multorum
950 592 240 56 conscientias
1130 592 60 56 in

426 642 230 55 considerate
610 642 246 55 perturbabis.
809 642 92 55 Ex
855 642 107 55 quo
917 642 138 55 patet
1009 642 123 55 quod
1070 642 123 55 Cicero

418 679 233 63 conferendo
601 679 149 63 Sorti
701 679 233 63 beneficium
883 679 166 63 peccat
1000 679 166 63 dando:
1116 679 116 63 sed

426 724 140 61 Sortes
524 724 98 61 non
580 724 140 61 peccat
679 724 211 61 accipiendo.
847 724 126 61 neque
931 724 98 61 hoc
987 724 98 61 est
1044 724 182 61 mirandum:

419 770 110 54 cum
482 770 157 54 simile
592 770 110 54 sit
655 770 94 54 de
702 770 173 54 prodigo
827 770 141 54 dante
922 770 188 54 pecuniam
1063 770 141 54 Sorti
1141 770 63 54 cu

428 820 97 53 ns
476 820 113 53 est
541 820 194 53 dominus:
686 820 129 53 quam
767 820 226 53 accipiendo
944 820 161 53 Sortes
1057 820 113 53 non
1105 820 97 53 pec-

428 862 121 48 tat,
503 862 136 48 licet
594 862 181 48 peccaret
730 862 181 48 petendo,
866 862 76 48 &
897 862 136 48 alter
987 862 136 48 dando
1063 862 136 48 peccet.

428 908 113 50 Sed
493 908 162 50 contra
606 908 113 50 hoc
671 908 243 50 argumentor.
865 908 162 50 Cicero
978 908 194 50 collator
1108 908 97 50 iniu

424 948 94 53 ste
477 948 148 53 confert
585 948 189 53 beneficium
734 948 81 53 a.
774 948 108 53 ergo
841 948 81 53 a.
882 948 189 53 beneficium
1030 948 148 53 iniuste
1125 948 67 53 con

412 993 159 55 fertur.
527 993 87 55 ab
571 993 145 55 actiua
672 993 87 55 ad
716 993 188 55 passiuam.
861 993 101 55 Hoc
919 993 101 55 est
977 993 145 55 verum,
1078 993 116 55 quia
1136 993 58 55 in

419 1040 126 49 iuste
503 1040 182 49 confertur
643 1040 70 49 a
671 1040 182 49 Cicerone.
811 1040 112 49 vnus
880 1040 112 49 enim
950 1040 98 49 per
1006 1040 126 49 actum
1076 1040 126 49 iniusti

412 1080 111 57 tiae
481 1080 194 57 beneficium
634 1080 166 57 confert,
759 1080 69 57 &
786 1080 125 57 alius
869 1080 125 57 iuste
953 1080 166 57 accipit.
1077 1080 125 57 licet
1147 1080 55 57 au

417 1125 101 60 tem
474 1125 172 60 collator
603 1125 144 60 peccet
704 1125 144 60 dando:
804 1125 101 60 vbi
862 1125 129 60 tamen
948 1125 101 60 est
1005 1125 172 60 collatum
1120 1125 72 60 non

420 1169 149 65 potest
524 1169 194 65 reuocare.
673 1169 119 65 immo
748 1169 164 65 quamuis
867 1169 134 65 alter
957 1169 134 65 esset
1031 1169 164 65 inidoneus

423 1214 139 56 coram
515 1214 123 56 deo:
592 1214 77 56 &
623 1214 169 56 haberet
746 1214 246 56 sufficientia
946 1214 200 56 munimenta
1100 1214 92 56 in
1131 1214 77 56 mun

424 1254 102 58 do:
483 1254 189 58 collatori
628 1254 233 58 imputaretur.
818 1254 218 58 difficulter
992 1254 131 58 certe
1065 1254 131 58 electio

428 1304 230 56 irritaretur.
615 1304 158 56 electio
730 1304 115 56 enim
802 1304 144 56 idonei
903 1304 101 56 non
960 1304 101 56 est
1018 1304 187 56 cassanda.
1147 1304 58 56 de

428 1350 129 54 elec.
514 1350 101 54 ca.
571 1350 101 54 Cum
629 1350 129 54 olim.
715 1350 101 54 ca.
773 1350 101 54 Cum
830 1350 187 54 dilectus.
974 1350 72 54 &
1003 1350 101 54 ca.
1060 1350 101 54 Cum
1103 1350 101 54 inter

429 1393 207 53 canonicos.
592 1393 118 53 quia
665 1393 103 53 iam
724 1393 103 53 per
783 1393 207 53 electionem
946 1393 133 53 ferme
1019 1393 192 53 contrahitur

425 1436 193 56 coniugium
574 1436 134 56 inter
663 1436 163 56 electum
782 1436 74 56 &
812 1436 208 56 ecclesiam.
975 1436 89 56 vt
1020 1436 178 56 pontifex
1139 1436 59 56 di

436 1480 104 54 tit
496 1480 89 54 in
540 1480 134 54 pfato
630 1480 119 54 cap.
704 1480 104 54 Cum
764 1480 194 54 dilectus.
913 1480 104 54 sed
973 1480 149 54 reuera
1077 1480 104 54 non
1122 1480 75 54 con

423 1527 190 50 trahitur
566 1527 190 50 vinculum
708 1527 206 50 coniugale
867 1527 127 50 ante
930 1527 269 50 confirmationem.

430 1572 82 54 de
471 1572 205 54 transsatio.
635 1572 150 54 episco.
745 1572 96 54 ca.
799 1572 123 54 Inter
882 1572 205 54 corporalia.
1046 1572 96 54 Nec
1087 1572 109 54 episop

429 1609 205 56 electionem
591 1609 147 56 idonei
693 1609 205 56 confirmans
854 1609 161 56 peccat.
972 1609 132 56 ratio
1059 1609 117 56 est:
1118 1609 88 56 quia

425 1650 104 67 non
484 1650 148 67 potest
588 1650 208 67 electionem
751 1650 148 67 idonei
855 1650 193 67 irritate:
1003 1650 104 67 nec
1048 1650 163 67 expediret

431 1707 172 46 propter
557 1707 188 46 tricarum
697 1707 313 46 multiplicationem
964 1707 203 46 inutilem.
1104 1707 110 46 Etiam

431 1752 98 49 non
487 1752 98 49 est
543 1752 155 49 liberum
656 1752 84 49 ab
698 1752 183 49 electione
839 1752 183 49 resilire,
979 1752 98 49 cum
1035 1752 98 49 iam
1092 1752 112 49 iste
1148 1752 56 49 ha

428 1793 114 55 beat
499 1793 143 55 multum
599 1793 129 55 iuris
685 1793 214 55 acquisitum,
856 1793 100 55 nec
913 1793 86 55 de
956 1793 114 55 tali
1027 1793 86 55 in
1056 1793 157 55 conclusio

435 1838 92 52 ne
481 1838 260 52 intelligimus.
694 1838 107 52 sed
756 1838 92 52 si
801 1838 92 52 de
847 1838 244 52 inidoneitate
1046 1838 153 52 docere
1138 1838 76 52 po-

429 1876 129 60 test:
515 1876 115 60 male
587 1876 129 60 facit
673 1876 216 60 confirmando
845 1876 86 60 in
888 1876 172 60 idoneum.
1018 1876 101 60 Est
1075 1876 129 60 autem
1147 1876 72 60 ple

436 1927 147 53 rumque
539 1927 191 53 difficile
686 1927 176 53 separare
818 1927 191 53 inidoneum
965 1927 88 53 ab
1009 1927 161 53 idoneo.
1126 1927 73 53 &
1141 1927 73 53 pro

438 1965 119 63 pter
513 1965 253 63 difficultatem
721 1965 164 63 homines
840 1965 134 63 multa
930 1965 149 63 tenent
1034 1965 89 63 in
1064 1965 149 63 ecclesia

428 2020 202 53 militante
584 2020 109 53 qua
646 2020 93 53 in
692 2020 186 53 ecclesia
832 2020 233 53 triumphante
1002 2020 202 53 imputantur.

432 2055 105 62 nam
492 2055 165 62 propter
612 2055 285 62 tranquillitatem
851 2055 90 62 in
896 2055 150 62 populo
1001 2055 135 62 multa
1076 2055 135 62 peccata

430 2101 222 58 relinquenda
607 2101 118 58 sunt
681 2101 162 58 iudicio
799 2101 118 58 dei,
873 2101 118 58 eius
947 2101 133 58 foro,
1036 2101 74 58 &
1051 2101 162 58 conscien-

432 2137 124 63 tiis
509 2137 185 63 hominum.
648 2137 77 63 â‹
679 2137 93 63 Si
725 2137 154 63 dicas.
833 2137 139 63 maior
926 2137 124 63 pars
1003 2137 185 63 capituli
1126 2137 93 63 eli-

435 2186 108 68 git
496 2186 139 68 minus
589 2186 185 68 idoneum:
728 2186 77 68 &
759 2186 216 68 suffragium
929 2186 185 68 Platonis
1068 2186 108 68 non
1114 2186 93 68 pons

434 2229 209 65 prouidere
595 2229 145 65 magis
692 2229 161 65 idoneo
804 2229 81 65 &
837 2229 129 65 erit
917 2229 161 65 inane:
1030 2229 129 65 ergo
1110 2229 113 65 pot
1159 2229 64 65 in

437 2273 130 57 illo
518 2273 130 57 casu
599 2273 211 57 descedere
761 2273 97 57 in
810 2273 146 57 minus
907 2273 195 57 idoneum.
1053 2273 195 57 Quicquid

444 2321 91 65 sit
496 2321 78 65 de
535 2321 117 65 illo:
613 2321 91 65 non
665 2321 156 65 sequitur
782 2321 104 65 quod
846 2321 104 65 ille
911 2321 78 65 in
950 2321 117 65 cuius
1028 2321 169 65 potestate
1145 2321 65 65 est

440 2368 190 56 conferre
583 2368 238 56 beneficium,
773 2368 111 56 hoc
836 2368 174 56 possit.
963 2368 174 56 Secundo
1074 2368 143 56 negatur

443 2409 110 62 uod
506 2409 157 62 debeat
616 2409 141 62 Plato
710 2409 172 62 eligere
835 2409 141 62 minus
929 2409 188 62 idoneum:
1070 2409 125 62 quia
1133 2409 78 62 non

442 2448 130 62 debet
528 2448 130 62 sequi
615 2448 144 62 turbam
716 2448 87 62 ad
759 2448 188 62 malitiam:
904 2448 101 62 nec
961 2448 130 62 velle
1048 2448 116 62 quod
1106 2448 101 62 minus

443 2494 162 66 doneus
556 2494 210 66 eligatur:
718 2494 113 66 sed
782 2494 146 66 debet
879 2494 210 66 promouere
1041 2494 146 66 magis
1138 2494 113 66 ido

438 2539 116 63 neum
510 2539 159 63 quantum
626 2539 87 63 in
669 2539 101 63 sua
727 2539 188 63 facultate
872 2539 203 63 consistit.
1032 2539 101 63 vbi
1090 2539 116 63 vero
1148 2539 72 63 non

442 2587 165 58 potest,
562 2587 194 58 quiescat.
711 2587 105 58 nam
771 2587 165 58 frustra
891 2587 120 58 niti
966 2587 75 58 &
996 2587 105 58 nil
1055 2587 120 58 nisi
1115 2587 105 58 odium

454 2635 185 60 quaerere,
596 2635 171 60 extremae
724 2635 185 60 dementiae
866 2635 114 60 est.
937 2635 128 60 teste
1023 2635 185 60 Sallustio
1165 2635 85 60 in

447 2684 209 43 sugurtha.
608 2684 129 43 ltem
688 2684 96 43 de
736 2684 145 43 magis
832 2684 177 43 indoneo
961 2684 96 43 in
1009 2684 193 43 capitulo
1138 2684 80 43 cre

438 2719 104 58 bro
498 2719 238 58 contenditur.
691 2719 119 58 vnus
766 2719 119 58 enim
840 2719 164 58 aliquem
960 2719 164 58 iudicat
1064 2719 149 58 rationa

1251 308 165 70 biliter
1371 308 135 70 magis
1461 308 180 70 idoneum:
1596 308 120 70 quem
1672 308 135 70 alter
1762 308 135 70 minus
1852 308 165 70 idoneum
1957 308 90 70 cen-

1253 367 118 61 set.
1327 367 104 61 Sed
1386 367 148 61 contra
1490 367 104 61 hoc
1549 367 148 61 dicis.
1653 367 118 61 tunc
1727 367 89 61 si
1771 367 148 61 essent
1875 367 104 61 duo
1920 367 118 61 benefi

1262 415 113 51 tia
1326 415 161 51 danda:
1439 415 97 51 a.
1488 415 177 51 maioris
1617 415 226 51 emolumenti
1794 415 113 51 seu
1859 415 97 51 vt
1891 415 145 51 dicunt,

1261 459 238 51 mportantiae,
1454 459 74 51 &
1484 459 163 51 minoris
1603 459 149 51 curae:
1707 459 89 51 b.
1752 459 223 51 econtrario,
1915 459 119 51 colla-

1260 510 106 48 tor
1320 510 167 48 deberet
1442 510 121 48 dare
1518 510 91 48 a.
1563 510 182 48 meliori.
1699 510 212 48 consequens
1866 510 106 48 est
1912 510 136 48 falsum:

1257 556 122 45 quia
1333 556 107 45 non
1394 556 168 45 faceret
1516 556 199 45 fideliter
1669 556 183 45 officium
1807 556 107 45 sui
1868 556 168 45 domini.
1975 556 76 45 Re-

1253 590 233 58 spondetur.
1437 590 150 58 magis
1536 590 167 58 idoneo
1653 590 150 58 dabit
1753 590 233 58 beneficium
1919 590 117 58 maio-

1257 638 110 52 ris
1320 638 142 52 curae
1415 638 79 52 &
1446 638 173 52 minoris
1573 638 268 52 importantiae,
1793 638 79 52 &
1825 638 142 52 minus
1904 638 126 52 idoned

1258 678 139 58 dabit
1350 678 154 58 aliud.
1458 678 139 58 ratio
1551 678 124 58 est:
1628 678 124 58 quia
1705 678 185 58 collator
1844 678 139 58 debet
1921 678 124 58 cutare

1264 731 253 47 vtilitatem
1463 731 235 47 publicam,
1644 731 235 47 temporali
1825 731 199 47 commodo
1952 731 90 47 ne-

1254 768 199 71 glecto.
1399 768 145 71 modo
1489 768 109 71 in
1543 768 235 71 proposito
1724 768 181 71 maiore
1851 768 145 71 viro
1923 768 127 71 maior

1271 819 111 63 tura
1327 819 97 63 eget.

1251 869 130 91 â‹
1303 869 285 91 Secundo
1510 869 389 91 argumentor.
1795 869 259 91 collator

1268 940 176 65 confert
1396 940 225 65 beneficium
1573 940 160 65 dandum
1685 940 160 65 idoneo
1797 940 80 65 &
1829 940 176 65 capaci:
1942 940 96 65 ergo

1258 987 112 51 illi
1328 987 126 51 dando
1413 987 98 51 non
1469 987 155 51 peccat:
1581 987 98 51 cum
1637 987 112 51 iste
1708 987 155 51 idoneus
1820 987 98 51 sit
1862 987 183 51 sufficiens:

1261 1033 105 58 sed
1321 1033 224 58 sufficienti
1500 1033 135 58 dando
1590 1033 120 58 bene
1665 1033 150 58 facit:
1770 1033 105 58 non
1830 1033 150 58 igitur
1919 1033 120 58 peccat

1269 1076 146 61 sicut
1366 1076 97 61 si
1414 1076 129 61 quis
1495 1076 162 61 habeat
1608 1076 146 61 bonum
1705 1076 146 61 panem
1802 1076 210 61 triticeum
1948 1076 97 61 quid

1269 1120 123 55 opus
1345 1120 107 55 est
1407 1120 169 55 simila?
1530 1120 77 55 â‹
1560 1120 92 55 Ad
1606 1120 184 55 secundum
1744 1120 123 55 dico
1821 1120 123 55 quod
1898 1120 107 55 non
1944 1120 92 55 bene

1263 1170 120 47 dat:
1338 1170 135 47 licet
1428 1170 135 47 alter
1518 1170 105 47 non
1578 1170 150 47 peccet
1682 1170 225 47 accipiendo.
1862 1170 105 47 sed
1922 1170 105 47 non
1967 1170 75 47 pec

1268 1220 119 39 cat
1336 1220 136 39 bene
1421 1220 221 39 faciendo:
1591 1220 136 39 immo
1677 1220 136 39 male
1762 1220 170 39 facit.
1881 1220 119 39 nam
1932 1220 119 39 minus

1260 1248 146 59 bonum
1357 1248 146 59 magis
1454 1248 130 59 bono
1535 1248 227 59 comparatum
1714 1248 146 59 habet
1811 1248 195 59 rationem
1941 1248 113 59 mali:

1264 1297 132 51 sicut
1352 1297 132 51 minus
1440 1297 88 51 de
1485 1297 117 51 malo
1558 1297 132 51 habet
1646 1297 176 51 rationem
1778 1297 132 51 boni.
1866 1297 88 51 v.
1896 1297 161 51 Ethicorum

1267 1339 116 56 Etsi
1339 1339 116 56 enim
1411 1339 174 56 absolute
1541 1339 116 56 iste
1614 1339 101 56 est
1672 1339 159 56 idoneus
1788 1339 72 56 &
1816 1339 217 56 sufficiens:
1976 1339 72 56 hoc

1270 1387 106 53 est,
1336 1387 106 53 scit
1402 1387 132 53 facere
1494 1387 119 53 omnia
1573 1387 106 53 illa
1639 1387 106 53 quae
1705 1387 79 53 ad
1745 1387 106 53 tale
1811 1387 158 53 officium
1916 1387 132 53 requirum

1264 1431 112 55 tur:
1334 1431 182 55 videlicet
1474 1431 210 55 praedicare,
1642 1431 196 55 sacramenta
1796 1431 210 55 ministrare,
1964 1431 70 55 &
1978 1431 70 55 ita

1269 1479 81 53 de
1309 1479 134 53 aliis:
1403 1479 121 53 tamen
1484 1479 108 53 quia
1551 1479 161 53 collator
1672 1479 202 53 infideliter
1833 1479 161 53 prouidet
1954 1479 81 53 de
1981 1479 67 53 bo-

1258 1532 104 52 nis
1317 1532 148 52 domini
1421 1532 118 52 sui:
1495 1532 104 52 non
1554 1532 192 52 accipiens
1702 1532 133 52 illum
1791 1532 104 52 qui
1850 1532 148 52 melius
1953 1532 89 52 ea
1983 1532 74 52 fa-

1270 1562 117 63 cere
1343 1562 146 63 nouit:
1445 1562 146 63 peccat
1547 1562 102 63 non
1605 1562 175 63 faciendo
1737 1562 131 63 illud
1824 1562 87 63 ad
1868 1562 117 63 quod
1926 1562 131 63 tenetur

1271 1607 165 59 secundum
1395 1607 179 59 iustitiam
1533 1607 248 59 distributiuam.
1740 1607 69 59 â‹
1768 1607 138 59 Contra
1864 1607 97 59 hoc
1905 1607 152 59 arguitur.

1266 1653 94 49 si
1313 1653 141 49 magis
1407 1653 172 49 idoneus
1532 1653 156 49 habeat
1642 1653 109 49 hoc
1704 1653 234 49 beneficium:
1892 1653 109 49 non
1939 1653 109 49 tene-

1265 1700 123 52 bitur
1347 1700 82 52 ad
1388 1700 123 52 plura
1470 1700 109 52 quam
1538 1700 82 52 ad
1579 1700 109 52 illa
1648 1700 109 52 quae
1716 1700 82 52 ad
1757 1700 164 52 officium
1866 1700 191 52 requiruntur:

1272 1744 122 57 puta
1348 1744 92 57 ad
1394 1744 244 57 celebrandum,
1593 1744 260 57 praedicandum,
1807 1744 76 57 &
1837 1744 122 57 alia
1913 1744 92 57 ad
1944 1744 107 57 curam

1267 1785 226 49 requisita.
1444 1785 113 49 nam
1509 1785 129 49 homo
1589 1785 113 49 non
1654 1785 177 49 tenetur
1783 1785 161 49 facere
1896 1785 113 49 suo
1944 1785 113 49 offi-

1269 1830 113 58 cio
1333 1830 161 58 debita
1446 1830 161 58 optimo
1558 1830 129 58 modo
1639 1830 129 58 sibi
1719 1830 225 58 possibili:
1896 1830 145 58 sicut
1977 1830 80 58 de-

1277 1878 175 49 uinctus
1404 1878 271 49 quadragesimam
1627 1878 191 49 ieiunare
1771 1878 111 49 non
1834 1878 175 49 tenetur
1962 1878 96 49 in
1993 1878 64 49 pa

1266 1917 90 55 ne
1311 1917 75 55 &
1341 1917 120 55 aqua
1416 1917 196 55 ieiunare:
1567 1917 135 55 licet
1657 1917 120 55 bene
1732 1917 180 55 faceret:
1868 1917 120 55 ergo
1928 1917 135 55 quamuis

1269 1971 141 53 magis
1363 1971 173 53 idoneus
1489 1971 141 53 sciat
1583 1971 157 53 melius
1693 1971 157 53 facere
1803 1971 126 53 quam
1881 1971 141 53 minus
1976 1971 110 53 ido

1265 2004 140 52 neus:
1359 2004 140 52 tamen
1452 2004 109 52 non
1514 2004 171 52 tenetur
1639 2004 93 52 ad
1686 2004 140 52 plura
1779 2004 156 52 agenda
1888 2004 124 52 quam
1950 2004 109 52 minus

1278 2053 169 57 idoneus
1401 2053 139 57 nouit
1493 2053 154 57 facere
1601 2053 77 57 &
1632 2053 139 57 volet
1724 2053 169 57 facere.
1847 2053 169 57 ponatur
1971 2053 123 57 ergo

1276 2095 116 62 quod
1348 2095 101 62 non
1406 2095 130 62 plura
1493 2095 145 62 faciat
1594 2095 116 62 quam
1666 2095 116 62 vnus
1739 2095 130 62 minus
1825 2095 159 62 idoneus
1927 2095 130 62 propin-

1283 2144 105 56 quus
1348 2144 105 56 sibi
1414 2144 79 56 in
1453 2144 105 56 alia
1519 2144 118 56 cura.
1598 2144 92 56 iam
1650 2144 157 56 arguitur
1768 2144 105 56 sic.
1834 2144 105 56 vnus
1900 2144 144 56 istorum
1991 2144 66 56 est

1276 2184 137 57 magis
1367 2184 182 57 idoneus:
1504 2184 76 57 &
1534 2184 106 57 non
1595 2184 137 57 plura
1686 2184 137 57 facit
1777 2184 106 57 nec
1838 2184 152 57 facere
1929 2184 137 57 tenetur

1284 2229 113 62 uam
1348 2229 145 62 minus
1445 2229 193 62 idoneus:
1590 2229 129 62 ergo
1670 2229 145 62 minus
1766 2229 177 62 idoneus
1895 2229 113 62 est
1943 2229 113 62 aeque

1287 2275 145 54 vtilis
1388 2275 87 54 vt
1431 2275 145 54 alter:
1532 2275 72 54 &
1561 2275 87 54 ei
1605 2275 145 54 licite
1706 2275 145 54 potest
1807 2275 116 54 dari
1865 2275 188 54 beneficium.

1271 2318 81 55 â‹
1303 2318 244 55 Respondetur
1498 2318 227 55 concedenoo
1677 2318 130 55 quod
1758 2318 146 55 magis
1855 2318 179 55 idoneus
1969 2318 81 55 non

1268 2358 178 56 tenetur
1397 2358 162 56 facere
1511 2358 162 56 optimo
1624 2358 130 56 modo
1705 2358 130 56 sibi
1786 2358 227 56 possibili.
1965 2358 81 56 &
1997 2358 97 56 ad

1282 2408 287 60 maginationem
1515 2408 197 60 ponamus
1659 2408 180 60 statum
1785 2408 108 60 in
1839 2408 180 60 maximo
1946 2408 126 60 possi

1274 2453 109 55 bili
1343 2453 95 55 cum
1397 2453 259 55 circumstantiis:
1615 2453 109 55 puta
1683 2453 95 55 cum
1738 2453 150 55 ingenio
1847 2453 68 55 /
1874 2453 95 55 cum
1915 2453 150 55 doctrina:

1272 2494 104 50 cum
1332 2494 193 50 prudentia
1480 2494 119 50 quam
1554 2494 163 50 habent:
1673 2494 74 50 &
1703 2494 104 50 ita
1762 2494 89 50 de
1807 2494 208 50 similibus:
1955 2494 104 50 sicut

1276 2539 113 51 est
1340 2539 161 51 dabile
1453 2539 177 51 maximum
1582 2539 161 51 pondus
1695 2539 129 51 quod
1776 2539 161 51 Sortes
1889 2539 161 51 potest
1985 2539 81 51 por

1274 2586 128 47 tare
1354 2586 144 47 tanta
1450 2586 225 47 velocitate
1627 2586 96 47 in
1675 2586 128 47 tali
1755 2586 160 47 medio.
1868 2586 144 47 Tamen
1948 2586 112 47 minus

1273 2624 187 55 idoneus
1409 2624 187 55 tenetur
1545 2624 170 55 facere
1664 2624 170 55 optimo
1783 2624 136 55 modo
1868 2624 136 55 sibi
1936 2624 136 55 possi-

1277 2673 116 53 bili
1350 2673 189 53 stantibus
1496 2673 262 53 proprietatibus
1714 2673 116 53 quas
1786 2673 145 53 habet:
1888 2673 73 53 &
1917 2673 87 53 si
1961 2673 87 53 se
1990 2673 87 53 exer

1274 2727 140 43 cendo
1368 2727 233 43 efficeretur
1554 2727 171 43 melior:
1678 2727 124 43 quia
1755 2727 217 43 fabricando
1926 2727 140 43 fabti
2003 2727 78 43 fi
