2321 3302
488 241 117 81 re.
555 241 117 81 Non
622 241 150 81 tamen
722 241 134 81 nego
806 241 134 81 quin
889 241 217 81 theologus
1056 241 184 81 vocatus
1173 241 84 81 cum

477 307 143 60 Aaron
573 307 159 60 possit
684 307 143 60 adire
780 307 159 60 curiam
891 307 175 60 dummodo
1019 307 143 60 detur
1115 307 96 60 ei
1146 307 112 60 ocium

490 350 178 60 interdum
624 350 208 60 respirandi
787 350 74 60 /
816 350 74 60 &
846 350 163 60 curandi
965 350 119 60 suam
1039 350 178 60 salutem.
1172 350 74 60 ⁋
1187 350 74 60 Con

485 401 197 65 cludendo
632 401 148 65 patet
731 401 131 65 esse
813 401 197 65 peccatum
961 401 148 65 minus
1059 401 181 65 idoneum
1174 401 82 65 pra

481 439 143 71 ferre
577 439 143 71 magis
672 439 175 71 idoneo,
800 439 112 71 vel
864 439 112 71 hoc
927 439 223 71 suggerere:
1103 439 80 71 &
1135 439 112 71 per
1182 439 80 71 con

486 481 166 69 sequens
606 481 75 69 (
637 481 90 69 si
682 481 136 69 recte
772 481 181 69 sentimus
908 481 90 69 in
953 481 105 69 hac
1013 481 211 69 quaestione
1164 481 105 69 prout

483 534 180 63 putamus)
618 534 120 63 male
694 534 120 63 agit
769 534 135 63 dans,
859 534 180 63 eligens,
994 534 105 63 vel
1054 534 165 63 suadens
1160 534 105 63 prae-

488 577 141 56 ferre
582 577 219 56 canonistam
754 577 109 56 vel
816 577 187 56 legistam
957 577 203 56 theologo:
1113 577 78 56 &
1128 577 141 56 tenetur

482 611 84 67 ad
524 611 237 67 restitutiouem
719 611 153 67 aliquam
831 611 112 67 illi
900 611 98 67 qui
956 611 195 67 repellitur
1110 611 153 67 iniuste
1207 611 56 67 se

481 666 170 53 cundum
600 666 204 53 iudicium
753 666 238 53 prudentis.
939 666 119 53 Non
1007 666 119 53 est
1075 666 153 53 tamen
1160 666 102 53 idem

480 704 214 73 beneficium
648 704 168 73 habere,
770 704 77 73 &
801 704 122 73 esse
878 704 92 73 in
923 704 184 73 potentia
1061 704 199 73 propinqua
1199 704 61 73 ad

481 747 229 66 habendum.
657 747 123 66 nam
728 747 105 66 si
780 747 229 66 prohibeam
956 747 229 66 inidoneum
1132 747 123 66 vel
1185 747 70 66 mi

484 790 120 67 nus
552 790 188 67 idoneum
689 790 120 67 vel
758 790 154 67 etiam
860 790 154 67 aeque
963 790 188 67 idoneum
1083 790 171 67 quatenus

479 835 244 64 beneficium
670 835 157 64 detur
775 835 192 64 optimo,
914 835 209 64 capiendo
1071 835 192 64 optimum
1192 835 70 64 ne

473 886 183 60 gatiue:
607 886 117 60 non
673 886 167 60 pecco:
790 886 83 60 &
823 886 117 60 per
890 886 233 60 consequens
1074 886 117 60 non
1124 886 133 60 teneor

471 936 120 52 illi
546 936 120 52 quem
622 936 181 52 prohibeo
757 936 90 52 ad
802 936 181 52 aliquid.
938 936 105 52 sed
998 936 90 52 si
1043 936 105 52 sit
1103 936 136 52 magis
1179 936 75 52 ido

485 978 154 63 neus:
588 978 171 63 teneor
708 978 223 63 detestari
879 978 206 63 peccatum
1033 978 137 63 meum
1119 978 120 63 quo
1170 978 86 63 eum

470 1022 188 52 prohibui
611 1022 78 52 a
643 1022 203 52 beneficio
799 1022 250 52 consequendo,
1003 1022 78 52 &
1034 1022 157 52 facere
1143 1022 94 52 ei
1175 1022 78 52 con

471 1068 232 59 pensationem.
660 1068 73 59 &
689 1068 174 59 quamquam
820 1068 102 59 non
878 1068 116 59 feci
950 1068 131 59 animo
1037 1068 87 59 ei
1081 1068 174 59 nocendi:
1197 1068 58 59 fe

481 1113 89 48 ci
526 1113 133 48 tamen
614 1113 89 48 ei
659 1113 192 48 iniuriam:
806 1113 118 48 quia
880 1113 207 48 beneficium
1043 1113 118 48 fuit
1117 1113 89 48 ei
1147 1113 103 48 debi-

474 1148 124 65 tum:
552 1148 109 65 hoc
614 1148 124 65 est,
692 1148 218 65 collatores
863 1148 218 65 tenebantur
1034 1148 93 65 ei
1065 1148 187 65 beneficium

471 1194 133 64 dare.
560 1194 133 64 quare
648 1194 177 64 laborabo
781 1194 88 64 vt
825 1194 133 64 alibi
913 1194 88 64 ei
957 1194 236 64 prouideatur:
1149 1194 103 64 vel
1193 1194 59 64 si

473 1235 122 69 non
542 1235 192 69 possim,
682 1235 139 69 dabo
769 1235 104 69 ei
803 1235 192 69 pecuniam.

541 1288 104 117 ⁋
583 1288 353 117 Distinctionis
874 1288 270 117 Vigesimae
1061 1288 187 117 quartae

656 1375 277 89 Quaestio
840 1375 254 89 Vndecima.

845 1454 227 66 Ndecio
1004 1454 204 66 circa
1118 1454 136 66 hanc

862 1511 263 68 distinctionem
1063 1511 186 68 prosequen-

858 1557 88 65 do
902 1557 118 65 illa
976 1557 118 65 quae
1035 1557 206 65 beneficiatos

865 1602 217 66 concermunt/
1038 1602 203 66 quaeritur.
1183 1602 58 66 Ar

881 1648 217 56 eneficiatus
1054 1648 174 56 teneatur
1170 1648 72 56 sub

853 1700 146 55 Foena
950 1700 179 55 peccati
1080 1700 98 55 in
1129 1700 114 55 suo
1178 1700 65 55 be

855 1738 167 52 neficio
976 1738 183 52 continuo
1098 1738 137 52 reside-

837 1783 104 60 re.
897 1783 208 60 Vulgariter
1060 1783 178 60 continuo
1179 1783 59 60 in

450 1829 162 55 telligo
568 1829 103 55 pro
627 1829 133 55 multo
716 1829 148 55 maiore
819 1829 133 55 parte
908 1829 192 55 temporis.
1055 1829 74 55 ⁋
1070 1829 162 55 Responde,

460 1864 106 62 tur
520 1864 243 62 affirmatiue.
718 1864 121 62 nisi
793 1864 182 62 habuerit
930 1864 243 62 rationabilem
1112 1864 121 62 causam

457 1911 91 61 se
502 1911 227 61 excusantem.
684 1911 197 61 probatur.
836 1911 167 61 propter
957 1911 182 61 officium
1094 1911 136 61 datur
1169 1911 61 61 bi

457 1955 194 58 neficium.
606 1955 119 58 ergo
681 1955 89 58 si
725 1955 89 58 in
770 1955 134 58 nullo
859 1955 179 58 officium
994 1955 209 58 exequatur,
1157 1955 104 58 in-

460 1998 136 64 iuste
551 1998 181 64 colligit
687 1998 166 64 fructus
808 1998 121 64 bono
883 1998 166 64 pastori
1004 1998 197 64 relictos:
1140 1998 91 64 quos

462 2043 220 64 restituere
635 2043 189 64 tenetur.
777 2043 173 64 Secundo
903 2043 189 64 probatur
1044 2043 142 64 idem.
1123 2043 110 64 Dicit

455 2087 201 71 Apostolus.
613 2087 101 71 ii.
670 2087 86 71 ad
713 2087 172 71 Thessal.
842 2087 115 71 iii.
914 2087 86 71 Si
957 2087 115 71 quis
1029 2087 101 71 non
1086 2087 115 71 vult
1144 2087 86 71 ope-

453 2133 126 58 rari
532 2133 111 58 nec
595 2133 205 58 manducet.
753 2133 126 58 ergo
832 2133 95 58 si
880 2133 142 58 nullo
974 2133 126 58 modo
1053 2133 174 58 laboret
1164 2133 63 58 in

458 2176 197 59 beneficio:
612 2176 126 59 nihil
697 2176 126 59 debet
781 2176 168 59 accipere
907 2176 84 59 de
949 2176 126 59 illo.
1033 2176 182 59 Praeterea
1160 2176 70 59 non

462 2229 171 53 veniens
587 2229 94 53 ad
634 2229 281 53 distributiones
868 2229 109 53 non
930 2229 140 53 facit
1023 2229 171 53 fructus
1133 2229 94 53 suos

463 2265 87 62 vt
507 2265 131 62 dicit
595 2265 175 62 pontifex
726 2265 87 62 in
769 2265 117 62 cap.
842 2265 131 62 vnico
930 2265 87 62 de
973 2265 117 62 cle,
1046 2265 102 62 non
1090 2265 131 62 residem

446 2312 126 66 libro
530 2312 140 66 sexto.
628 2312 70 66 &
656 2312 126 66 causa
740 2312 112 66 est:
810 2312 112 66 quia
879 2312 84 66 vt
921 2312 126 66 vulgo
1005 2312 168 66 dicitur,
1131 2312 98 66 non
1173 2312 56 66 of

458 2352 158 62 ficiat.
572 2352 158 62 Rursus.
687 2352 172 62 intentio
816 2352 201 62 fundatoris
973 2352 115 62 erat
1045 2352 115 62 quod
1102 2352 115 62 benefi

450 2399 147 67 ciatus
553 2399 88 67 in
597 2399 103 67 hac
656 2399 176 67 ecclesia
788 2399 103 67 deo
846 2399 73 67 &
876 2399 161 67 patrono
993 2399 147 67 illius
1081 2399 147 67 inserui-

454 2455 122 51 ret:
530 2455 122 51 ergo
606 2455 213 51 beneficium
774 2455 198 51 accipiens
926 2455 76 51 &
957 2455 183 51 officium
1094 2455 107 51 non
1155 2455 107 51 ad-

442 2492 173 63 implens
568 2492 78 63 /
599 2492 204 63 defraudat
756 2492 235 63 fundatorem.
945 2492 141 63 sicut
1039 2492 188 63 agricola
1164 2492 63 63 ca

462 2528 144 61 piens
558 2528 193 61 pecuniam
703 2528 96 61 vt
751 2528 193 61 laboret,
895 2528 112 61 non
959 2528 193 61 laborans
1088 2528 128 61 tenetu

450 2584 190 52 pecuniam
593 2584 238 52 restituere.
783 2584 222 52 Propositum
957 2584 143 52 autem
1053 2584 95 52 de
1084 2584 143 52 residem

448 2627 97 57 tia
504 2627 152 57 habetur
614 2627 83 57 in
656 2627 139 57 variis
753 2627 180 57 capitibus
891 2627 83 57 de
933 2627 139 57 cleri,
1030 2627 97 57 non
1085 2627 125 57 resi.
1155 2627 69 57 Por

449 2670 76 70 ro
487 2670 76 70 in
525 2670 101 70 cap.
588 2670 101 70 Quia
652 2670 88 70 non
702 2670 126 70 nulli.
790 2670 88 70 in.
841 2670 76 70 S.
879 2670 88 70 Cum
929 2670 139 70 igitur.
1031 2670 76 70 ex
1068 2670 126 70 conci.
1144 2670 76 70 Late

1328 284 97 67 ra.
1384 284 97 67 sic
1439 284 167 67 dicitur.
1564 284 97 67 Cum
1620 284 139 67 igitur
1717 284 167 67 ecclesia
1842 284 97 67 vel
1884 284 222 67 ecclesiasticum

1321 328 232 70 ministerium
1506 328 185 70 committi
1645 328 201 70 debuerit:
1799 328 139 70 talis
1892 328 93 70 ad
1938 328 108 70 hoc
1984 328 124 70 perso-

1324 382 88 62 na
1368 382 191 62 quaeratur
1515 382 117 62 quae
1588 382 176 62 residere
1721 382 88 62 in
1765 382 132 62 loco,
1853 382 73 62 &
1882 382 132 62 curam
1970 382 117 62 eius
2029 382 73 62 per

1322 420 156 58 seipsam
1435 420 142 58 valeat
1535 420 184 58 exercere.
1676 420 113 58 Quia
1747 420 85 58 si
1790 420 142 58 aliter
1889 420 128 58 actum
1974 420 142 58 fuerit
2059 420 43 58 i

1321 466 74 62 &
1351 466 104 62 qui
1410 466 192 62 receperit
1558 466 118 62 quod
1632 466 148 62 contra
1735 466 148 62 sacros
1839 466 163 62 canones
1942 466 163 62 accepit.-

1331 510 168 65 amittat:
1457 510 70 65 &
1485 510 98 65 qui
1542 510 154 65 dederit
1654 510 70 65 /
1682 510 182 65 largiendi
1822 510 182 65 potestate
1949 510 154 65 priuetur.

1326 550 105 66 ldem
1392 550 158 66 habetur.
1510 550 105 66 xxi.
1576 550 79 66 q.
1616 550 79 66 i.
1655 550 92 66 ca.
1708 550 79 66 i.
1747 550 79 66 &.
1787 550 105 66 lxx.
1853 550 145 66 distin.
1945 550 158 66 Sanctorum.

1327 593 148 75 crebro
1431 593 119 75 enim
1505 593 208 75 beneficium
1669 593 134 75 datur
1758 593 163 75 intuitu
1876 593 193 75 personae.
2010 593 89 75 modo

1330 637 213 66 frequenter
1497 637 106 66 vna
1558 637 167 66 persona
1679 637 137 66 valet
1771 637 122 66 tres
1847 637 152 66 alias:
1953 637 122 66 ergo
2029 637 106 66 non

1316 683 167 76 sufficit
1441 683 125 76 aliam
1524 683 153 76 habere.
1636 683 111 76 Alia
1705 683 125 76 pars,
1788 683 167 76 scilicet
1913 683 111 76 nisi
1969 683 125 76 legiti-

1315 727 87 72 me
1359 727 189 72 excusetur
1504 727 73 72 /
1533 727 189 72 manifesta
1679 727 116 72 est.
1751 727 73 72 ⁋
1780 727 102 72 Sed
1838 727 116 72 quod
1911 727 145 72 aliqua
1998 727 102 72 excu-

1314 775 138 58 satio
1405 775 107 58 non
1467 775 199 58 residendi
1619 775 107 58 sit
1680 775 199 58 legitima:
1833 775 183 58 probatur
1955 775 138 58 ratione

1314 810 117 70 sic.
1388 810 161 70 ponatur
1505 810 161 70 aliquis
1622 810 190 70 praelatus
1768 810 176 70 alicuius
1900 810 190 70 ecclesiae
2032 810 73 70 mul

1320 859 105 69 tum
1380 859 181 69 idoneus:
1516 859 136 69 cuius
1606 859 136 69 forte
1696 859 105 69 non
1757 859 105 69 est
1817 859 166 69 similis
1937 859 90 69 in
1983 859 105 69 sua
2028 859 60 69 re

1322 905 159 62 gione:
1433 905 111 62 pro
1497 905 127 62 tali
1576 905 175 62 officio
1703 905 191 62 quatenus
1846 905 95 62 ad
1894 905 159 62 hostem
1989 905 111 62 regem

1322 958 200 54 mittatur
1473 958 167 54 orator
1589 958 117 54 pro
1656 958 134 54 pace
1740 958 234 54 componenda
1923 958 150 54 inter
2007 958 83 54 duo

1306 995 198 66 hostilia
1455 995 165 66 regna.
1571 995 116 66 nam
1637 995 149 66 bonum
1736 995 182 66 commune
1868 995 132 66 bono
1934 995 165 66 particu-

1307 1033 125 70 lari
1386 1033 110 70 est
1448 1033 266 70 praeferendum.
1668 1033 141 70 primo
1761 1033 219 70 Ethicorum.
1918 1033 188 70 potissimum

1315 1084 143 69 quando
1415 1084 214 69 particulare
1586 1084 86 69 in
1629 1084 114 69 bono
1700 1084 157 69 communi
1814 1084 214 69 includitur.
1986 1084 71 69 &
2000 1084 100 69 licet

1320 1135 176 55 aliquam
1448 1135 192 55 iacturam
1591 1135 160 55 habeat
1703 1135 128 55 haec
1783 1135 144 55 parua
1879 1135 207 55 collectio
2022 1135 80 55 seu

1314 1172 220 69 communitas
1487 1172 267 69 particularis:
1707 1172 110 69 est
1770 1172 267 69 recompensatio
1990 1172 94 69 in
2021 1172 79 69 com

1313 1218 216 64 munitate.
1479 1218 182 64 Secundo
1612 1218 116 64 hoc
1678 1218 133 64 idem
1761 1218 166 64 suadeo
1877 1218 182 64 aliter.
1993 1218 100 64 vnum

1303 1261 189 63 membrum
1440 1261 103 63 in
1492 1261 189 63 corpore
1629 1261 137 63 vero
1715 1261 206 63 iacturam
1869 1261 189 63 aliquam
1989 1261 103 63 pati

1308 1301 121 70 tur,
1383 1301 75 70 &
1414 1301 91 70 se
1459 1301 211 70 discrimini
1625 1301 166 70 exponit
1746 1301 106 70 pro
1806 1301 166 70 reliqua
1927 1301 136 70 parte
2002 1301 91 70 prin

1301 1353 173 60 cipali.
1427 1353 94 60 vt
1474 1353 189 60 brachium
1616 1353 110 60 pro
1679 1353 157 60 capite
1789 1353 252 60 conseruando.
1994 1353 79 60 &
2009 1353 79 60 fe-

1303 1394 169 58 riendus
1426 1394 169 58 serpens
1548 1394 154 58 partes
1656 1394 230 58 posteriores
1840 1394 92 58 ad
1886 1394 138 58 caput
1963 1394 123 58 prote-

1308 1441 155 59 gendum
1417 1441 202 59 inuoluit.
1572 1441 109 59 Sed
1634 1441 155 59 dicis.
1743 1441 124 59 pars
1820 1441 248 59 principalior
2006 1441 78 59 vel

1310 1489 155 55 totum
1413 1489 172 55 partem
1533 1489 155 55 minus
1637 1489 258 55 principalem
1843 1489 206 55 periculo
1981 1489 103 55 expo

1310 1528 112 63 nit
1374 1528 96 63 vt
1422 1528 241 63 conseruetur
1615 1528 145 63 totum
1712 1528 129 63 sine
1792 1528 112 63 quo
1856 1528 145 63 etiam
1952 1528 129 63 pars
2017 1528 64 63 mi

1301 1569 110 72 nus
1364 1569 236 72 principalis
1553 1569 157 72 nequit
1663 1569 141 72 esse.
1757 1569 94 72 Ex
1804 1569 110 72 hoc
1867 1569 173 72 habetur
1977 1569 110 72 propo

1297 1616 138 64 situm:
1394 1616 110 64 quod
1462 1616 165 64 scilicet
1586 1616 165 64 rectores
1710 1616 165 64 politiae
1834 1616 151 64 possunt
1931 1616 151 64 ecclesiae

1296 1665 199 64 praelatum
1449 1665 76 64 a
1479 1665 122 64 cura
1556 1665 107 64 sui
1617 1665 153 64 gregis
1724 1665 153 64 licite
1831 1665 184 64 euocare:
1969 1665 76 64 &
1984 1665 107 64 alter

1307 1714 141 63 parere
1406 1714 170 63 tenetur.
1533 1714 141 63 Tertio
1632 1714 184 63 probatur.
1773 1714 184 63 Contingit
1914 1714 127 63 regem
1985 1714 99 63 egere

1306 1756 173 61 consilio
1435 1756 173 61 alicuius
1565 1756 173 61 praelati
1695 1756 115 61 quod
1767 1756 101 61 est
1825 1756 101 61 pro
1882 1756 187 61 republica
2012 1756 72 61 vti

1304 1793 109 65 le.
1367 1793 125 65 ergo
1445 1793 125 65 tunc
1523 1793 203 65 praelatus
1679 1793 109 65 non
1741 1793 172 65 peccata
1866 1793 109 65 sua
1928 1793 125 65 cura
1990 1793 94 65 dece

1292 1839 146 67 dendo
1389 1839 195 67 secundum
1536 1839 228 67 exigentiam
1715 1839 195 67 temporis
1861 1839 195 67 consilii
1992 1839 81 67 dam

1304 1884 97 63 di.
1360 1884 97 63 Non
1415 1884 139 63 loquor
1512 1884 83 63 de
1554 1884 194 63 ambitiosis
1706 1884 180 63 praelatis
1845 1884 97 63 iam
1887 1884 194 63 sufficienter

1293 1929 191 64 prouisis:
1440 1929 132 64 vltro
1528 1929 88 64 se
1572 1929 88 64 ad
1616 1929 191 64 principum
1762 1929 147 64 curias
1850 1929 235 64 conferentibus:

1298 1978 96 53 vt
1346 1978 175 53 maiores
1473 1978 175 53 honores
1601 1978 191 53 habeant.
1744 1978 143 53 notum
1839 1978 111 53 est
1903 1978 127 53 enim
1967 1978 111 53 tales

1305 2020 178 55 peccare:
1439 2020 74 55 &
1468 2020 208 55 ambitione,
1631 2020 74 55 &
1661 2020 104 55 non
1720 2020 208 55 residendo.
1883 2020 148 55 Quarto
1972 2020 104 55 osten

1292 2071 127 53 ditur
1376 2071 127 53 idem.
1461 2071 183 53 canonicus
1602 2071 141 53 potest
1701 2071 141 53 licite
1799 2071 141 53 abesse
1898 2071 70 53 a
1912 2071 155 53 beneficio

1291 2113 140 64 quando
1389 2113 98 64 est
1445 2113 84 64 in
1487 2113 154 64 officio
1599 2113 168 64 episcopi
1726 2113 112 64 sui:
1796 2113 112 64 quia
1866 2113 112 64 tunc
1922 2113 154 64 ecclesiae

1300 2146 129 74 seruit.
1394 2146 94 74 vii.
1453 2146 94 74 qui.
1511 2146 70 74 i.
1547 2146 117 74 Scire.
1629 2146 59 74 &
1652 2146 70 74 de
1688 2146 117 74 cleri,
1770 2146 82 74 non
1817 2146 106 74 resi.
1887 2146 82 74 ca.
1934 2146 70 74 De
1957 2146 106 74 caetero

1295 2193 87 74 &
1329 2193 122 74 ca.
1399 2193 104 74 Ad
1451 2193 260 74 audientiam.
1659 2193 87 74 &
1694 2193 243 74 potissimum
1885 2193 174 74 quando
1989 2193 87 74 epi

1287 2235 151 72 scopus
1392 2235 271 72 rationabiliter
1618 2235 90 72 ab
1663 2235 181 72 ecclesia
1799 2235 151 72 abest:
1904 2235 120 72 quia
1980 2235 90 72 in
2010 2235 60 72 re

1290 2282 119 70 bus
1358 2282 203 70 ambiguis
1510 2282 220 70 consulere
1680 2282 152 70 debet
1781 2282 220 70 canonicus
1934 2282 135 70 episco

1303 2331 100 58 po.
1360 2331 186 58 Praeterea
1503 2331 86 58 si
1546 2331 86 58 in
1589 2331 215 58 rationabili
1761 2331 129 58 causa
1847 2331 143 58 habeat
1947 2331 100 58 duo
1990 2331 86 58 bene

1285 2375 139 61 ficia
1377 2375 124 61 quae
1455 2375 155 61 potest
1563 2375 155 61 habere
1671 2375 93 61 in
1717 2375 124 61 casu
1795 2375 139 61 iuxta
1887 2375 170 61 dicenda
2011 2375 93 61 in

1296 2413 208 72 quaestione
1460 2413 193 72 sequente:
1609 2413 104 72 non
1668 2413 149 72 potest
1772 2413 89 72 in
1817 2413 164 72 vtroque
1921 2413 149 72 continuo

1295 2468 176 56 residere:
1431 2468 95 56 sed
1485 2468 162 56 sufficit
1606 2468 108 56 nunc
1674 2468 81 56 in
1715 2468 108 56 vno,
1782 2468 108 56 nunc
1850 2468 81 56 in
1890 2468 149 56 altero:
1985 2468 81 56 quia

1288 2513 107 54 non
1349 2513 153 54 potest
1456 2513 229 54 naturaliter
1639 2513 122 54 esse
1716 2513 92 54 in
1761 2513 153 54 duobus
1868 2513 153 54 locis.
1960 2513 107 54 Patet

1289 2545 101 66 hoc
1346 2545 116 66 idem
1419 2545 87 66 in
1462 2545 202 66 debilitate
1621 2545 101 66 vel
1679 2545 217 66 aegritudine
1852 2545 173 66 chronica
1982 2545 72 66 /
1997 2545 72 66 vel

1280 2591 94 66 in
1327 2591 141 66 morbo
1421 2591 203 66 perpetuo:
1577 2591 125 66 quia
1655 2591 141 66 licet
1749 2591 125 66 tali
1827 2591 141 66 morbo
1905 2591 156 66 laboret,

1277 2639 208 60 alioquin
1432 2639 138 60 bene
1519 2639 208 60 meritus:
1675 2639 121 60 non
1744 2639 121 60 est
1813 2639 225 60 beneficio
1969 2639 86 60 pri

1271 2682 183 70 uandus.
1405 2682 183 70 Ratione
1538 2682 316 70 peregrinationis
1804 2682 167 70 terrae
1904 2682 150 70 sanctae
