2345 3310
480 311 97 63 ad
528 311 177 63 aliquam
657 311 274 63 vniuersitatem
883 311 177 63 famatam
1012 311 226 63 mittendos,
1173 311 97 63 qua-

493 371 133 42 tenus
582 371 207 42 theologiae
745 371 237 42 incumberent:
937 371 74 42 &
966 371 148 42 onusti
1070 371 148 42 opibus
1159 371 118 42 spiri-

492 415 177 54 tualibus
625 415 89 54 ad
670 415 133 54 lares
758 415 163 54 patrios
877 415 192 54 redirent:
1024 415 103 54 non
1084 415 118 54 modo
1143 415 118 54 simpli

489 460 107 53 ces
550 460 107 53 sed
611 460 184 53 eruditos
749 460 260 53 illuminaturi:
964 460 77 53 a
994 460 153 53 quibus
1101 460 92 53 in
1132 460 138 53 materia

485 500 261 46 conscientiae
697 500 196 46 ancipiti
843 500 130 46 omne
925 500 196 46 ambiguum
1071 500 163 46 posset
1169 500 98 46 eno-

501 543 118 54 dari.
580 543 118 54 Notum
658 543 92 54 est
711 543 118 54 autem
790 543 105 54 quod
855 543 105 54 vnus
921 543 131 54 tantum
1013 543 131 54 potest
1105 543 157 54 laborare
1210 543 52 54 in

496 589 178 52 septemnio
634 589 151 52 quantum
743 589 124 52 alter
826 589 82 52 in
867 589 151 52 tempore
977 589 137 52 duplo.
1073 589 82 52 si
1114 589 110 52 ergo
1169 589 96 52 cura-

492 634 106 50 tus
553 634 167 50 studens
674 634 91 50 in
720 634 122 50 bona
796 634 243 50 vniuersitate
993 634 106 50 pro
1054 634 167 50 tempore
1161 634 106 50 bonas

495 679 231 49 adipiscatur
679 679 154 49 artes:
787 679 92 49 in
834 679 139 49 breui
926 679 169 49 tempore
1049 679 154 49 potest
1142 679 123 49 tantum

494 733 179 43 proficere
632 733 152 43 quantum
743 733 110 43 ante
812 733 83 43 in
853 733 124 43 magno
936 733 221 43 profecisset.
1115 733 69 43 &
1143 733 83 43 si
1170 733 97 43 inter

487 768 85 48 ea
529 768 184 48 moriatur:
671 768 170 48 sufficit
798 768 85 48 ei
840 768 113 48 bonu
911 768 212 48 propositum.
1080 768 99 48 vbi
1137 768 127 48 autem
1207 768 57 48 ad

494 808 127 52 lares
578 808 155 52 patrios
691 808 99 52 vel
747 808 197 52 beneficium
902 808 169 52 redibit:
1029 808 113 52 erit
1099 808 155 52 maioris
1198 808 70 52 fa-

496 856 101 48 mae
553 856 115 48 quam
625 856 144 48 antea:
726 856 72 48 &
755 856 144 48 potius
855 856 86 48 ei
898 856 158 48 credent
1013 856 173 48 subditi:
1143 856 72 48 &
1157 856 101 48 aduer

489 898 118 52 tent
563 898 192 52 libentius
711 898 104 52 qui
770 898 133 52 erunt
859 898 163 52 vtilia.
978 898 74 52 â‹
1007 898 89 52 Ex
1052 898 163 52 omnibus
1155 898 104 52 pate-

494 945 102 52 quod
558 945 204 52 beneficiatus
723 945 140 52 tenetur
825 945 76 52 in
864 945 89 52 suo
914 945 166 52 beneficio
1042 945 153 52 residere
1156 945 102 52 nisi
1207 945 64 52 ha-

491 994 114 51 beat
562 994 228 51 rationabilem
747 994 142 51 causam
846 994 100 51 non
903 994 199 51 residendi:
1060 994 85 51 vt
1102 994 142 51 quando
1188 994 85 51 obse

488 1040 140 37 quium
582 1040 187 37 praestat
722 1040 234 37 reipublicae
909 1040 109 37 tam
972 1040 187 37 commodum
1112 1040 109 37 vel
1159 1040 109 37 commo

481 1080 138 49 dius:
573 1080 122 49 quam
649 1080 214 49 praestaret
817 1080 168 49 manendo
940 1080 92 49 in
986 1080 107 49 sua
1047 1080 138 49 cura:
1123 1080 138 49 habendo

478 1120 174 48 semper
599 1120 174 48 animum
721 1120 104 48 ad
774 1120 139 48 suum
861 1120 174 48 gregem
982 1120 209 48 redeundi
1139 1120 122 48 pro
1191 1120 70 48 lo

491 1170 98 53 co
540 1170 81 53 &
572 1170 195 53 tempore.
719 1170 114 53 nam
784 1170 163 53 verbum
898 1170 130 53 eius
979 1170 98 53 in
1028 1170 163 53 reditu
1126 1170 130 53 popule

490 1212 121 47 erit
566 1212 137 47 multo
657 1212 182 47 gratius:
793 1212 76 47 &
824 1212 197 47 gaudebunt
976 1212 121 47 tali
1051 1212 167 47 pastore
1173 1212 91 47 se
1203 1212 61 47 di

476 1254 125 61 gnos
554 1254 140 61 esse:
648 1254 171 61 dummodo
772 1254 140 61 (quod
866 1254 109 61 est
928 1254 93 61 ei
975 1254 249 61 necessarium)
1162 1254 109 61 virum

485 1303 162 44 idoneum:
607 1303 122 44 licet
688 1303 81 44 se
729 1303 189 44 inferiorem
878 1303 108 44 loco
945 1303 95 44 suo
999 1303 189 44 relinquat.
1148 1303 81 44 Si
1175 1303 81 44 vero

491 1339 100 54 sine
554 1339 188 54 rationabili
705 1339 88 54 cam
755 1339 138 54 iudicio
855 1339 163 54 prudentum
980 1339 100 54 suum
1043 1339 125 54 gregem
1118 1339 138 54 reliquant

486 1393 133 50 peccat.
582 1393 193 50 Rationabilis
739 1393 108 50 autem
811 1393 108 50 causa
884 1393 84 50 non
932 1393 96 50 est,
992 1393 145 50 conferre
1100 1393 72 50 se
1136 1393 72 50 ad
1161 1393 108 50 princi-

487 1435 104 49 pum
547 1435 148 49 curias
650 1435 89 49 vt
695 1435 208 49 honoretur:
858 1435 104 49 vel
918 1435 104 49 sub
977 1435 134 49 vmbra
1051 1435 208 49 protectionis

480 1472 157 59 bonorum
594 1472 200 59 ecclesiae.
751 1472 100 59 sed
808 1472 129 59 sicut
894 1472 114 59 opes
965 1472 157 59 deuotio
1079 1472 171 59 peperit:
1194 1472 71 59 ita

487 1522 96 44 eas
542 1522 137 44 tuetur
638 1522 68 44 &
665 1522 150 44 seruat.
775 1522 82 44 vt
816 1522 137 44 videre
911 1522 123 44 licet
993 1522 82 44 in
1021 1522 246 44 Carthusiensibus:

484 1563 75 51 &
514 1563 90 51 in
559 1563 196 51 capitulis
710 1563 226 51 saecularium
891 1563 120 51 bene
966 1563 226 51 gubernatis.
1147 1563 105 51 Nec
1192 1563 75 51 est

478 1612 238 48 rationabilis
672 1612 149 48 causa:
776 1612 149 48 visere
880 1612 253 48 vniuersitates
1089 1612 119 48 nisi
1149 1612 104 48 quate

483 1654 111 45 nus
547 1654 127 45 homo
626 1654 191 45 addiscat
769 1654 79 45 /
801 1654 207 45 lectiones
960 1654 191 45 adeundo:
1103 1654 95 45 vt
1151 1654 95 45 ad
1183 1654 79 45 gre

478 1698 105 50 gem
538 1698 164 50 doctior
657 1698 164 50 redeat.
777 1698 90 50 Si
822 1698 120 50 vero
896 1698 239 50 sufficienter
1076 1698 179 50 institutus

477 1740 94 56 sit
530 1740 81 56 vt
571 1740 67 56 a
598 1740 121 56 solis
679 1740 135 56 libris
773 1740 175 56 doctrinam
908 1740 148 56 haurire
1016 1740 148 56 possit:
1124 1740 81 56 id
1165 1740 81 56 in
1192 1740 67 56 gre

473 1796 95 47 ge
521 1796 126 47 sibi
599 1796 205 47 commisso,
757 1796 79 47 &
789 1796 95 47 in
836 1796 126 47 mote
915 1796 189 47 Caucaso,
1057 1796 110 47 vel
1120 1796 126 47 rupe
1183 1796 79 47 Par

478 1832 158 51 menidis
592 1832 143 51 facere
693 1832 158 51 potest.
807 1832 100 51 Qui
865 1832 129 51 autem
951 1832 86 51 in
994 1832 229 51 vniuersitate
1166 1832 86 51 theo

476 1873 144 55 logiam
577 1873 173 55 continue
707 1873 144 55 legit:
808 1873 72 55 &
836 1873 101 55 ita
894 1873 245 55 aequiualenter
1082 1873 173 55 praedicati

477 1922 103 56 immo
542 1922 219 56 praedicatores
722 1922 129 56 facit,
812 1922 103 56 quod
876 1922 103 56 plus
941 1922 90 56 est
992 1922 103 56 quam
1057 1922 193 56 praedicare:
1198 1922 52 56 ex

483 1966 189 44 cusatur,
625 1966 221 44 potissimum
799 1966 95 44 si
846 1966 189 44 animarum
988 1966 142 44 curam
1083 1966 110 44 non
1130 1966 126 44 habeat

478 2002 71 59 &
506 2002 86 59 si
549 2002 200 59 sacerdotio
706 2002 171 59 simplici
834 2002 157 59 donatus
948 2002 157 59 fuerit.
1062 2002 86 59 Et
1105 2002 128 59 forte
1176 2002 86 59 cir-

481 2057 93 43 ca
527 2057 185 43 animarum
666 2057 154 43 curam,
774 2057 123 43 quod
851 2057 185 43 alioquin
990 2057 139 43 esset
1067 2057 185 43 praeceptum

483 2101 91 54 ob
528 2101 274 54 circumstantiam
757 2101 274 54 superuenientem
985 2101 167 54 desinit
1107 2101 122 54 esse
1168 2101 91 54 prae

475 2148 157 49 ceptum.
589 2148 129 49 sicut
675 2148 129 49 vtili
761 2148 243 49 praedicationi
961 2148 186 49 insudans,
1105 2148 115 49 quod
1162 2148 100 49 aegre

487 2189 101 44 cum
544 2189 159 44 ieiunio
660 2189 246 44 quadragesimae
862 2189 173 44 complere
992 2189 159 44 potest:
1108 2189 72 44 a
1122 2189 130 44 quadra-

485 2231 157 55 gesimae
599 2231 157 55 ieiunio
714 2231 215 55 absoluitur.
885 2231 86 55 Si
928 2231 114 55 quis
1000 2231 129 55 autem
1085 2231 86 55 in
1114 2231 143 55 vniuersi

469 2279 131 43 tate
550 2279 196 43 residens
697 2279 147 43 curam
795 2279 163 43 habeat
909 2279 261 43 vniuersitati
1105 2279 147 43 vicinam

477 2321 186 44 residere
616 2321 93 44 in
662 2321 124 44 pago
740 2321 108 44 non
801 2321 108 44 est
863 2321 248 44 necessarium:
1064 2321 108 44 sed
1111 2321 139 44 suffici

480 2359 99 58 ei
529 2359 165 58 probum
644 2359 165 58 habere
759 2359 197 58 vicarium
907 2359 99 58 ad
957 2359 247 58 ministranda
1138 2359 115 58 sacra

480 2413 170 51 menta:
599 2413 187 51 dummodo
735 2413 102 51 in
786 2413 170 51 festis
906 2413 170 51 diebus
1025 2413 187 51 pabulum
1144 2413 102 51 vita

485 2450 143 49 gregi
581 2450 111 49 suo
644 2450 223 49 ministret:
819 2450 80 49 &
851 2450 255 49 confessiones
1058 2450 95 49 ac
1106 2450 143 49 casus
1185 2450 64 49 am

477 2494 160 54 biguos
589 2494 176 54 audiat.
717 2494 144 54 Durum
813 2494 160 54 namque
925 2494 112 54 est
989 2494 160 54 dicere
1101 2494 144 54 virum
1181 2494 80 54 eru

476 2532 147 66 ditum
574 2532 163 66 doctis
688 2532 212 66 conuiuere
851 2532 82 66 &
884 2532 196 66 conferre
1031 2532 212 66 assuetum:
1177 2532 82 66 de-

486 2577 128 61 bere
566 2577 160 61 manere
678 2577 192 61 continuo
822 2577 96 61 in
870 2577 128 61 pago
950 2577 224 61 rusticano.
1110 2577 144 61 Videtur

474 2624 129 54 sane
555 2624 97 54 ei
603 2624 210 54 sufficere
764 2624 97 54 in
813 2624 161 54 oppido
925 2624 113 54 vel
990 2624 129 54 vrbe
1071 2624 177 54 proxima
1183 2624 65 54 mo

474 2673 140 50 rari:
568 2673 202 50 plerunque
723 2673 124 50 suos
801 2673 217 50 visitando:
971 2673 124 50 modo
1049 2673 109 50 non
1111 2673 140 50 absit
1189 2673 62 50 in

478 2706 153 80 festis
585 2706 122 80 nisi
661 2706 92 80 ob
707 2706 244 80 rationabilem
905 2706 153 80 causam
997 2706 244 80 superuenientem

1467 318 286 88 Vbitatur:
1687 318 132 88 an
1753 318 308 88 suscipiens
1973 318 132 88 bene

1476 383 148 59 ficium
1580 383 133 59 animo
1668 383 103 59 non
1727 383 192 59 residendi
1875 383 103 59 sed
1934 383 162 59 fructus
2037 383 74 59 col

1472 427 171 66 ligendi
1597 427 78 66 &
1628 427 156 66 postea
1737 427 233 66 relinquendi
1908 427 202 66 beneficium:

1472 476 190 61 teneatur
1615 476 95 61 ad
1662 476 285 61 restitutionem.
1884 476 222 61 Respondetur.

1325 524 91 51 is
1370 524 167 51 tenetur
1492 524 212 51 restituere
1658 524 121 51 nisi
1734 524 136 51 mutet
1825 524 152 51 postea
1916 524 182 51 voluntatem

1339 567 149 52 vtputa
1443 567 89 52 si
1488 567 149 52 postea
1592 567 179 52 proponat
1726 567 208 52 beneficium
1890 567 179 52 seruare:
2024 567 74 52 &
2038 567 60 52 in

1340 615 151 57 officio
1450 615 82 57 ad
1491 615 110 57 quod
1560 615 192 57 beneficium
1710 615 192 57 institutum
1861 615 96 57 est
1916 615 178 57 fideliter
2039 615 69 57 la-

1334 658 155 49 borare.
1446 658 112 49 quod
1517 658 84 49 si
1559 658 112 49 alio
1629 658 127 49 animo
1713 658 169 49 collator
1840 658 84 49 ei
1882 658 211 49 beneficium,
2037 658 70 49 con

1331 705 173 47 tulerit:
1460 705 158 47 peccat.
1575 705 86 47 Et
1618 705 158 47 habetur
1733 705 129 47 istud
1819 705 86 47 in
1863 705 101 47 ca.
1920 705 187 47 Commissa.
2049 705 58 47 de

1332 746 131 49 elect.
1424 746 131 49 libro.
1515 746 92 49 vi.
1568 746 79 49 S.
1607 746 170 49 Caeterum.
1738 746 79 49 Et
1777 746 92 49 hoc
1830 746 170 49 intelligo
1961 746 105 49 nisi
2013 746 92 49 esset

1327 795 168 48 aliquis
1449 795 107 48 pro
1510 795 198 48 republica
1662 795 198 48 militans:
1814 795 107 48 cui
1875 795 107 48 non
1936 795 107 48 sit
1982 795 122 48 proui-

1327 835 118 71 sum.
1401 835 103 71 nam
1460 835 147 71 potest
1563 835 118 71 esse
1636 835 118 71 quod
1710 835 88 71 in
1754 835 235 71 vniuersitate
1945 835 132 71 legat
2019 835 88 71 sine

1323 876 204 63 stipendiis
1483 876 131 63 aliis
1571 876 73 63 a
1585 876 160 63 beneficio

1327 946 104 63 â‹
1369 946 269 63 Dubitatur
1576 946 249 63 secundo:
1763 946 124 63 an
1825 946 207 63 melius
1949 946 166 63 faciat

1327 996 186 54 theologus
1470 996 143 54 legens
1570 996 86 54 in
1613 996 229 54 vniuersitate
1799 996 114 54 quam
1870 996 129 54 circa
1942 996 157 54 praedicar

1328 1048 169 42 tionem
1446 1048 101 42 se
1497 1048 219 42 occupans.
1665 1048 253 42 Respondetur
1868 1048 118 42 per
1935 1048 135 42 duas
2003 1048 101 42 con-

1325 1087 201 52 clusiones.
1483 1087 129 52 Prior
1569 1087 115 52 est.
1640 1087 86 52 Si
1683 1087 158 52 vterque
1798 1087 100 52 est
1856 1087 100 52 non
1899 1087 215 52 beneficiatus:

1332 1134 131 56 melius
1424 1134 118 56 facit
1502 1134 131 56 lector
1594 1134 105 56 quam
1659 1134 210 56 praedicator.
1830 1134 118 56 ratio
1908 1134 105 56 est:
1974 1134 105 56 quia
2026 1134 79 56 prae

1334 1172 179 57 dicatores
1472 1172 138 57 facit:
1568 1172 69 57 &
1596 1172 96 57 eos
1651 1172 83 57 ad
1692 1172 220 57 praedicandum
1871 1172 165 57 dirigit.
1995 1172 96 57 nam
2036 1172 69 57 si-

1324 1227 92 49 ne
1370 1227 199 49 theologia
1523 1227 215 49 praedicare
1692 1227 199 49 nequeunt:
1845 1227 123 49 nisi
1922 1227 153 49 aliqua
2014 1227 92 49 memo

1328 1265 146 49 riter
1425 1265 243 49 pronuncient
1620 1265 130 49 more
1701 1265 146 49 eorum
1798 1265 113 49 qui
1863 1265 211 49 comoedias
2009 1265 97 49 reci

1327 1309 138 53 tant.
1419 1309 168 53 Secundo
1541 1309 184 53 probatur
1679 1309 138 53 idem.
1770 1309 153 53 lector
1878 1309 122 53 etsi
1939 1309 168 53 pauciores

1320 1349 160 52 habens
1432 1349 96 52 in
1480 1349 160 52 numero
1592 1349 224 52 auditores,
1768 1349 112 52 eos
1832 1349 192 52 lectores
1976 1349 80 52 &
1992 1349 112 52 prae-

1316 1396 205 60 dicatores
1474 1396 158 60 facit:
1584 1396 126 60 ergo
1663 1396 189 60 doctrina
1805 1396 126 60 eius
1883 1396 126 60 plus
1946 1396 158 60 diuulga-

1316 1437 109 64 tur
1379 1437 94 64 in
1426 1437 172 64 populum
1551 1437 125 64 quam
1629 1437 141 64 vnius
1723 1437 235 64 praedicatio
1911 1437 109 64 qui
1973 1437 125 64 vnam
2036 1437 78 64 cu-

1319 1491 118 46 ram
1387 1491 270 46 determinatam
1606 1491 169 46 habet.
1724 1491 186 46 Insuper
1859 1491 253 46 architectus
2045 1491 67 46 de

1322 1528 133 48 domo
1406 1528 216 48 extruenda
1572 1528 216 48 disponens
1739 1528 83 48 /
1772 1528 133 48 plus
1855 1528 150 48 facit
1955 1528 100 48 ad
1988 1528 117 48 domus

1324 1576 272 46 compositionem:
1551 1576 76 46 &
1581 1576 121 46 plus
1656 1576 166 46 praemii
1777 1576 181 46 acquirit
1913 1576 121 46 quam
1974 1576 136 46 lapidum

1326 1616 173 55 caelator:
1459 1616 93 55 vel
1512 1616 120 55 faber
1592 1616 187 55 lignarius.
1739 1616 93 55 sed
1792 1616 133 55 lector
1886 1616 93 55 est
1926 1616 173 55 architectus

1319 1657 97 60 in
1367 1657 129 60 domo
1448 1657 225 60 spirituali
1625 1657 113 60 dei
1689 1657 81 60 &
1722 1657 193 60 director
1866 1657 145 60 domus
1947 1657 161 60 spiritua

1323 1702 109 50 lis
1386 1702 265 50 aedificandae:
1604 1702 234 50 praedicator
1791 1702 140 50 autem
1884 1702 109 50 est
1931 1702 171 50 manuarius

1326 1751 212 52 operator.
1489 1751 130 52 ltem
1570 1751 163 52 docens
1684 1751 163 52 doctos
1798 1751 196 52 docturos
1945 1751 81 52 /
1978 1751 163 52 quodam

1316 1803 124 48 modo
1394 1803 202 48 simplices
1549 1803 78 48 &
1580 1803 186 48 indoctos
1720 1803 155 48 docet.
1829 1803 93 48 de
1876 1803 155 48 doctis
1984 1803 124 48 enim
2046 1803 47 48 d

1324 1838 89 53 ab
1369 1838 89 53 eo
1413 1838 163 53 audiunt
1532 1838 74 53 /
1561 1838 104 53 non
1621 1838 104 53 est
1680 1838 163 53 dubium.
1799 1838 89 53 de
1843 1838 222 53 simplicibus
2006 1838 104 53 etiam

1322 1883 144 51 patet:
1423 1883 115 51 quia
1495 1883 173 51 quicquid
1625 1883 101 51 est
1682 1883 130 51 causa
1769 1883 144 51 causae
1870 1883 72 51 /
1899 1883 101 51 est
1957 1883 130 51 causa
2029 1883 72 51 cau

1316 1931 151 47 sati.
1417 1931 84 47 â‹
1451 1931 185 47 Secunda
1585 1931 236 47 conclusio.
1770 1931 135 47 Stat
1855 1931 202 47 lectorem
1989 1931 118 47 curam

1318 1976 215 53 animarum
1479 1976 215 53 habentem
1640 1976 143 53 quae
1729 1976 268 53 residentiam
1926 1976 179 53 requirit

1321 2021 119 48 per
1389 2021 153 48 legem
1491 2021 221 48 communem:
1661 2021 204 48 excusari
1813 2021 85 48 a
1847 2021 238 48 residentia
2017 2021 85 48 per

1324 2053 192 55 lectionem
1472 2053 147 55 vtilem
1575 2053 88 55 in
1619 2053 250 55 vniuersitate:
1825 2053 162 55 quamuis
1943 2053 147 55 legere
2031 2053 74 55 sit

1315 2107 87 53 de
1359 2107 189 53 consilio.
1505 2107 175 53 probatur
1635 2107 116 53 sic.
1708 2107 189 53 possibile
1854 2107 102 53 est
1912 2107 189 53 lectionem
2043 2107 58 53 ei

1320 2146 89 61 se
1365 2146 221 61 reipublicae
1542 2146 192 61 vtiliorem
1689 2146 103 61 qui
1748 2146 221 61 residentiam
1925 2146 118 61 eius
1999 2146 89 61 in
2028 2146 74 61 be-

1322 2194 187 49 neficio:
1463 2194 78 49 &
1494 2194 171 49 prudens
1618 2194 109 49 ita
1681 2194 187 49 iudicat:
1821 2194 125 49 ergo
1899 2194 109 49 non
1945 2194 156 49 residens

1325 2232 116 65 sed
1392 2232 166 65 legens
1508 2232 116 65 non
1574 2232 166 65 peccat
1690 2232 116 65 sed
1757 2232 199 65 meretur.
1906 2232 182 65 Secundo
2022 2232 83 65 pa-

1320 2284 109 58 tet
1383 2284 140 58 idem.
1476 2284 124 58 nisi
1553 2284 109 58 hoc
1615 2284 140 58 esset
1708 2284 155 58 verum:
1817 2284 109 58 hoc
1879 2284 140 58 foret
1956 2284 140 58 propter

1319 2331 99 51 ea
1368 2331 132 51 quia
1450 2331 214 51 consilium
1615 2331 115 51 non
1681 2331 198 51 absoluit
1829 2331 115 51 seu
1895 2331 214 51 deobligat
2044 2331 49 51 a

1322 2368 233 56 praecepto.
1506 2368 117 56 sed
1572 2368 117 56 hoc
1639 2368 117 56 est
1705 2368 167 56 falsum
1822 2368 167 56 quando
1922 2368 183 56 consilium

1307 2418 133 48 est
1383 2418 114 48 de
1440 2418 190 48 maiore
1573 2418 171 48 bono.
1687 2418 285 48 quemadmodum
1895 2418 209 48 praedica-

1319 2457 110 62 tor
1382 2457 236 62 deobligatur
1571 2457 79 62 a
1602 2457 173 62 ieiunio
1728 2457 236 62 praeceptiuo
1901 2457 204 62 quadragesi-

1322 2505 115 48 mae
1387 2505 181 48 propter
1519 2505 132 48 opus
1601 2505 197 48 consilii
1749 2505 99 48 in
1799 2505 263 48 praedicando:
1996 2505 115 48 quan-

1321 2546 92 60 do
1367 2546 123 60 eius
1444 2546 231 60 praedicatio
1629 2546 108 60 est
1690 2546 231 60 reipublicae
1875 2546 154 60 multum
1967 2546 139 60 vtilis.

1315 2589 138 57 illic
1407 2589 123 57 enim
1484 2589 185 57 seruatur
1622 2589 185 57 intentio
1761 2589 138 57 legis
1853 2589 92 57 de
1899 2589 185 57 ieiunio.
2022 2589 77 57 nam

1318 2640 110 56 per
1381 2640 174 56 studium
1508 2640 79 56 &
1539 2640 284 56 sollicitudinem
1776 2640 126 56 caro
1855 2640 126 56 eius
1933 2640 142 56 satis
2028 2640 110 56 do-

1315 2687 152 45 matur:
1421 2687 76 45 &
1452 2687 106 45 ita
1512 2687 76 45 a
1543 2687 167 45 ieiunio
1664 2687 198 45 ecclesiae
1816 2687 213 45 absoluitur
1968 2687 137 45 propter

1314 2730 160 57 maius
1421 2730 178 57 bonum.
1546 2730 143 57 ldem
1635 2730 160 57 patet
1742 2730 107 57 in
1795 2730 196 57 materia
1920 2730 178 57 martyrii
