2284 3328
444 313 207 84 Guilielmi
604 313 239 84 Parisiensis
795 313 223 84 vnanimiter
971 313 96 84 ab
1019 313 192 84 omnibus:
1146 313 80 84 dem

454 382 116 64 ptis
526 382 160 64 duobus:
642 382 145 64 quibus
744 382 145 64 postea
845 382 116 64 male
918 382 160 64 euenit:
1034 382 116 64 quod
1106 382 87 64 si
1135 382 87 64 quis

449 426 172 54 haberet
574 426 172 54 viginti
699 426 156 54 libras
808 426 234 54 Parisienses
996 426 94 54 in
1042 426 109 54 vno
1089 426 125 54 benefi

453 478 123 51 cio:
529 478 107 51 non
591 478 169 51 poterat
714 478 123 51 sana
790 478 230 51 conscientia
974 478 138 51 aliud
1051 478 169 51 accipere.

453 515 74 62 ⁋
483 515 236 62 Respondetur.
675 515 118 62 illa
749 515 207 62 tempestate
911 515 133 62 forte
1000 515 133 62 pauci
1088 515 133 62 erant
1162 515 59 62 in

448 559 199 68 facultate.
604 559 128 68 forte
690 559 128 68 etiam
775 559 114 68 quis
846 559 142 68 tantum
946 559 156 68 habebat
1059 559 114 68 tunc
1130 559 100 68 pro
1173 559 57 68 vi

442 607 129 54 ginti
528 607 158 54 libris,
643 607 158 54 quantum
758 607 115 54 nunc
829 607 101 54 pro
887 607 144 54 centum
987 607 172 54 francis.
1116 607 101 54 Sed
1160 607 57 54 di

448 651 247 50 circunstantiis
654 651 69 50 &
681 651 151 50 motiuis
791 651 110 50 tunc
860 651 192 50 facultatem
1010 651 192 50 mouentibus
1147 651 69 50 non

444 690 110 54 legi:
517 690 86 54 est
566 690 98 54 mihi
627 690 98 54 vero
688 690 122 54 simile
774 690 98 54 quod
835 690 86 54 sit
884 690 98 54 vnum
945 690 159 54 fictitium
1067 690 61 54 &
1079 690 147 54 commentum.

442 739 127 61 Non
514 739 145 61 enim
605 739 163 61 ausim
713 739 217 61 doctorem
876 739 235 61 theologum
1038 739 181 61 eruditum

444 788 93 51 vel
497 788 80 51 in
537 788 120 51 aliis
617 788 80 51 ei
657 788 213 51 aequalentem,
830 788 67 51 &
856 788 146 51 moribus
963 788 133 51 grauem
1056 788 160 51 damnare:
1162 788 67 51 vel

449 828 133 50 dicere
542 828 106 50 esse
608 828 120 50 extra
688 828 133 50 statum
781 828 160 50 salutis:
901 828 93 50 qui
954 828 120 50 habet
1034 828 80 50 in
1074 828 133 50 variis
1154 828 80 50 bene

437 870 145 50 ficiis
539 870 175 50 pecuniam
670 870 87 50 ad
714 870 87 50 se
757 870 160 50 alendum
874 870 102 50 cum
932 870 145 50 duobus
1034 870 175 50 famulis,
1150 870 73 50 pro

439 915 243 49 supellectile
636 915 76 49 /
667 915 76 49 &
697 915 152 49 libris
804 915 91 49 in
849 915 152 49 quadam
955 915 243 49 mediocritate
1138 915 91 49 hone

445 960 115 49 sta.
516 960 86 49 Et
560 960 86 49 si
603 960 115 49 opus
675 960 101 49 sit
732 960 86 49 ei
775 960 129 49 equo:
861 960 115 49 quis
933 960 129 49 totum
1019 960 129 49 illud
1091 960 144 49 reproba-

449 1001 104 61 bit:
514 1001 130 61 saltem
605 1001 104 61 quod
670 1001 117 61 talis
748 1001 91 61 sit
800 1001 117 61 extra
878 1001 195 61 latitudinem
1021 1001 208 61 sufficientiae:

445 1055 113 49 esto
516 1055 99 49 sit
572 1055 170 49 plebeius
700 1055 113 49 nemo
771 1055 170 49 asseret.
899 1055 85 49 Et
941 1055 85 49 si
984 1055 184 49 praeterea
1112 1055 113 49 fuerii

449 1089 144 61 claris
549 1089 187 61 natalibus
693 1089 144 61 ortus:
794 1089 86 61 ad
837 1089 129 61 paulo
923 1089 129 61 maius
1009 1089 158 61 admitti
1110 1089 115 61 potest

448 1137 115 68 ergo
519 1137 115 68 ille
591 1137 86 68 de
634 1137 100 68 quo
691 1137 143 68 loquor
791 1137 100 68 non
849 1137 100 68 est
906 1137 186 68 propterea
1049 1137 129 68 extra
1120 1137 115 68 statum

440 1182 161 53 saiutis:
560 1182 121 53 etiam
641 1182 80 53 si
681 1182 148 53 haberet
788 1182 161 53 circiter
909 1182 148 53 ducenta
1016 1182 134 53 scuta.
1110 1182 67 53 &
1124 1182 107 53 potest

437 1225 132 65 illud
525 1225 103 65 per
584 1225 220 65 pragmaticam
761 1225 206 65 sanctionem
922 1225 176 65 vallari:
1055 1225 118 65 quae
1113 1225 118 65 tantam

435 1276 162 68 summa
543 1276 108 68 in
597 1276 359 68 denominationibus
884 1276 198 68 admittit.

434 1336 112 77 ⁋
478 1336 224 77 Contra
636 1336 269 77 secundam
838 1336 359 77 conclusionem
1107 1336 112 77 ar-

447 1399 190 58 gumentor:
594 1399 73 58 &
623 1399 102 58 est
681 1399 175 58 obiectio
813 1399 146 58 contra
915 1399 205 58 solutionem
1061 1399 161 58 praeceder

438 1452 130 54 tem.
519 1452 130 54 lste
600 1452 97 54 de
649 1452 113 54 quo
713 1452 162 54 loquor
827 1452 113 54 est
892 1452 227 54 episcopatu
1070 1452 162 54 dignus
1167 1452 65 54 To

447 1488 149 52 letano
551 1488 104 52 vel
611 1488 253 52 Maguntinensi.
819 1488 119 52 tunc
893 1488 119 52 sic.
967 1488 119 52 iste
1027 1488 208 52 Magutinensis

453 1542 148 49 potest
557 1542 148 49 habere
660 1542 133 49 vltra
749 1542 192 49 sexaginta
897 1542 133 49 milia
986 1542 207 49 ducatorum:
1134 1542 89 49 erge

441 1587 149 49 tantum
545 1587 149 49 potest
649 1587 149 49 habere
753 1587 89 49 in
798 1587 193 49 pluribus.
947 1587 238 49 consequentia
1125 1587 104 49 tenei

447 1630 126 52 quia
526 1630 110 52 est
589 1630 141 52 eadem
683 1630 141 52 summa
777 1630 188 52 pecuniae
918 1630 204 52 collecta:
1075 1630 78 52 &
1106 1630 126 52 idem
1169 1630 63 52 ho

440 1665 110 59 mo:
503 1665 78 59 &
534 1665 219 59 aequaliter
706 1665 203 59 laborans.
863 1665 78 59 ⁋
894 1665 235 59 Respondetur
1066 1665 157 59 consequi

451 1710 98 57 tia
507 1710 98 57 est
563 1710 141 57 nulla.
662 1710 141 57 Ratio:
760 1710 112 57 quia
830 1710 112 57 iste
901 1710 155 57 pinguis
1013 1710 211 57 episcopatus
1168 1710 70 57 est

448 1758 152 56 vnicus
554 1758 76 56 &
585 1758 258 56 indiuisibilis
797 1758 91 56 in
843 1758 182 56 potentia
980 1758 213 56 propinqua.
1132 1758 106 56 opor-

444 1799 104 50 tet
503 1799 118 50 ergo
577 1799 89 50 vt
622 1799 104 50 vni
681 1799 207 50 concedatur
844 1799 192 50 vigilanti
991 1799 177 50 pastori:
1110 1799 118 50 quemad

444 1848 118 54 modu
518 1848 104 54 est
577 1848 118 54 iste
652 1848 89 54 de
696 1848 104 54 quo
755 1848 193 54 loquimur.
903 1848 104 54 sed
962 1848 104 54 non
1022 1848 148 54 potest
1111 1848 118 54 tantum

453 1888 149 56 habere
557 1888 89 56 in
602 1888 194 56 pluribus.
751 1888 104 56 Non
811 1888 119 56 enim
885 1888 134 56 video
975 1888 164 56 aliquem
1079 1888 149 56 episcopa

454 1941 96 51 tum
509 1941 110 51 quin
578 1941 124 51 totum
661 1941 152 51 hominem
771 1941 179 51 requirat:
909 1941 69 51 &
937 1941 207 51 sufficiente
1088 1941 138 51 prouisio

445 1979 98 51 nem
501 1979 154 51 habeat:
613 1979 126 51 etiam
698 1979 98 51 pro
754 1979 112 51 viro
824 1979 140 51 idoneo
922 1979 70 51 &
950 1979 154 51 nobili.
1063 1979 84 51 de
1091 1979 126 51 talibus

450 2022 133 45 autem
539 2022 148 45 magnis
643 2022 207 45 beneficiis
806 2022 104 45 vel
865 2022 237 45 dignitatibus
1057 2022 104 45 non
1102 2022 133 45 locutus

454 2065 116 47 sum.
526 2065 145 47 Contra
628 2065 102 47 hoc
686 2065 189 47 arguitur.
831 2065 116 47 quod
903 2065 247 47 Rothomagensis
1092 2065 131 47 epsoatu

452 2112 113 45 sit
517 2112 162 45 magnus
630 2112 81 45 &
662 2112 162 45 valeat
775 2112 194 45 duodecim
921 2112 146 45 milia
1018 2112 226 45 ducatorum:
1179 2112 49 45 &

459 2156 190 49 Meldensis
606 2156 132 49 minor
694 2156 73 49 /
723 2156 102 49 bis
781 2156 132 49 mille
869 2156 161 49 ducatos
986 2156 161 49 valens:
1103 2156 102 49 est
1147 2156 88 49 vnum

464 2204 186 50 positiuum
607 2204 172 50 humanum:
736 2204 72 50 &
765 2204 129 50 nulla
851 2204 143 50 illius
951 2204 129 50 danda
1037 2204 100 50 est
1095 2204 143 50 ratio:
1181 2204 57 50 er

454 2249 100 52 go
504 2249 117 52 cum
571 2249 134 52 vnus
655 2249 167 52 possit
771 2249 167 52 habere
888 2249 250 52 episcopatum
1072 2249 150 52 Rothoma

453 2287 169 57 gensem:
576 2287 123 57 tota
653 2287 200 57 dioecesim
807 2287 139 57 sicut
899 2287 169 57 oportet
1022 2287 216 57 visitando:
1176 2287 62 57 si

454 2342 116 47 tota
527 2342 116 47 illa
600 2342 189 47 dioecesis
745 2342 87 47 in
788 2342 116 47 duos
861 2342 218 47 episcopatus
1035 2342 131 47 esset
1107 2342 131 47 diuisa:

451 2378 154 50 ambitus
563 2378 98 50 non
619 2378 126 50 esset
703 2378 140 50 maior:
801 2378 112 50 ergo
871 2378 112 50 ille
941 2378 98 50 qui
997 2378 126 50 ante,
1081 2378 126 50 totam
1151 2378 84 50 dioe

461 2425 128 49 cesim
546 2425 170 49 inuisere
674 2425 170 49 poterat:
802 2425 114 49 nunc
873 2425 170 49 vtramque
1001 2425 170 49 visitare
1114 2425 114 49 potest

465 2466 75 55 &
495 2466 269 55 dispensationem
719 2466 134 55 habet
808 2466 75 55 a
838 2466 149 55 maximo
943 2466 209 55 pontifice,
1107 2466 119 55 quam
1166 2466 60 55 du

461 2519 104 45 os
513 2519 260 45 episcopatus
721 2519 173 45 potest
842 2519 260 45 coniungere,
1050 2519 87 45 &
1084 2519 139 45 vnum
1154 2519 69 45 ma

455 2565 128 47 gnum
535 2565 208 47 diuidere.
695 2565 128 47 ergo
775 2565 112 47 qui
839 2565 176 47 poterat
966 2565 160 47 tenere
1062 2565 176 47 episcopa-

456 2603 115 45 tum
521 2603 280 45 Rothomagensem
752 2603 115 45 per
818 2603 148 45 legem
916 2603 197 45 communem
1064 2603 82 45 /
1081 2603 148 45 poterii

464 2640 96 54 per
519 2640 246 54 dispensationem
724 2640 137 54 tenere
819 2640 82 54 a.
860 2640 68 54 &
888 2640 68 54 b
915 2640 96 54 per
970 2640 123 54 modum
1051 2640 137 54 vnius.
1147 2640 96 54 sit
1188 2640 41 54 a

470 2689 99 45 vna
527 2689 199 45 dimidietas
683 2689 142 45 illius
782 2689 199 45 dioecesis,
939 2689 71 45 &
967 2689 85 45 b.
1010 2689 156 45 altera.
1109 2689 128 45 Respon-

458 2731 126 67 detur
542 2731 197 67 concedendo
697 2731 112 67 quod
767 2731 98 67 non
823 2731 98 67 est
879 2731 126 67 ratio
963 2731 182 67 naturalis
1104 2731 98 67 vel
1146 2731 84 67 diui

1284 310 90 77 na
1329 310 120 77 alia
1404 310 90 77 ab
1449 310 180 77 hominium
1584 310 210 77 voluntate:
1750 310 135 77 quare
1840 310 195 77 Meldensis
1975 310 90 77 epi-

1278 386 213 46 scopatus
1438 386 124 46 sit
1509 386 284 46 subsextuplus
1740 386 107 46 ad
1776 386 284 46 Rothomagensem.

1282 432 144 41 tamen
1378 432 144 41 minor
1474 432 144 41 eorum
1570 432 256 41 eruditissimo
1777 432 80 41 &
1809 432 240 41 nobilissimo
1985 432 80 41 vi-

1288 475 84 54 ro
1330 475 182 54 sufficere
1470 475 154 54 potest:
1582 475 70 54 &
1610 475 126 54 totum
1693 475 154 54 hominem
1805 475 182 54 requirit.
1945 475 84 54 Et
1973 475 84 54 quan

1284 516 92 48 do
1330 516 169 48 infers.
1453 516 92 48 si
1499 516 123 48 vnus
1576 516 154 48 possit
1684 516 154 48 habere
1792 516 231 48 episcopatum
1961 516 108 48 Rotho

1288 566 191 52 magensem:
1435 566 147 52 potest
1538 566 118 52 duos
1612 566 147 52 habere
1715 566 147 52 quando
1818 566 147 52 fieret
1906 566 147 52 partitio

1283 608 93 46 De
1330 608 217 46 partitione
1501 608 155 46 postea
1609 608 171 46 loquar:
1733 608 109 46 sed
1795 608 171 46 pronunc
1919 608 124 46 nego
1981 608 78 46 con

1281 653 227 53 sequentiam:
1463 653 121 53 quia
1538 653 121 53 vnus
1614 653 167 53 illorum
1735 653 242 53 episcopatuum
1932 653 106 53 est
1977 653 76 53 pri

1287 694 106 51 mium
1353 694 173 51 temporale
1486 694 80 51 ei
1526 694 199 51 sufficiens,
1685 694 66 51 &
1712 694 106 51 eius
1778 694 199 51 praesentiam
1937 694 93 51 seu
1977 694 80 51 resi

1287 741 167 44 dentiam
1408 741 212 44 requirens,
1575 741 106 44 pro
1635 741 197 44 ordinibus
1787 741 76 44 &
1817 741 152 44 multis
1923 741 136 44 aliis
1999 741 76 44 mi-

1288 781 251 59 nistrandis.
1489 781 184 59 Legimus
1623 781 201 59 siquidem
1773 781 117 59 cum
1840 781 167 59 quidam
1940 781 134 59 rogart

1292 830 173 48 Paulum
1413 830 208 48 Secundum
1569 830 121 48 pro
1638 830 173 48 duobus
1760 830 295 48 episcopatibus
1985 830 87 48 vni

1290 872 164 51 dandis,
1409 872 179 51 asserens
1543 872 119 51 esse
1618 872 149 51 filium
1722 872 149 51 regis:
1827 872 224 51 respondisse
1991 872 89 51 pon-

1289 915 161 49 tificem,
1409 915 107 49 etsi
1476 915 134 49 filius
1570 915 94 49 dei
1623 915 120 49 esset
1704 915 94 49 non
1757 915 214 49 dispensarem.
1931 915 107 49 Dico
1985 915 80 49 hant

1293 965 232 48 responsionem
1482 965 160 48 vicario
1599 965 102 48 dei
1657 965 160 48 dignam.
1773 965 160 48 Nunquam
1889 965 116 48 enim
1947 965 131 48 admitto

1297 1008 121 60 quod
1373 1008 121 60 quis
1449 1008 152 60 possit
1555 1008 152 60 habere
1661 1008 106 60 duo
1722 1008 213 60 beneficia:
1889 1008 106 60 vbi
1934 1008 137 60 alterum

1296 1056 162 49 sufficit
1417 1056 94 49 suo
1471 1056 148 49 statui,
1579 1056 67 49 &
1606 1056 175 49 vtilitati
1741 1056 108 49 quam
1808 1056 202 49 reipublicae
1957 1056 121 49 affert,

1294 1098 134 49 etiam
1384 1098 194 49 respectum
1533 1098 164 49 habendo
1652 1098 89 49 ad
1697 1098 164 49 idoneos
1816 1098 104 49 qui
1875 1098 134 49 nihil
1950 1098 134 49 habent.

1298 1140 107 58 Non
1359 1140 137 58 esset
1450 1140 137 58 etiam
1542 1140 229 58 rationabile
1724 1140 213 58 coniungere
1892 1140 122 58 duos
1953 1140 122 58 paruos

1298 1190 264 49 episcopatus:
1513 1190 165 49 quorum
1629 1190 182 49 vterque
1761 1190 132 49 viro
1844 1190 165 49 maxime
1943 1190 132 49 idoneo

1291 1233 228 45 necessarius
1473 1233 106 45 est
1534 1233 106 45 pro
1595 1233 182 45 episcopi
1731 1233 213 45 dignitate.
1899 1233 152 45 Potius
2005 1233 106 45 ma-

1290 1278 149 54 gnorum
1395 1278 224 54 partitionem
1574 1278 209 54 admitterem
1738 1278 75 54 /
1768 1278 254 54 multiplicando
1962 1278 119 54 pasto-

1289 1322 116 45 res,
1361 1322 145 45 quorum
1462 1322 174 45 quilibet
1592 1322 231 45 sufficientem
1780 1322 217 45 prouisionem
1939 1322 145 45 haberet.

1299 1360 105 49 Sed
1359 1360 255 49 consuetudines
1569 1360 75 49 &
1599 1360 180 49 regionum
1733 1360 135 49 leges
1823 1360 75 49 (
1853 1360 120 49 nisi
1928 1360 135 49 valde
2003 1360 75 49 ex-

1302 1410 206 46 orbitantes
1464 1410 176 46 fuerint)
1596 1410 103 46 non
1655 1410 117 46 sunt
1728 1410 206 46 variandae.
1890 1410 88 46 Ne
1919 1410 147 46 transgre

1293 1451 150 49 diaris
1398 1451 180 49 terminos
1533 1451 180 49 antiquos
1668 1451 120 49 quos
1742 1451 195 49 posuerunt
1892 1451 150 49 patres
1982 1451 90 49 tui-

1293 1494 145 47 inquit
1395 1494 160 47 sapiens
1511 1494 160 47 Prouer.
1627 1494 131 47 xxii.
1714 1494 145 47 Arist.
1816 1494 102 47 ii.
1874 1494 131 47 Poli.
1961 1494 102 47 vi.
2004 1494 73 47 re-

1303 1540 198 56 prehendens
1458 1540 184 56 Hippodami
1600 1540 141 56 leges,
1699 1540 127 56 inter
1784 1540 113 56 quas
1855 1540 113 56 haec
1925 1540 113 56 fuit
1982 1540 99 56 repre

1302 1582 126 51 hensa,
1390 1582 100 51 quod
1453 1582 75 51 ii
1491 1582 88 51 qui
1541 1582 113 51 vtile
1616 1582 151 51 quippiam
1729 1582 151 51 ciuitati
1842 1582 176 51 reperirent
1980 1582 63 51 /
1993 1582 75 51 hono

1298 1630 114 45 ribus
1374 1630 216 45 afficerentur:
1552 1630 114 45 dicit
1628 1630 114 45 artem
1704 1630 140 45 propter
1806 1630 152 45 meliorem
1907 1630 165 45 superueniem

1301 1673 99 45 tem
1357 1673 183 45 mutandam:
1498 1673 99 45 non
1554 1673 127 45 autem
1639 1673 141 45 legem.
1737 1673 99 45 Nam
1794 1673 99 45 lex
1850 1673 169 45 (inquit)
1962 1673 113 45 nullam

1294 1717 116 46 vim
1361 1717 149 46 habet
1460 1717 99 46 ad
1510 1717 215 46 suadendum
1675 1717 132 46 nisi
1758 1717 99 46 ex
1807 1717 149 46 more.
1907 1717 116 46 Mos
1956 1717 116 46 autem

1295 1761 93 50 non
1348 1761 93 50 fit
1401 1761 107 50 nisi
1468 1761 160 50 temporis
1588 1761 214 50 longitudine.
1762 1761 120 50 quare
1842 1761 133 50 facile
1935 1761 133 50 mutare
2015 1761 67 50 le-

1306 1811 96 51 ges
1361 1811 82 51 ex
1402 1811 218 51 praesentibus
1579 1811 82 51 in
1620 1811 123 51 alias
1702 1811 137 51 nouas:
1798 1811 164 51 infirmam
1921 1811 137 51 facere
2003 1811 68 51 est

1302 1853 112 50 vim
1366 1853 160 50 legis.
1478 1853 176 50 Oportet
1606 1853 128 50 ergo
1686 1853 144 50 loqui
1781 1853 96 50 de
1829 1853 144 50 facto
1925 1853 80 50 &
1957 1853 112 50 non
2005 1853 64 50 de

1303 1903 208 50 possibili.
1466 1903 89 50 Et
1511 1903 163 50 ostendo
1630 1903 208 50 solutionem
1793 1903 119 50 esse
1852 1903 223 50 rationabilem:

1309 1939 121 58 quia
1384 1939 181 58 concesso
1520 1939 106 58 hoc
1580 1939 121 58 quod
1656 1939 211 58 argumentum
1822 1939 181 58 quaerit:
1942 1939 136 58 deduce-

1297 1988 91 49 re
1342 1988 137 49 potes
1434 1988 122 49 quod
1510 1988 106 49 duo
1570 1988 152 49 habere
1677 1988 167 49 possint
1798 1988 228 49 episcopatus
1966 1988 106 49 omnes

1290 2028 98 48 in
1339 2028 196 48 Francia.
1485 2028 81 48 ⁋
1518 2028 179 48 Secundo
1648 2028 212 48 arguitur.
1811 2028 98 48 si
1860 2028 130 48 quis
1925 2028 147 48 haberet

1291 2075 124 57 duas
1368 2075 216 57 praebendas
1538 2075 93 57 in
1584 2075 139 57 eadem
1677 2075 201 57 ecclesia:
1831 2075 108 57 non
1877 2075 201 57 sequerentur

1293 2118 274 45 inconvenientia
1521 2118 167 45 illata:
1643 2118 107 45 cum
1704 2118 152 45 semper
1810 2118 167 45 maneret
1932 2118 91 45 in
1962 2118 107 45 eodem

1305 2162 136 66 loco:
1396 2162 106 66 sed
1456 2162 227 66 difficilius
1638 2162 121 66 iura
1714 2162 197 66 admittunt
1865 2162 121 66 quem
1941 2162 136 66 posse
2016 2162 61 66 ha

1297 2207 120 60 bere
1372 2207 105 60 duo
1432 2207 195 60 beneficia
1582 2207 90 60 in
1627 2207 135 60 eodem
1718 2207 120 60 loco
1793 2207 105 60 qui
1853 2207 90 60 in
1898 2207 165 60 variis:
2003 2207 75 60 er-

1301 2251 96 59 go
1349 2251 96 59 si
1397 2251 112 59 non
1461 2251 193 59 sequatur
1606 2251 257 59 inconueniens
1814 2251 96 59 ad
1846 2251 225 59 dispensatio-

1291 2303 116 45 nem
1358 2303 166 45 duorum
1474 2303 265 45 beneficiorum
1690 2303 100 45 in
1739 2303 149 45 eodem
1839 2303 149 45 loco:
1938 2303 116 45 nec
1988 2303 83 45 se-

1300 2339 168 47 quetur
1418 2339 268 47 inconueniens
1635 2339 101 47 ad
1686 2339 302 47 dispensationem
1920 2339 151 47 plurium

1290 2383 96 46 in
1338 2383 160 46 variis
1450 2383 160 46 locis.
1562 2383 80 46 ⁋
1594 2383 256 46 Respondetur.
1803 2383 128 46 iura
1883 2383 112 46 hoc
1931 2383 144 46 faciunt

1292 2427 100 47 ne
1342 2427 233 47 diminuatur
1525 2427 183 47 numerus
1659 2427 250 47 ministrorum
1859 2427 133 47 dei:
1942 2427 133 47 quia
2008 2427 67 47 si

1297 2474 121 49 quis
1373 2474 167 49 haberet
1494 2474 106 49 duo
1554 2474 197 49 beneficia
1706 2474 91 49 in
1751 2474 136 49 eadem
1842 2474 197 49 ecclesia:
1978 2474 91 49 ipse

1306 2518 153 51 vtrique
1417 2518 208 51 deseruiret:
1584 2518 69 51 &
1611 2518 97 51 sic
1667 2518 139 51 duorum
1764 2518 97 51 vel
1819 2518 125 51 trium
1889 2518 180 51 canonicorum

1293 2553 123 53 loca
1370 2553 123 53 vnus
1447 2553 216 53 occuparet:
1616 2553 92 53 ac
1662 2553 154 53 tandem
1770 2553 231 53 notabiliter
1939 2553 139 53 diminue

1297 2607 122 55 retur
1379 2607 163 55 numerus.
1501 2607 68 55 &
1528 2607 95 55 hoc
1583 2607 136 55 stante
1678 2607 217 55 beneficiorum
1855 2607 204 55 partitione.
2004 2607 68 55 nam

1300 2650 118 58 quod
1374 2650 118 58 vnum
1448 2650 104 58 sit
1507 2650 148 58 grande
1611 2650 74 58 &
1641 2650 192 58 dignitas:
1789 2650 133 58 aliud
1878 2650 118 58 vero
1952 2650 118 58 non:
2011 2650 59 58 ab

1301 2694 139 47 initio
1399 2694 111 47 fuit
1468 2694 223 47 voluntarium.
1649 2694 139 47 Potest
1747 2694 125 47 tamen
1830 2694 111 47 dari
1900 2694 125 47 casus
1984 2694 84 47 in
2011 2694 70 47 quo

1289 2739 131 55 quis
1371 2739 180 55 haberet
1502 2739 295 55 dispensationem
1747 2739 98 55 ad
1796 2739 180 55 habenda
1928 2739 115 55 duo
1977 2739 98 55 bene
