2308 3307
268 336 158 74 animam:
383 336 72 74 &
411 336 115 74 bona
483 336 187 74 ecclesiae
627 336 144 74 melius
728 336 201 74 protegunt.
886 336 101 74 sed
929 336 86 74 semi

263 406 94 45 de
310 406 172 45 idoneis
436 406 172 45 loquor:
561 406 110 45 ita
624 406 94 45 vt
671 406 188 45 separata
812 406 219 45 nobilitate
968 406 63 45 ad

266 442 261 51 imaginationem,
483 442 203 51 vndecumque
642 442 101 51 sit
700 442 174 51 idoneus.
831 442 72 51 â‹
860 442 145 51 Tertia
947 442 72 51 con

269 487 142 48 clusio
368 487 213 48 probabilis.
539 487 142 48 potius
638 487 227 48 dispensandum
823 487 99 48 est
880 487 99 48 cum
923 487 99 48 nobil

260 531 76 49 ad
298 531 127 49 plura,
387 531 101 49 quam
450 531 89 49 cum
501 531 164 49 ignobili:
627 531 127 49 etiasi
716 531 89 49 non
766 531 152 49 sequatur
880 531 152 49 vtilitas
981 531 51 49 in

249 584 121 42 tota
325 584 212 42 republica:
491 584 106 42 sed
552 584 197 42 respectum
704 584 167 42 habendo
825 584 91 42 ad
855 584 167 42 vtilitate

253 627 167 53 priuata.
378 627 125 53 Verbi
462 627 139 53 causa:
559 627 111 53 sint
629 627 111 53 duo:
699 627 139 53 Sortes
796 627 167 53 scilicet
908 627 111 53 nobili

249 663 74 61 &
279 663 134 61 Plato
368 663 208 61 ignobilis:
532 663 119 61 sint
606 663 208 61 aequaliter
769 663 149 61 vtiles
873 663 89 61 in
903 663 134 61 republi

267 706 80 48 ca
307 706 67 48 &
333 706 134 48 omnino
427 706 120 48 pares
507 706 160 48 iudicati
627 706 67 48 /
654 706 94 48 hoc
708 706 134 48 dempto
801 706 107 48 quod
868 706 107 48 vnus
935 706 94 48 est
975 706 40 48 n

259 751 145 57 bilis:
360 751 116 57 volo
432 751 145 57 dicere
533 751 130 57 adhuc
620 751 174 57 habendum
750 751 116 57 esse
823 751 159 57 aliquem
924 751 101 57 respi

262 798 111 46 ctum
332 798 125 46 licet
415 798 167 46 pusillum
540 798 83 46 ad
582 798 223 46 nobilitatem.
763 798 83 46 Et
804 798 181 46 intelligo
944 798 83 46 de
971 798 56 46 vu

251 841 125 59 gari
330 841 78 59 &
361 841 203 59 aestimata
517 841 219 59 nobilitate
690 841 125 59 apud
768 841 172 59 mundum.
877 841 157 59 Probatur

258 895 207 46 conclusio.
421 895 163 46 oblatis
539 895 148 46 duobus
643 895 148 46 doctis
746 895 207 46 aequaliter
894 895 133 46 idoneis

272 932 80 56 ad
312 932 120 56 curam
392 932 174 56 animarum:
526 932 107 56 quia
593 932 107 56 vnus
660 932 120 56 habet
740 932 174 56 scientias
860 932 161 56 impertinem

254 974 115 54 tes
319 974 148 54 curae
418 974 214 54 animarum,
583 974 165 54 vtpote
698 974 115 54 est
764 974 263 54 mathematicus
961 974 66 54 ve

261 1017 132 52 thetor:
357 1017 96 52 ille
417 1017 84 52 est
464 1017 108 52 alter
536 1017 60 52 i
560 1017 203 52 praeferendus.
728 1017 108 52 Forte
800 1017 120 52 dicis.
883 1017 108 52 illae
943 1017 84 52 artes

257 1063 116 48 suae
329 1063 116 48 sunt
401 1063 145 48 vtiles
502 1063 87 48 in
546 1063 202 48 republica.
705 1063 101 48 sed
762 1063 159 48 ponamus
878 1063 116 48 quod
936 1063 101 48 illas

261 1106 107 51 non
322 1106 198 51 exerceat.
474 1106 107 51 sit
535 1106 183 51 physicus
672 1106 107 51 vel
733 1106 122 51 more
809 1106 198 51 Polycleti
946 1106 76 51 sta

269 1152 163 58 tuarius.
392 1152 122 58 Dicis
473 1152 122 58 adhuc
555 1152 231 58 consequentiam
745 1152 109 58 esse
813 1152 190 58 inualidam:
949 1152 82 58 quia

265 1193 103 52 suo
324 1193 146 52 sudore
426 1193 103 52 eas
485 1193 220 52 acquisiuit:
661 1193 73 52 &
690 1193 161 52 bonorum
807 1193 205 52 naturalium
954 1193 73 52 est

257 1238 203 52 indicium.
413 1238 171 52 Secundo
538 1238 203 52 arguitur.
694 1238 218 52 Eleemosyna
865 1238 156 52 potius
959 1238 62 52 es

262 1284 128 51 danda
347 1284 156 51 nobili,
460 1284 71 51 &
489 1284 170 51 honestis
616 1284 128 51 viris
701 1284 85 51 si
744 1284 184 51 indigeat,
885 1284 113 51 quam
942 1284 85 51 igno

263 1328 101 49 bili
327 1328 152 49 caeteris
441 1328 152 49 paribus.
555 1328 89 49 nam
606 1328 114 49 regum
682 1328 63 49 &
707 1328 165 49 principum
834 1328 127 49 filiis
910 1328 114 49 proscri

266 1375 110 56 ptis
335 1375 124 56 omnes
417 1375 234 56 comiserentur.
610 1375 96 56 sed
665 1375 179 56 beneficia
802 1375 124 56 licet
871 1375 151 56 principal

258 1421 85 49 ter
307 1421 122 49 dentur
392 1421 134 49 ratione
490 1421 171 49 vtilitatis
624 1421 159 49 publicae:
746 1421 122 49 partim
831 1421 110 49 tamen
905 1421 122 49 dantur
990 1421 73 49 in

257 1461 139 61 tuirum
354 1461 180 61 personae.
493 1461 97 61 Sed
548 1461 97 61 hic
604 1461 139 61 dices.
700 1461 125 61 certo
784 1461 152 61 certius
894 1461 97 61 est
936 1461 97 61 elee-

262 1506 167 47 mosynam
383 1506 152 47 potius
490 1506 106 47 eis
550 1506 121 47 esse
626 1506 167 47 dandam:
748 1506 76 47 &
778 1506 167 47 omnibus
884 1506 152 47 cognitis

265 1547 204 52 verecundis:
429 1547 109 52 quia
497 1547 150 52 prudens
605 1547 150 52 iudicat
714 1547 95 52 eos
769 1547 109 52 plus
837 1547 136 52 egere:
932 1547 68 52 &
945 1547 82 52 quia

262 1591 131 52 turpe
349 1591 145 52 ducunt
450 1591 160 52 petere:
566 1591 131 52 debet
653 1591 102 52 eis
711 1591 131 52 vltro
798 1591 131 52 dari.
885 1591 131 52 secus
958 1591 73 52 est

260 1638 76 46 de
298 1638 114 46 istis
374 1638 114 46 aliis
451 1638 140 46 frontem
552 1638 152 46 attritam
666 1638 190 46 habentibus.
818 1638 127 46 Tertio
894 1638 140 46 arguitur.

253 1683 149 58 Nobilis
362 1683 81 58 in
402 1683 162 58 licentia
524 1683 189 58 theologiae
673 1683 162 58 ignobili
794 1683 95 58 est
835 1683 189 58 praeferendus

262 1726 111 50 ergo
331 1726 125 50 etiam
414 1726 97 50 cum
470 1726 111 50 ipso
539 1726 138 50 potius
636 1726 97 50 est
691 1726 235 50 dispensandum.
885 1726 125 50 tenet
954 1726 83 50 com-

265 1772 193 45 sequentia:
417 1772 110 45 quia
486 1772 179 45 vtrobique
624 1772 96 45 est
679 1772 138 45 honor:
775 1772 83 45 in
816 1772 96 45 vno
872 1772 83 45 ex
913 1772 124 45 parte
982 1772 55 45 lo

278 1815 88 53 ti:
329 1815 75 53 in
366 1815 100 53 alio
429 1815 75 53 ex
466 1815 113 53 parte
542 1815 150 53 officii.
654 1815 163 53 Anecedens
779 1815 125 53 probo:
867 1815 100 53 quia
930 1815 88 53 cum
967 1815 63 53 bo-

264 1857 102 51 nis
323 1857 175 51 fortunae
454 1857 175 51 abundet:
585 1857 73 51 &
614 1857 204 51 voluptates
775 1857 146 51 gratia
877 1857 146 51 studii
964 1857 73 51 con

262 1903 156 61 temnat:
375 1903 85 61 in
418 1903 269 61 difficilioribus
644 1903 85 61 no
687 1903 198 61 succumbit:
843 1903 71 61 &
857 1903 170 61 prouisioni

272 1946 152 64 poterat
383 1946 138 64 habere
479 1946 83 64 in
521 1946 166 64 saeculo:
645 1946 97 64 sed
701 1946 180 64 literarum
839 1946 69 64 &
866 1946 166 64 virtutis
977 1946 69 64 dul

265 1992 136 61 cedine
360 1992 163 61 allectus
482 1992 109 61 plus
550 1992 176 61 laudandus
686 1992 95 61 est
740 1992 109 61 quam
808 1992 149 61 pauper:
916 1992 109 61 quia
971 1992 54 61 in

265 2037 161 47 sumitur
383 2037 117 47 quod
456 2037 220 47 difficilius
632 2037 73 47 a
661 2037 132 47 mundo
749 2037 73 47 &
778 2037 234 47 volupratibus
954 2037 88 47 vin-

263 2081 137 46 cetur:
359 2081 68 46 &
386 2081 178 46 syncerius
523 2081 150 46 literas
633 2081 219 46 amplectitur.
810 2081 137 46 Pauper
906 2081 123 46 autem
975 2081 68 46 stu

267 2124 92 48 det
320 2124 79 48 vt
359 2124 132 48 tandem
452 2124 132 48 inopem
544 2124 159 48 proregat
663 2124 132 48 vitam:
756 2124 106 48 quia
822 2124 106 48 alia
888 2124 145 48 ratione
980 2124 53 48 ad

257 2167 156 64 maiora
366 2167 234 64 conscendere
553 2167 171 64 nequit.
678 2167 109 64 Nec
740 2167 140 64 habet
834 2167 109 64 tot
880 2167 156 64 occasio-

266 2213 100 54 nes
323 2213 172 54 labendi,
452 2213 72 54 &
480 2213 243 54 distractiones
681 2213 86 54 in
724 2213 143 54 studio
824 2213 114 54 quot
881 2213 143 54 opulentu

260 2260 167 57 nobilis.
385 2260 125 57 Forte
468 2260 139 57 dicis:
566 2260 139 57 pauper
663 2260 97 57 cum
719 2260 97 57 est
774 2260 139 57 alteri
871 2260 167 57 aequalis
982 2260 56 57 in

253 2299 155 66 literis
366 2299 70 66 &
394 2299 155 66 virtute
507 2299 70 66 /
535 2299 99 66 est
591 2299 99 66 vel
647 2299 211 66 ingeniosior
817 2299 99 66 vel
859 2299 183 66 laboriosior

269 2343 114 69 alio:
345 2343 63 69 &
371 2343 89 69 per
422 2343 89 69 eum
472 2343 89 69 non
523 2343 127 69 stetit
612 2343 101 69 haec
675 2343 178 69 nobilitas.
815 2343 63 69 &
840 2343 89 69 per
891 2343 114 69 bonum
954 2343 89 69 locum

258 2388 153 60 potius
365 2388 245 60 promouebitur
564 2388 92 60 ad
610 2388 215 60 beneficium
779 2388 107 60 quo
841 2388 123 60 eget
902 2388 138 60 propter

259 2440 182 53 meliorem
395 2440 197 53 opinionem
547 2440 91 53 de
592 2440 91 53 se
637 2440 91 53 in
683 2440 167 53 populo.
804 2440 151 53 Aliter
895 2440 136 53 arguiul

271 2478 108 55 sic.
339 2478 122 55 datis
420 2478 135 55 duobus
515 2478 190 55 aequalibus
664 2478 81 55 in
705 2478 190 55 theologia,
854 2478 68 55 &
881 2478 81 55 in
908 2478 122 55 omnibus

262 2523 175 51 paribus:
394 2523 102 51 hoc
452 2523 146 51 dempto
555 2523 117 51 quod
628 2523 117 51 vnus
701 2523 132 51 super
789 2523 132 51 alium
876 2523 132 51 habet
949 2523 88 51 nota

267 2570 131 52 bilem
355 2570 174 52 excessum
485 2570 87 52 in
529 2570 232 52 mathematicis
718 2570 102 52 vel
776 2570 218 52 eloquentia:
935 2570 102 52 illis

253 2615 234 45 accidentatiis
446 2615 206 45 illustratus
611 2615 96 45 est
666 2615 83 45 in
707 2615 110 45 loco
776 2615 220 45 praeferedus:
941 2615 83 45 ergo

263 2664 144 47 nobilis
368 2664 157 47 ignobili
486 2664 170 47 praeferri
617 2664 131 47 habet,
708 2664 105 47 quod
774 2664 157 47 restabat
879 2664 157 47 probandum.

263 2700 140 63 Forte
357 2700 140 63 negas
451 2700 218 63 antecedens
622 2700 78 63 /
653 2700 78 63 &
684 2700 281 63 consequentiam.
903 2700 140 63 Antece-

266 2745 131 60 dens,
353 2745 116 60 quia
425 2745 102 60 non
483 2745 102 60 est
541 2745 174 60 licentia
672 2745 87 60 in
715 2745 232 60 mathematicis
904 2745 102 60 vel
947 2745 87 60 elo

1096 349 170 59 quentia:
1224 349 99 59 sed
1280 349 85 59 in
1323 349 199 59 theologia,
1479 349 99 59 nec
1536 349 99 59 hic
1592 349 99 59 est
1649 349 170 59 licentia
1763 349 99 59 nobi-

1096 403 123 46 lium.
1178 403 150 46 Secundo
1288 403 123 46 negas
1369 403 246 46 consequentiam:
1574 403 109 46 quia
1643 403 123 46 illae
1711 403 150 46 scientiae

1090 447 208 47 theologiam
1253 447 163 47 ornant:
1372 447 74 47 &
1402 447 178 47 plurimum
1535 447 89 47 ei
1580 447 223 47 famulantur.
1743 447 119 47 Prouer

1090 489 158 52 biorum.
1205 489 101 52 ix.
1262 489 129 52 Misit
1348 489 172 52 ancillas
1477 489 115 52 suas
1549 489 86 52 vt
1592 489 172 52 vocarent
1721 489 86 52 ad
1750 489 115 52 arcem,

1089 538 75 52 &
1119 538 90 52 ad
1164 538 150 52 moenia
1269 538 210 52 ciuitatis.
1434 538 135 52 Secus
1523 538 105 52 est
1583 538 90 52 de
1628 538 210 52 nobilitate
1778 538 75 52 per

1093 582 123 51 quam
1169 582 123 51 homo
1246 582 108 51 non
1308 582 154 51 potest
1415 582 154 51 ornare
1523 582 108 51 nec
1584 582 184 51 ampliare
1707 582 154 51 sermonem

1095 627 98 50 in
1144 627 147 50 clero
1242 627 114 50 vel
1307 627 98 50 in
1356 627 180 50 populo,
1487 627 245 50 quemadmodum
1682 627 114 50 per
1731 627 131 50 artes.

1095 665 226 56 Respondetur:
1278 665 85 56 vt
1320 665 127 56 vides
1405 665 99 56 vix
1461 665 155 56 probaui
1574 665 226 56 conclusionem
1743 665 113 56 suffi-

1098 711 160 51 cienter:
1218 711 94 51 nec
1271 711 134 51 scirem
1365 711 94 51 eam
1418 711 147 51 pronunc
1525 711 134 51 aliter
1619 711 174 51 colorare.
1752 711 94 51 Quo
1792 711 67 51 non

1095 755 153 49 obstante
1210 755 204 49 probabiliter
1376 755 191 49 respondetur
1529 755 89 49 per
1580 755 166 49 sequentes
1695 755 166 49 propositio-

1087 798 134 51 nes.
1171 798 84 51 â‹
1205 798 151 51 Prima
1305 798 134 51 est.
1389 798 168 51 Potius
1507 798 268 51 dispensandum
1725 798 117 51 est
1775 798 84 51 cum

1097 836 128 58 magno
1182 836 142 58 nobili
1282 836 114 58 quam
1353 836 171 58 ignobili
1481 836 171 58 caeteris
1609 836 171 58 paribus:
1737 836 128 58 etiam
1808 836 57 58 ha

1088 885 128 52 bendo
1173 885 184 52 respectum
1315 885 85 52 ad
1357 885 199 52 vtilitatem
1513 885 184 52 priuatam.
1655 885 71 52 â‹
1684 885 156 52 Secunda
1783 885 85 52 pro-

1089 937 184 52 positio.
1227 937 169 52 Aliquis
1349 937 169 52 nobilis
1472 937 107 52 est
1533 937 169 52 idoneus
1656 937 107 52 pro
1717 937 153 52 duobus
1809 937 61 52 be

1086 972 177 54 neficiis:
1222 972 95 54 pro
1277 972 136 54 quibus
1372 972 177 54 ignobilis
1508 972 82 54 ei
1549 972 191 54 coaequalis
1699 972 82 54 in
1726 972 136 54 omnibus,

1087 1019 193 55 nobilitate
1239 1019 152 55 dempta,
1349 1019 83 55 es
1390 1019 83 55 in
1432 1019 165 55 idoneus.
1556 1019 110 55 haec
1625 1019 165 55 sequitur
1749 1019 83 55 ex
1776 1019 83 55 prio

1085 1063 105 52 re.
1145 1063 90 52 vt
1190 1063 120 52 sint
1265 1063 105 52 duo
1325 1063 195 52 beneficia
1475 1063 105 52 pro
1535 1063 150 52 quibus
1640 1063 165 52 habedis
1745 1063 120 52 Sortes

1092 1110 102 48 est
1150 1110 203 48 inidoneus:
1309 1110 102 48 sed
1367 1110 87 48 si
1411 1110 131 48 paulo
1498 1110 160 48 amplius
1614 1110 160 48 haberet
1730 1110 87 48 in
1759 1110 102 48 scien

1089 1153 109 52 tiis,
1162 1153 85 52 pro
1210 1153 109 52 illis
1283 1153 109 52 esset
1356 1153 146 52 idoneus:
1466 1153 97 52 stat
1527 1153 97 52 quod
1587 1153 158 52 nobilitas
1709 1153 122 52 istius
1782 1153 85 52 illum

1099 1200 169 46 defectum
1226 1200 183 46 scientiae
1367 1200 183 46 suppleat.
1508 1200 71 46 â‹
1536 1200 141 46 Tertia
1635 1200 212 46 propositio.
1790 1200 71 46 Non

1092 1240 86 56 est
1141 1240 111 56 tamen
1215 1240 123 56 multum
1301 1240 173 56 ponderanda
1437 1240 173 56 nobilitas,
1572 1240 86 56 sic
1622 1240 148 56 scilicet
1732 1240 74 56 vt
1757 1240 111 56 ratione

1084 1289 150 51 illius
1189 1289 150 51 solius
1293 1289 224 51 notabiliter
1473 1289 120 51 plus
1548 1289 150 51 habeat
1653 1289 165 51 nobilis
1772 1289 90 51 in
1802 1289 60 51 be

1096 1330 151 54 neficio
1206 1330 110 54 quam
1275 1330 124 54 alter
1357 1330 179 54 ignobilis
1495 1330 96 54 cui
1550 1330 96 54 est
1605 1330 96 54 par
1660 1330 82 54 in
1701 1330 110 54 alio
1756 1330 110 54 quocum

1096 1372 114 55 quod
1167 1372 157 55 honore.
1281 1372 71 55 â‹
1310 1372 143 55 Quarta
1409 1372 214 55 propositio.
1581 1372 171 55 caeteris
1709 1372 157 55 paribus
1809 1372 71 55 no-

1099 1415 169 55 bilitate
1226 1415 141 55 dempta
1324 1415 211 55 indubitatus
1493 1415 155 55 nobilis
1606 1415 99 55 est
1662 1415 169 55 ignobili
1774 1415 99 55 prae-

1098 1464 154 50 ferendus
1214 1464 77 50 in
1252 1464 167 50 licentia,
1380 1464 103 50 quod
1445 1464 154 50 ostendo:
1560 1464 103 50 quia
1624 1464 180 50 theologiam
1753 1464 115 50 accidem

1086 1512 141 50 tarie
1180 1512 204 50 nobilitas
1337 1512 157 50 ornat:
1447 1512 141 50 alios
1541 1512 173 50 nobiles
1667 1512 173 50 ignauos
1793 1512 78 50 &
1808 1512 63 50 de

1093 1552 147 52 litos,
1196 1552 74 52 &
1226 1552 192 52 ignobiles
1373 1552 88 52 ad
1417 1552 221 52 scientiarum
1594 1552 236 52 admirationem
1786 1552 74 52 &
1800 1552 74 52 cul

1095 1592 109 54 tum
1158 1592 234 54 alliciendo.
1345 1592 172 54 dicente
1470 1592 172 54 Marone.
1595 1592 94 54 v.
1642 1592 203 54 Aeneidos.
1782 1592 94 54 Gra-

1099 1639 120 53 tior
1174 1639 105 53 est
1234 1639 165 53 pulchro
1353 1639 165 53 veniens
1473 1639 90 53 in
1518 1639 165 53 corpore
1638 1639 165 53 virtus.
1757 1639 105 53 Sic
1802 1639 60 53 in

1099 1686 183 62 generoso
1236 1686 107 62 non
1297 1686 137 62 solum
1389 1686 168 62 lingua:
1511 1686 107 62 sed
1572 1686 153 62 corpus
1679 1686 76 62 &
1709 1686 122 62 eius
1770 1686 92 62 con-

1090 1729 170 52 suetudo
1213 1729 170 52 viuendi
1337 1729 217 52 praedicat.
1507 1729 77 52 â‹
1538 1729 155 52 Quinta
1647 1729 232 52 propositio.
1817 1729 62 52 Si

1100 1773 159 61 nobilis
1215 1773 145 61 multum
1317 1773 159 61 nobilem
1433 1773 217 61 notabiliter
1606 1773 87 61 in
1650 1773 188 61 scientiis
1780 1773 87 61 exce

1101 1816 89 54 dat
1152 1816 64 54 /
1178 1816 89 54 est
1229 1816 127 54 nobili
1318 1816 216 54 praeferendus.
1496 1816 165 54 Probatur:
1623 1816 102 54 quia
1687 1816 153 54 scientia
1789 1816 76 54 plus

1099 1870 132 52 valet
1187 1870 117 52 quam
1260 1870 205 52 nobilitas:
1421 1870 117 52 ergo
1494 1870 132 52 magna
1582 1870 175 52 scientia
1713 1870 117 52 plus
1772 1870 102 52 valet

1104 1902 104 67 quam
1169 1902 117 67 magna
1247 1902 182 67 nobilitas.
1391 1902 104 67 ltem
1456 1902 91 67 hic
1508 1902 91 67 est
1560 1902 156 67 licentia
1677 1902 196 67 rscientiis:
1821 1902 52 67 er

1093 1953 85 55 go
1135 1953 142 55 habere
1235 1953 185 55 scientias
1377 1953 99 55 est
1434 1953 142 55 gradui
1533 1953 199 55 essentiale
1689 1953 71 55 /
1718 1953 85 55 ac
1760 1953 99 55 per
1803 1953 71 55 hoc

1102 1992 105 77 plus
1168 1992 211 77 ponderandum,
1339 1992 132 77 quando
1431 1992 118 77 autem
1510 1992 105 77 vnum
1576 1992 132 77 alteri
1668 1992 132 77 debeat
1747 1992 118 77 aequiua

1095 2035 119 64 uere:
1174 2035 172 64 prudentum
1306 2035 92 64 est
1359 2035 172 64 iudicium.
1491 2035 92 64 Cum
1544 2035 132 64 igitur
1636 2035 172 64 scientiae
1768 2035 106 64 sint
1821 2035 53 64 de

1100 2092 171 51 essentia
1228 2092 128 51 curae
1313 2092 213 51 pastoralis,
1484 2092 100 51 non
1541 2092 128 51 debet
1626 2092 114 51 esse
1683 2092 185 51 dispensatio

1098 2125 88 60 vt
1142 2125 132 60 etiam
1230 2125 132 60 multu
1318 2125 161 60 nobilis
1435 2125 220 60 notabiliter
1611 2125 132 60 plura
1698 2125 146 60 habeat
1786 2125 88 60 quam

1096 2177 215 43 ignobilis:
1265 2177 123 43 quia
1341 2177 200 43 nobilitas
1495 2177 138 43 solum
1587 2177 246 43 accidentatie
1771 2177 108 43 ornat

1102 2219 209 48 beneficium:
1269 2219 70 48 &
1297 2219 97 48 hoc
1352 2219 83 48 si
1394 2219 139 48 possit
1492 2219 70 48 &
1519 2219 125 48 velit
1603 2219 83 48 in
1644 2219 153 48 propria
1742 2219 125 48 persona

1096 2259 229 71 hierarchicum
1281 2259 157 71 ordinem
1396 2259 157 71 seruare
1510 2259 157 71 tempore
1624 2259 71 71 &
1653 2259 129 71 loco.
1724 2259 143 71 alioquin

1100 2307 110 73 est
1147 2307 188 73 inidoneus.

1090 2376 115 73 â‹
1136 2376 231 73 Contra
1297 2376 231 73 primam
1459 2376 369 73 conclusionem
1759 2376 161 73 ar-

1101 2424 147 67 guitur
1204 2424 117 67 sic.
1277 2424 88 67 In
1321 2424 132 67 multa
1409 2424 205 67 sapientia,
1571 2424 132 67 multa
1659 2424 220 67 indignatio:
1820 2424 44 67 &

1100 2474 99 55 qui
1156 2474 127 55 addit
1241 2474 197 55 scientiam,
1396 2474 127 55 addit
1480 2474 70 55 &
1509 2474 169 55 laborem.
1635 2474 240 55 Ecclesiastes.
1819 2474 42 55 i

1089 2519 112 48 ltem
1159 2519 167 48 Scientia
1284 2519 153 48 inflat:
1396 2519 167 48 charitas
1521 2519 112 48 vero
1591 2519 195 48 aedificat.
1744 2519 84 48 i.
1786 2519 84 48 ad
1814 2519 56 48 Co

1093 2563 138 53 rinth.
1190 2563 125 53 viii.
1273 2563 97 53 Sed
1328 2563 125 53 nihil
1411 2563 111 53 quod
1481 2563 97 53 est
1536 2563 194 53 inflatiuum
1688 2563 69 53 &
1716 2563 111 53 erga
1771 2563 97 53 alios

1087 2609 219 54 indignatiuum
1265 2609 96 54 est
1320 2609 123 54 causa
1402 2609 192 54 facilioris
1553 2609 247 54 dispensatiois.
1745 2609 123 54 igitur.

1098 2653 74 58 â‹
1128 2653 236 58 Respondetur.
1319 2653 88 58 In
1364 2653 133 58 multa
1452 2653 206 58 sapientia.
1614 2653 103 58 &c.
1673 2653 133 58 dicit
1747 2653 118 58 glossa

1100 2699 248 58 interlinearis.
1307 2699 138 58 Quanto
1403 2699 110 58 quis
1472 2699 124 58 magis
1554 2699 193 58 sapientiam
1692 2699 179 58 assequitur:

1086 2740 91 62 eo
1131 2740 137 62 magis
1223 2740 152 62 vitiis
1329 2740 167 62 subiici
1451 2740 228 62 dedignatur:
1633 2740 76 62 &
1663 2740 152 62 procul
1770 2740 122 62 esse
1830 2740 46 62 a
