2322 3318
240 313 149 50 cantum
345 313 90 50 in
389 313 90 50 me
434 313 119 50 quam
509 313 90 50 in
553 313 194 50 quocunque
703 313 134 50 alio.
792 313 119 50 lste
867 313 134 50 autem
956 313 104 50 non

251 363 100 48 est
308 363 186 48 furiosus:
451 363 129 48 quare
537 363 172 48 analogia
667 363 115 48 illa
738 363 100 48 est
796 363 143 48 nulla.
896 363 100 48 Non
939 363 86 48 enim

257 407 128 51 debeo
342 407 156 51 tollere
456 407 156 51 gladium
569 407 71 51 a
598 407 227 51 pugnatoribus
782 407 99 51 per
839 407 114 51 vias
896 407 128 51 trans

256 450 177 60 euntibus:
393 450 150 60 quamuis
502 450 191 60 verosimile
652 450 96 60 sit
707 450 109 60 quod
775 450 164 60 interdum
898 450 109 60 sint
952 450 82 60 gla-

246 489 119 59 diis
320 489 178 59 abusuri.
454 489 134 59 Etiam
543 489 119 59 dico
618 489 208 59 antecedens
781 489 119 59 esse
856 489 164 59 falsum.
960 489 74 59 nam

256 544 155 41 expedit
369 544 226 41 laborantibus
552 544 85 41 in
595 544 127 41 vinea
679 544 141 41 domini
778 544 141 41 habere
863 544 155 41 prouentus

238 582 281 58 determinatos,
470 582 83 58 &
503 582 182 58 praemia
636 582 199 58 deputata
785 582 116 58 pro
851 582 116 58 sui
901 582 132 58 susten

246 629 185 54 tatione:
384 629 123 54 sine
461 629 154 54 quibus
569 629 92 54 in
615 629 108 54 hac
677 629 123 54 vita
754 629 169 54 mortali
877 629 154 54 viuere
969 629 62 54 ne

248 671 147 55 queunt:
355 671 107 55 quia
422 671 187 55 spirituale
569 671 107 55 sine
636 671 174 55 temporali
770 671 147 55 seruari
877 671 94 55 non
917 671 107 55 potest

251 714 172 55 Loculos
376 714 156 55 namque
486 714 172 55 habebat
611 714 188 55 Christus
752 714 78 55 a
783 714 203 55 fidelibus
924 714 109 55 obla-

250 758 84 50 ta
292 758 210 50 conseruans:
460 758 70 50 &
488 758 140 50 suorum
586 758 252 50 necessitatibus
797 758 70 50 &
825 758 126 50 aliis
895 758 126 50 indigen

247 807 132 52 tibus
335 807 205 52 tribuebat.
496 807 117 52 tunc
569 807 146 52 primum
671 807 263 52 ecclesiasticae
876 807 146 52 pecuniae

242 847 123 47 forma
324 847 96 47 est
379 847 192 47 instituta:
530 847 68 47 &
557 847 82 47 vt
598 847 260 47 intelligeremus:
817 847 109 47 quod
872 847 150 47 praecepit

237 893 111 46 non
300 893 127 46 esse
380 893 221 46 cogitandum
554 893 95 46 de
601 893 206 46 crastino:
759 893 111 46 non
822 893 95 46 ad
870 893 111 46 hoc
917 893 111 46 fuis-

241 941 83 55 se
283 941 208 55 praeceptum,
449 941 83 55 vt
491 941 125 55 nihil
574 941 166 55 pecuniae
698 941 166 55 seruetur
823 941 180 55 asanctis:
962 941 97 55 sed

242 992 86 45 ne
285 992 100 45 deo
342 992 158 45 propter
457 992 115 45 ista
529 992 201 45 seruiatur,
687 992 72 45 &
715 992 158 45 propter
830 992 158 45 inopiae
931 992 100 45 timo-

243 1032 102 52 rem
302 1032 175 52 iustitia
433 1032 204 52 deseratur.
593 1032 88 52 vt
637 1032 204 52 Augustinus
798 1032 131 52 dicit
885 1032 131 52 super
958 1032 73 52 lo-

243 1066 128 55 annem.
333 1066 64 55 &
358 1066 154 55 citatur.
474 1066 102 55 xii.
538 1066 77 55 q.
576 1066 77 55 i.
614 1066 77 55 c.
653 1066 154 55 Habebat.
768 1066 102 55 Quia
832 1066 115 55 autem
896 1066 128 55 apostoli

248 1114 81 56 &
280 1114 97 56 ad
329 1114 114 56 eos
394 1114 211 56 venientes
556 1114 114 56 in.
621 1114 162 56 ludaea
735 1114 146 56 omnia
816 1114 211 56 vendiderunt

248 1159 176 57 precium
376 1159 192 57 ponentes
520 1159 96 57 in
568 1159 192 57 commune:
711 1159 112 57 hoc
775 1159 128 57 erat
839 1159 176 57 propterea

242 1206 130 53 quia
323 1206 113 53 non
388 1206 146 53 erant
485 1206 227 53 permansuri
663 1206 97 53 in
711 1206 178 53 ludaea:
841 1206 113 53 sed
906 1206 97 53 ad
938 1206 81 53 gen

244 1248 98 52 tes
300 1248 139 52 ituri.
397 1248 84 52 vt
439 1248 126 52 dicit
523 1248 195 52 Melchiades
676 1248 126 52 papa.
760 1248 112 52 xii.
830 1248 84 52 q.
872 1248 84 52 i.
913 1248 84 52 c.
941 1248 84 52 Futu

237 1293 117 58 ram.
310 1293 102 58 sic
369 1293 190 58 inquiens.
515 1293 161 58 Futuram
632 1293 190 58 ecclesiam
778 1293 175 58 apostoli
910 1293 88 58 in
939 1293 88 58 gen-

248 1342 142 43 tibus
343 1342 267 43 praeuidebant.
563 1342 173 43 idcirco
689 1342 173 43 praedia
815 1342 94 43 in
862 1342 157 43 ludaea
956 1342 63 43 mi

244 1384 116 46 nime
316 1384 116 46 sunt
388 1384 159 46 adepti:
504 1384 101 46 sed
562 1384 159 46 praecia
678 1384 217 46 tamtenmmodo
851 1384 87 46 ad
880 1384 145 46 fouendos

248 1426 187 57 egentes.
389 1426 156 57 ltaque
498 1426 203 57 ecclesiam
654 1426 156 57 habere
763 1426 172 57 fructus
872 1426 156 57 perpetu-

250 1469 85 56 os
292 1469 142 56 decet,
392 1469 85 56 ne
435 1469 85 56 in
478 1469 228 56 temporalibus
663 1469 185 56 deficiat:
805 1469 71 56 &
834 1469 85 56 ex
862 1469 157 56 consequen

245 1512 97 53 ti
293 1512 97 53 in
342 1512 290 53 spiritualibus.
583 1512 113 53 nam
648 1512 97 53 si
696 1512 177 53 homines
825 1512 113 53 non
873 1512 161 53 haberent

247 1557 225 59 prouisionem,
429 1557 126 59 nihil
514 1557 84 59 in
556 1557 239 59 spiritualibus
752 1557 182 59 facerent.
921 1557 84 59 Ad
949 1557 70 59 com

238 1601 237 52 firmationem,
430 1601 148 52 nescio
534 1601 118 52 vnde
608 1601 177 52 originem
741 1601 118 52 illa
815 1601 177 52 historia
933 1601 89 52 duxe

240 1647 128 58 rit.
320 1647 128 58 Scio
400 1647 176 58 loannem
527 1647 239 58 Parisiensem
719 1647 80 58 &
751 1647 176 58 aliquos
878 1647 112 58 sic
926 1647 96 58 reci

250 1686 139 50 tare.
342 1686 93 50 Et
389 1686 93 50 in
435 1686 170 50 dialogo
559 1686 217 50 Guilielmus
730 1686 155 50 Ocltam
838 1686 170 50 asserit
947 1686 77 50 ali

243 1733 117 54 quos
317 1733 146 54 dicere
419 1733 117 54 quod
492 1733 161 54 propter
609 1733 102 54 has
668 1733 117 54 opes
741 1733 88 54 in
785 1733 190 54 ecclesia,
917 1733 102 54 tumul

249 1777 108 50 tuosa
321 1777 144 50 redditur
429 1777 132 50 ltalia,
525 1777 96 50 quod
585 1777 96 50 rato
646 1777 108 50 illic
718 1777 60 50 a
742 1777 108 50 bello
814 1777 180 50 quiescatur:
946 1777 72 50 quem

240 1823 214 50 admodum
395 1823 136 50 cum
473 1823 214 50 Abraham
628 1823 97 50 &
667 1823 155 50 Loth
764 1823 214 50 effecti
900 1823 116 50 sunt

240 1865 168 47 diuites
362 1865 122 47 viri
438 1865 122 47 sane
514 1865 168 47 optimi:
636 1865 153 47 famuli
743 1865 137 47 eorum
835 1865 107 47 non
880 1865 153 47 poterant

242 1908 145 57 simul
338 1908 225 57 cohabitare
515 1908 177 57 propter
644 1908 145 57 lites
741 1908 80 57 &
773 1908 177 57 iurgia.
885 1908 145 57 Genesis

246 1956 142 55 xiii.
341 1956 95 55 Et
388 1956 142 55 istud
483 1956 158 55 possum
593 1956 205 55 roborare:
750 1956 110 55 nam
813 1956 110 55 cum
876 1956 126 55 vnus
939 1956 95 55 pon-

240 2000 143 50 tifex
336 2000 143 50 amico
431 2000 175 50 aliquas
559 2000 159 50 terras
670 2000 207 50 concedit:
830 2000 143 50 alter
909 2000 128 50 succe-

244 2046 124 51 dens
321 2046 77 51 /
352 2046 139 51 illud
444 2046 216 51 subuertere
614 2046 154 51 nitens
722 2046 77 51 /
753 2046 108 51 suo
815 2046 139 51 amico
892 2046 139 51 terras:

239 2084 126 54 alio
318 2084 157 54 eiecto
428 2084 204 54 concedit.
585 2084 94 54 Ad
632 2084 126 54 haec
711 2084 204 54 respondeo
868 2084 79 54 /
884 2084 141 54 vndecum

250 2127 113 67 quod
321 2127 127 67 illud
405 2127 141 67 dictum
505 2127 156 67 commune
618 2127 170 67 habuerit
745 2127 184 67 originem:
887 2127 113 67 quod
943 2127 85 67 bene

249 2179 140 47 ficia
343 2179 140 47 malis
436 2179 125 47 sunt
514 2179 187 47 venenum,
654 2179 78 47 &
685 2179 156 47 probis
794 2179 93 47 ad
841 2179 171 47 salutem
950 2179 78 47 cen

251 2218 131 59 dunt.
338 2218 131 59 sicut
425 2218 145 59 saliua
526 2218 160 59 hominis
642 2218 145 59 ieiuni
744 2218 102 59 non
802 2218 102 59 est
860 2218 145 59 homini
947 2218 73 59 vel

243 2265 141 52 nenum:
342 2265 71 52 &
370 2265 127 52 tamen
455 2265 170 52 serpenti
582 2265 99 52 est
639 2265 170 52 venenum.
766 2265 85 52 Et
809 2265 127 52 licet
894 2265 85 52 in
922 2265 99 52 eccle

246 2304 106 54 sia
306 2304 196 54 primitiua
457 2304 181 54 pauciora
593 2304 151 54 essent
698 2304 121 54 bona
774 2304 211 54 temporalia
940 2304 75 54 &
955 2304 75 54 plu

238 2359 85 45 ra
280 2359 155 45 merita:
393 2359 113 45 bona
463 2359 127 45 tamen
548 2359 99 45 deo
604 2359 113 45 data
675 2359 70 45 /
703 2359 70 45 &
731 2359 113 45 eius
802 2359 197 45 ministris,
957 2359 99 45 non

240 2404 128 46 sunt
320 2404 96 46 ab
368 2404 112 46 eis
432 2404 224 46 auferenda:
608 2404 128 46 quia
689 2404 112 46 non
753 2404 176 46 tenemur
881 2404 112 46 iad
929 2404 96 46 omne

243 2442 116 53 illud
321 2442 103 53 quod
385 2442 90 53 est
437 2442 142 53 melius:
540 2442 90 53 sed
592 2442 155 53 sufficit
708 2442 142 53 seruare
811 2442 181 53 praecepta.
953 2442 103 53 Quia

254 2486 127 51 autem
339 2486 85 51 in
381 2486 184 51 primitiua
522 2486 170 51 ecclesia
650 2486 127 51 plura
734 2486 141 51 essent
833 2486 141 51 merita
932 2486 71 51 &
946 2486 85 51 paum

249 2530 144 53 ciora
345 2530 128 53 bona
425 2530 239 53 temporalia,
616 2530 128 53 nemo
696 2530 112 53 est
760 2530 112 53 qui
824 2530 207 53 nonnouit.
967 2530 64 53 im

248 2581 100 50 mo
298 2581 83 50 a
331 2581 149 50 mille
431 2581 83 50 &
464 2581 166 50 centum
580 2581 216 50 reuolutis
746 2581 149 50 annis
846 2581 149 50 dixit
928 2581 100 50 Hie-

247 2621 194 47 ronymus
389 2621 106 47 in
442 2621 194 47 prologo
583 2621 177 47 Malchi
707 2621 212 47 monachi,
866 2621 141 47 haec
937 2621 88 47 ver

255 2669 88 42 ba
299 2669 117 42 quae
372 2669 205 42 sequuntur.
533 2669 175 42 Scribere
664 2669 117 42 enim
737 2669 190 42 disposui:
884 2669 88 42 si
913 2669 102 42 tamer

250 2712 160 59 dominus
367 2712 131 59 vitam
454 2712 175 59 dederit:
585 2712 87 59 et
629 2712 87 59 si
673 2712 248 59 vituperatores
877 2712 102 59 mei
920 2712 117 59 saltem

1089 305 192 67 fugientem
1237 305 74 67 &
1267 305 89 67 me
1311 305 163 67 clausum
1429 305 177 67 persequi
1562 305 192 67 desierint
1710 305 74 67 /
1740 305 89 67 ab
1769 305 104 67 aduem

1087 367 83 51 tu
1129 367 194 51 saluatoris
1281 367 83 51 ad
1323 367 153 51 nostram
1434 367 153 51 aetatem
1545 367 125 51 vsque
1628 367 69 51 /
1656 367 83 51 id
1698 367 97 51 est
1753 367 83 51 ab
1781 367 83 51 apo-

1091 404 137 53 stolis
1187 404 124 53 vsque
1270 404 82 53 ad
1311 404 124 53 huius
1393 404 165 53 temporis
1517 404 137 53 fecem:
1613 404 151 53 quomodo
1723 404 69 53 &
1750 404 96 53 per
1792 404 82 53 quos

1090 452 166 41 Curisti
1211 452 181 41 ecclesia
1346 452 121 41 nata
1422 452 121 41 sit:
1497 452 75 41 &
1527 452 151 41 adulta
1618 452 256 41 persecutionibus

1094 491 186 60 creuerit:
1237 491 186 60 martyriis
1380 491 172 60 coronata
1508 491 114 60 sit:
1580 491 72 60 &
1609 491 172 60 postquam
1737 491 86 60 ad
1766 491 100 60 Chri-

1088 539 176 53 stianos
1216 539 208 53 principes
1376 539 192 53 venerit:
1521 539 192 53 potentia
1665 539 160 53 quidem
1777 539 80 53 &
1793 539 80 53 di-

1092 585 150 44 uitiis
1197 585 150 44 maior:
1301 585 105 44 sed
1361 585 209 44 virtutibus
1526 585 135 44 minor
1616 585 135 44 facta
1705 585 120 44 sit.
1765 585 105 44 Verum

1098 626 107 50 haec
1164 626 133 50 alias.
1257 626 107 50 Quod
1324 626 160 50 tangitur
1444 626 80 50 de
1484 626 160 50 diuitiis
1604 626 186 50 ecclesiae,
1737 626 133 50 potissi-

1092 672 103 53 mum
1151 672 88 53 in
1195 672 147 53 ltalia
1298 672 206 53 dispersis,
1459 672 103 53 non
1518 672 206 53 concludit.
1679 672 103 53 tum
1738 672 117 53 quod
1797 672 88 53 ple-

1097 715 131 47 rumque
1189 715 79 47 in
1228 715 131 47 ltalia
1319 715 105 47 sunt
1385 715 118 47 bella
1463 715 118 47 extra
1542 715 131 47 terras
1633 715 183 47 ecclesiae:
1777 715 79 47 ob
1803 715 79 47 par-

1091 769 114 47 uas
1156 769 260 47 respublicas,
1367 769 227 47 libertatem
1545 769 260 47 desiderantes
1756 769 97 47 in
1789 769 97 47 popu

1087 803 101 47 li
1138 803 253 47 incommodum.
1340 803 118 47 Tum
1408 803 186 47 secundo
1543 803 135 47 quod
1627 803 84 47 a
1661 803 186 47 tyranno
1779 803 101 47 ter-

1096 850 95 54 ras
1151 850 176 54 ecclesiae
1286 850 176 54 occupante
1421 850 135 54 potest
1515 850 162 54 ecclesia
1637 850 95 54 eas
1691 850 162 54 tollere.
1812 850 95 54 sed

1083 898 126 50 non
1155 898 197 50 expedit
1298 898 162 50 amico
1406 898 180 50 futuro
1532 898 162 50 magno
1640 898 251 50 concedere,
1819 898 54 50 &

1095 941 80 46 a
1127 941 208 46 fortiore,
1287 941 208 46 praesenti
1447 941 160 46 magno.
1560 941 96 46 Ex
1608 941 112 46 hoc
1672 941 160 46 nanque
1768 941 96 46 vnus

1088 986 192 51 pontifex
1232 986 144 51 vrbes
1328 986 176 51 aliquas
1456 986 192 51 concedit
1599 986 128 51 vni,
1679 986 128 51 quas
1743 986 128 51 ponti-

1092 1023 104 60 fex
1152 1023 193 60 succedens
1300 1023 208 60 recuperare
1464 1023 178 60 student:
1598 1023 104 60 pro
1657 1023 104 60 quo
1716 1023 104 60 fit
1761 1023 119 60 bellum

1087 1074 227 43 circulariter
1271 1074 71 43 &
1300 1074 85 43 in
1342 1074 170 43 abissum.
1470 1074 99 43 hae
1527 1074 128 43 tamen
1612 1074 128 43 vrbes
1697 1074 170 43 (fateor)
1810 1074 57 43 se

1086 1117 166 50 minatia
1207 1117 151 50 crebro
1312 1117 196 50 praestant
1463 1117 151 50 belli.
1569 1117 106 50 Tum
1629 1117 166 50 tertio.
1750 1117 91 50 Si
1780 1117 91 50 opes

1083 1159 156 50 duorum
1193 1159 140 50 regum
1286 1159 203 50 vicinorum
1442 1159 140 50 inter
1536 1159 109 50 eos
1598 1159 125 50 sint
1676 1159 140 50 causa
1754 1159 125 50 belli,

1083 1206 92 44 an
1129 1206 185 44 oporteat
1267 1206 200 44 propterea
1421 1206 92 44 ab
1467 1206 108 44 eis
1529 1206 169 44 tollere
1652 1206 123 44 sua?
1729 1206 123 44 sane
1790 1206 77 44 Con

1088 1246 205 54 stantinus
1246 1246 205 54 religiose
1403 1246 142 54 fecit
1497 1246 205 54 ecclesiam
1655 1246 189 54 dotando.
1781 1246 94 54 siue

1085 1293 125 49 enim
1163 1293 94 49 in
1210 1293 187 49 haeresim
1351 1293 187 49 Arrianam
1492 1293 203 49 inciderit
1648 1293 125 49 siue
1726 1293 125 49 non:
1804 1293 109 49 non

1090 1337 217 55 infirmantur
1263 1337 130 55 dicta
1349 1337 159 55 nostra:
1465 1337 115 55 quia
1537 1337 115 55 nego
1609 1337 115 55 quod
1681 1337 188 55 propterea
1811 1337 58 55 in

1086 1379 154 55 cidit.
1193 1379 185 55 Cuilibet
1332 1379 123 55 enim
1409 1379 138 55 notum
1501 1379 108 55 est
1562 1379 123 55 post
1639 1379 138 55 multa
1716 1379 154 55 laudabi-

1089 1422 106 54 lia
1149 1422 136 54 opera
1240 1422 166 54 hominem
1360 1422 121 54 labi
1436 1422 136 54 posse
1526 1422 90 54 in
1571 1422 136 54 malum
1662 1422 166 54 grande,
1783 1422 75 54 &
1813 1422 90 54 in

1083 1476 151 39 terdum
1188 1476 196 39 finaliter
1339 1476 90 39 in
1384 1476 121 39 illo
1460 1476 241 39 perseuerare.
1686 1476 136 39 Sexto
1761 1476 106 39 argui

1080 1513 125 50 tur
1151 1513 178 50 quodam
1276 1513 143 50 modo
1365 1513 232 50 dirigendo
1543 1513 267 50 obiectionem
1739 1513 143 50 contra

1096 1560 105 55 nas
1156 1560 209 55 solutiones
1320 1560 150 55 omnes.
1425 1560 209 55 imaginemur
1590 1560 120 55 quod
1665 1560 180 55 ecclesia
1784 1560 90 55 nul-

1073 1595 115 61 lam
1138 1595 148 61 dotem
1237 1595 164 61 habeat
1352 1595 82 61 /
1385 1595 82 61 &
1417 1595 148 61 adhuc
1516 1595 115 61 sit
1582 1595 197 61 dotanda.
1729 1595 115 61 vel
1779 1595 99 61 cape

1079 1648 146 54 duas
1170 1648 256 54 medietates
1371 1648 256 54 ecclesiae:
1572 1648 183 54 quarum
1700 1648 128 54 vna
1755 1648 128 54 habet

1077 1684 130 59 opes
1158 1684 97 59 vt
1206 1684 130 59 nunc
1287 1684 162 59 habet:
1401 1684 162 59 altera
1514 1684 194 59 medietas
1660 1684 162 59 nullas
1757 1684 113 59 habet

1090 1734 139 56 saltem
1187 1734 97 56 hoc
1243 1734 111 56 modo
1313 1734 209 56 dispositas:
1480 1734 97 56 sic
1535 1734 167 56 scilicet
1660 1734 111 56 quod
1716 1734 167 56 eligeretur

1082 1782 194 57 plebanus
1227 1782 97 57 in
1276 1782 129 57 cura
1357 1782 113 57 vir
1421 1782 178 57 probus:
1551 1782 81 57 &
1583 1782 194 57 impensae
1729 1782 97 57 ei
1761 1782 113 57 darem

1085 1832 112 46 tur
1149 1832 112 46 pro
1213 1832 96 46 se
1261 1832 80 46 &
1293 1832 160 46 famulo
1404 1832 112 46 vel
1468 1832 160 46 duobus
1580 1832 128 46 /(si
1660 1832 160 46 status
1755 1832 112 46 exige

1087 1872 120 60 ret:
1162 1872 75 60 &
1192 1872 165 60 quamdiu
1311 1872 120 60 bene
1386 1872 180 60 viueret,
1521 1872 90 60 in
1566 1872 120 60 cura
1641 1872 165 60 maneret
1760 1872 105 60 cum
1805 1872 75 60 sti

1079 1917 180 51 pendiis
1210 1917 164 51 annuis
1324 1917 131 51 sibi
1406 1917 164 51 datis,
1521 1917 246 51 quemadmodum
1718 1917 98 51 de
1750 1917 115 51 lecto

1083 1965 139 51 ribus
1175 1965 186 51 publicis
1314 1965 93 51 in
1361 1965 170 51 vtraque
1485 1965 186 51 Hesperia
1624 1965 77 51 &
1655 1965 155 51 Anglia
1747 1965 124 51 contin

1085 1997 128 63 git:
1165 1997 80 63 &
1197 1997 193 63 darentur
1342 1997 96 63 ei
1390 1997 241 63 coadiutores
1582 1997 112 63 cum
1646 1997 193 63 pensione
1775 1997 96 63 mino

1076 2049 111 52 ri.
1140 2049 111 52 pro
1203 2049 191 52 episcopo
1346 2049 143 52 autem
1441 2049 175 52 maiores
1568 2049 191 52 impensae
1695 2049 175 52 darentur.

1087 2094 88 54 si
1131 2094 118 54 vero
1205 2094 118 54 male
1278 2094 191 54 viuerent,
1425 2094 88 54 ab
1469 2094 176 54 officiis
1602 2094 250 54 remouerentur.
1793 2094 73 54 Hoc

1084 2139 141 41 modo
1172 2139 264 41 euitarentur
1384 2139 159 41 magna
1490 2139 229 41 incommoda
1666 2139 106 41 in
1701 2139 176 41 ecclesia

1085 2179 133 53 sticis
1178 2179 67 53 /
1205 2179 160 53 scilicet
1325 2179 160 53 simonia:
1445 2179 93 53 tor
1498 2179 120 53 lites
1578 2179 67 53 &
1604 2179 160 53 impensae
1724 2179 93 53 pro
1764 2179 107 53 benefi

1092 2223 133 57 ciis:
1181 2223 103 57 tam
1240 2223 162 57 prodiga
1358 2223 177 57 profusio
1491 2223 207 57 pecuniarum
1638 2223 236 57 ecclesiastica-

1088 2267 112 57 rum
1152 2267 96 57 in
1200 2267 208 57 superflua
1360 2267 192 57 clientum
1504 2267 240 57 multitudine
1696 2267 80 57 &
1712 2267 144 57 vestium

1089 2311 270 52 sumptuositate:
1314 2311 120 52 ista
1389 2311 165 52 enormis
1508 2311 240 52 beneficiorum
1688 2311 180 52 pluralitas

1084 2355 73 52 &
1114 2355 161 52 caetera
1231 2355 88 52 id
1275 2355 147 52 genus.
1407 2355 235 52 Respondetur.
1598 2355 132 52 licet
1686 2355 176 52 nonnihil
1803 2355 59 52 co

1084 2401 136 57 loris
1175 2401 106 57 sit
1235 2401 91 57 in
1280 2401 212 57 argumento:
1447 2401 136 57 ipsum
1537 2401 136 57 tamen
1628 2401 151 57 facile
1734 2401 76 57 &
1749 2401 121 57 multi-

1088 2444 156 58 fariam
1198 2444 188 58 eluitur.
1338 2444 109 58 Nam
1401 2444 156 58 primo.
1510 2444 172 58 admisso
1636 2444 125 58 quod
1714 2444 109 58 ita
1761 2444 109 58 futu-

1088 2491 112 52 rum
1152 2491 160 52 esset,
1264 2491 144 52 dicta
1360 2491 112 52 non
1424 2491 256 52 infirmantur.
1633 2491 112 52 nam
1697 2491 112 52 lex
1745 2491 128 52 aliqua

1085 2534 115 50 non
1150 2534 115 50 est
1216 2534 164 50 facile
1331 2534 181 50 mutanda
1462 2534 131 50 nisi
1544 2534 148 50 ferme
1627 2534 246 50 intolerabilem

1080 2581 232 47 contineat
1259 2581 214 47 errorem.
1419 2581 107 47 vt
1473 2581 178 47 contra
1597 2581 250 47 Hippodamum
1776 2581 89 47 di-

1085 2625 119 48 cit
1153 2625 271 48 philosophus.
1373 2625 203 48 Secundo.
1525 2625 135 48 Haec
1610 2625 135 48 bona
1695 2625 135 48 data
1762 2625 102 48 sunt

1089 2666 107 51 deo
1150 2666 77 51 &
1181 2666 276 51 ecclesiasticis
1410 2666 169 51 intuitu
1533 2666 153 51 cultus
1640 2666 153 51 diuini
1732 2666 138 51 exhiben

1089 2713 108 68 di:
1150 2713 77 68 &
1181 2713 170 68 amplius
1305 2713 93 68 in
1351 2713 124 68 vsus
1428 2713 170 68 humanos
1552 2713 185 68 reuocari
1691 2713 108 68 non
1737 2713 139 68 paeret.
