2299 3307
395 295 66 62 &
421 295 159 62 sufficit
541 295 186 62 conferenti
687 295 106 62 illa
753 295 119 62 bona,
833 295 106 62 dare
899 295 80 62 ea
939 295 119 62 amcre
1018 295 106 62 dei:
1071 295 80 62 quid

393 345 111 57 quid
462 345 97 57 sit
518 345 83 57 de
560 345 208 57 ministrorum
726 345 166 57 malitia.
851 345 153 57 Tertio.
962 345 125 57 multi
1045 345 111 57 sunt
1101 345 69 57 boi

397 393 226 54 ecclesiastici
583 393 173 54 praelati.
716 393 146 54 nimirum
822 393 106 54 quod
889 393 80 54 in
929 393 120 54 magna
995 393 173 54 multitudine

397 429 101 55 cum
454 429 130 55 bonis
541 429 116 55 mali
613 429 217 55 misceantur:
787 429 87 55 cu
830 429 217 55 apostolorum
1004 429 116 55 vnus
1061 429 116 55 fuerit

401 475 125 59 filius
489 475 201 59 perditionis:
652 475 63 59 &
677 475 88 59 vix
727 475 138 59 dederis
828 475 150 59 triticum
940 475 100 59 sine
1003 475 113 59 lolio
1078 475 88 59 vel
1116 475 50 59 xi

396 522 160 59 zania.
508 522 176 59 Quarto.
637 522 225 59 argumentum
813 522 144 59 ferme
909 522 128 59 pari
990 522 144 59 passu
1070 522 96 59 con-

404 566 187 56 cluderet
544 566 124 56 bona
622 566 187 56 laicorum
762 566 109 56 non
824 566 155 56 debere
933 566 124 56 esse
995 566 171 56 appropria

397 612 101 56 ta:
454 612 101 56 cum
512 612 86 56 ex
555 612 259 56 appropriatione
771 612 130 56 lites
857 612 72 56 &
886 612 144 56 iurgia
987 612 173 56 quotidie
1102 612 72 56 se-

400 660 154 59 quantur.
516 660 103 59 Bene
580 660 154 59 siquidem
696 660 154 59 colligit
812 660 180 59 argumentum
953 660 141 59 aliquam
1043 660 116 59 incommo

402 704 76 50 da
440 704 102 50 quae
504 704 165 50 sequuntur
631 704 76 50 ad
669 704 191 50 prouisionem
822 704 229 50 ecclessasticam
1013 704 89 50 nuc
1051 704 127 50 institu-

408 746 103 51 tam.
472 746 90 51 sed
524 746 115 51 illud
601 746 90 51 non
652 746 167 51 sufficit.
780 746 90 51 nam
832 746 77 51 ad
870 746 167 51 oppositum
998 746 128 51 plutra
1075 746 103 51 sequum

390 787 110 52 tur.
459 787 110 52 Aquo
528 787 110 52 enim
597 787 206 52 eligerentur
762 787 138 52 curati
858 787 96 52 vel
913 787 69 52 a
940 787 138 52 quibus
1023 787 151 52 tinuenies

392 832 89 57 in
437 832 193 57 electione
585 832 119 57 illa
659 832 208 57 temporatia
822 832 133 57 lites
911 832 133 57 etiam
985 832 193 57 quotidianas

403 875 67 57 &
429 875 94 57 pro
483 875 160 57 strepitu
603 875 267 57 ecclesiasticorum
830 875 107 57 tota
897 875 120 57 plebs
977 875 107 57 quae
1044 875 94 57 est
1084 875 94 57 belua

397 919 162 54 multorum
519 919 162 54 capitum:
641 919 230 54 concitaretur:
830 919 68 54 &
857 919 176 54 fingerent
992 919 81 54 ex
1033 919 135 54 iuidia
1114 919 54 54 de

399 962 118 59 bono
473 962 147 59 curato
576 962 147 59 malum:
679 962 74 59 &
709 962 162 59 assidue
827 962 280 59 tumultuarentur:
1048 962 118 59 aliqui

401 1005 84 67 pro
449 1005 96 67 eius
509 1005 180 67 defensione:
653 1005 96 67 alii
713 1005 84 67 pro
761 1005 96 67 eius
821 1005 168 67 eiectione.
953 1005 96 67 ltem
1013 1005 132 67 praeter
1097 1005 72 67 rto-

400 1050 85 57 nem
449 1050 85 57 est
497 1050 98 57 quod
558 1050 110 57 etiam
632 1050 85 57 pro
681 1050 122 57 grandi
766 1050 134 57 peccato
864 1050 98 57 homo
925 1050 183 57 emendabilis
1071 1050 61 57 a
1096 1050 85 57 suo
1132 1050 49 57 of

394 1105 126 48 ficio
478 1105 98 48 seu
534 1105 267 48 curaremoueatur:
759 1105 169 48 hominium
886 1105 211 48 fragilitate
1040 1105 141 48 pondera-

395 1147 100 50 ta.
452 1147 186 50 Praeterea
595 1147 129 50 licet
681 1147 186 50 praelatus
824 1147 129 50 multa
909 1147 143 50 habeat
1009 1147 71 50 &
1038 1147 129 50 bonis
1110 1147 71 50 abu

400 1184 116 58 tatur
477 1184 90 58 pro
529 1184 129 58 maiore
619 1184 129 58 parte:
710 1184 103 58 haec
774 1184 103 58 bona
839 1184 103 58 amen
903 1184 77 58 in
942 1184 129 58 laicos
1032 1184 142 58 iterato
1122 1184 52 58 re

397 1229 179 53 dundant:
531 1229 75 53 &
561 1229 164 53 bonorum
680 1229 104 53 fit
740 1229 253 53 reciprocatio:
948 1229 134 53 sicut
1038 1229 134 53 maris
1112 1229 60 53 ad

400 1273 170 59 flumina:
527 1273 71 59 &
555 1273 198 59 econverso.
711 1273 184 59 Analogiam
852 1273 99 59 do.
909 1273 85 59 si
951 1273 113 59 quis
1022 1273 155 59 obtutum
1120 1273 57 59 fi

397 1326 132 54 geret
485 1326 88 54 ad
529 1326 146 54 aliqua
631 1326 190 54 incommoda
777 1326 102 54 qui
836 1326 88 54 ex
880 1326 146 54 ordine
982 1326 219 54 admittendo-

394 1362 92 58 rum
446 1362 92 58 seu
499 1362 236 58 licentiandorum
696 1362 79 58 in
735 1362 171 58 theologia
867 1362 197 58 proueniunt:
1024 1362 158 58 protinus
1129 1362 53 58 di

404 1405 142 58 ceret
499 1405 126 58 hunc
577 1405 142 58 modum
672 1405 252 58 baccalaureos
876 1405 204 58 ordinandi
1033 1405 94 58 de
1065 1405 110 58 medio

407 1449 181 60 tollendum.
549 1449 90 60 sed
601 1449 168 60 vtilitate
730 1449 155 60 inspecta
846 1449 142 60 quomodo
949 1449 116 60 eorum
1013 1449 155 60 praemiatio

404 1494 156 57 calcar
514 1494 78 57 &
545 1494 187 57 stimulum
685 1494 109 57 dat
747 1494 218 57 sapientiae
919 1494 187 57 studiis,
1059 1494 78 57 &
1075 1494 109 57 mori-

400 1538 90 62 bus
452 1538 64 62 /
477 1538 103 62 sine
541 1538 128 62 quibus
631 1538 116 62 orbis
708 1538 103 62 regi
773 1538 103 62 non.
837 1538 128 62 potest
927 1538 90 62 pro
978 1538 128 62 paruis
1055 1538 116 62 incommo

401 1582 96 57 dis
456 1582 109 57 quae
524 1582 82 57 ad
565 1582 82 57 oi
606 1582 150 57 positum
715 1582 191 57 sequuntur,
865 1582 150 57 prudens
974 1582 177 57 iudicabit
1097 1582 82 57 hunc

408 1626 113 59 morem
484 1626 214 59 rationabilem:
660 1626 88 59 cum
710 1626 138 59 vtilior
811 1626 88 59 sit
861 1626 163 59 opposito:
986 1626 63 59 &
1012 1626 101 59 plus
1062 1626 113 59 salutis

406 1675 132 57 reipu.
498 1675 145 57 afferat
604 1675 106 57 quam
670 1675 132 57 paruum
763 1675 185 57 incommodum
908 1675 79 57 ad
948 1675 172 57 oppositum
1067 1675 119 57 afferat

392 1714 196 63 iacturae.
542 1714 105 63 sic
603 1714 90 63 in
648 1714 211 63 proposito.
843 1714 90 63 Ex
888 1714 105 63 his
948 1714 211 63 Valdensium
1099 1714 90 63 siue

395 1767 199 61 pauperum
544 1767 99 61 de
594 1767 199 61 Lugduno:
743 1767 182 61 loannis
875 1767 199 61 picleffi
1024 1767 83 61 /
1058 1767 83 61 &
1074 1767 116 61 Bohe-

415 1804 119 59 morum
494 1804 119 59 error
573 1804 172 59 dicentium
705 1804 172 59 ecclesiam
837 1804 119 59 nihil
916 1804 132 59 debere
1008 1804 119 59 hatre
1088 1804 79 59 in
1114 1804 66 59 pro

409 1847 114 74 prio
480 1847 100 74 vel
537 1847 85 74 in
579 1847 171 74 communi,
708 1847 142 74 facile
807 1847 185 74 eliditur.
949 1847 213 74 Impossibile
1106 1847 71 74 na-

409 1890 109 73 quod
477 1890 95 73 est
532 1890 204 73 naturaliter
695 1890 190 73 deuotionem
844 1890 177 73 ecclesiae
980 1890 68 73 &
1007 1890 122 73 fidem
1075 1890 109 73 conser

414 1933 121 66 uari
490 1933 76 66 &
520 1933 152 66 foueri
626 1933 121 66 sine
702 1933 243 66 prouentibus.
899 1933 121 66 Quis
975 1933 121 66 enim
1051 1933 136 66 daret
1126 1933 61 66 li

397 1984 142 61 teris
492 1984 158 61 operam
603 1984 95 61 si
650 1984 111 61 non
713 1984 174 61 putaret
839 1984 95 61 se
887 1984 158 61 tandem
997 1984 142 61 posse
1076 1984 111 61 conse

404 2023 102 70 qui
463 2023 203 70 necessaria
622 2023 131 70 vitae
709 2023 87 70 vt
753 2023 160 70 fructum
869 2023 102 70 sui
927 2023 145 70 studii
1028 2023 102 70 pro
1072 2023 116 70 tempo-

416 2070 80 64 re
456 2070 200 64 communicet:
616 2070 107 64 quis
682 2070 133 64 staret
776 2070 107 64 toto
842 2070 93 64 die
896 2070 80 64 in
936 2070 133 64 templo
1029 2070 147 64 nescius
1122 2070 67 64 vbi

411 2113 209 67 pranderet:
575 2113 105 67 nec
635 2113 179 67 pecuniam
770 2113 149 67 habens
874 2113 239 67 expendendam:
1054 2113 134 67 quomodo

418 2154 247 65 Carthusienses
621 2154 73 65 &
650 2154 116 65 boni
722 2154 189 65 religiosi
867 2154 145 65 aliter
969 2154 203 65 alerentur?
1114 2154 73 65 Nun

403 2204 115 72 quid
474 2204 172 72 aegyptii
603 2204 200 72 sacerdotes
761 2204 258 72 sustentabantur
975 2204 86 72 ex
1018 2204 157 72 horreis
1118 2204 72 72 re-

405 2245 115 66 gum
470 2245 214 66 publicis?
635 2245 148 66 primo
733 2245 279 66 metaphysicae.
963 2245 82 66 &
996 2245 131 66 apud
1062 2245 131 66 sacras

404 2289 158 61 literas
518 2289 86 61 id
561 2289 129 61 notum
647 2289 115 61 est.
719 2289 158 61 dicente
834 2289 143 61 domino
934 2289 158 61 Numeri.
1049 2289 143 61 xviii.
1135 2289 43 61 F

410 2338 129 55 liis
491 2338 129 55 Leui
571 2338 129 55 dedi
652 2338 145 55 omnes
749 2338 178 55 decimas
878 2338 113 55 pro
943 2338 226 55 ministerio
1104 2338 81 55 quo

415 2384 166 60 seruiunt
540 2384 111 60 mihi
609 2384 83 60 in
651 2384 208 60 tabernaculo
817 2384 180 60 foederis.
955 2384 83 60 &.
997 2384 97 60 ii.
1038 2384 139 60 Paralipi

412 2423 123 63 xxxi.
494 2423 82 63 de
535 2423 150 63 Ezechia
645 2423 164 63 dicitur.
768 2423 178 63 Praecepit
905 2423 123 63 etiam
987 2423 137 63 populo
1069 2423 123 63 habitam

414 2474 118 51 tium
488 2474 222 51 Hicrusalem,
666 2474 89 51 vt
710 2474 133 51 daret
799 2474 148 51 partes
903 2474 237 51 sacerdotibus
1095 2474 74 51 &
1110 2474 74 51 le-

415 2513 142 64 uitis:
514 2513 85 64 vt
557 2513 156 64 possent
670 2513 142 64 vacare
770 2513 170 64 legidei.
897 2513 71 64 &
926 2513 114 64 glo.
997 2513 156 64 Ilosue.
1096 2513 85 64 xiii

404 2560 105 54 Lex
464 2560 105 54 dei
524 2560 180 54 commissa
659 2560 105 54 est
719 2560 240 54 sacerdotibus
913 2560 75 54 &
943 2560 165 54 ieuitis
1063 2560 90 54 vt
1093 2560 90 54 huic

408 2605 112 53 soli
478 2605 141 53 operam
577 2605 183 53 tribuant,
717 2605 70 53 &
745 2605 126 53 verbo
830 2605 98 53 dei
886 2605 141 53 absque
984 2605 112 53 vlla
1040 2605 155 53 sollicitu

410 2644 118 60 dine
484 2644 163 60 vacent,
603 2644 178 60 laicorum
736 2644 222 60 ministeriis
914 2644 207 60 susterati.
1077 2644 89 60 In
1106 2644 89 60 lege

411 2688 124 73 autem
494 2688 151 73 gratiae
604 2688 138 73 Marci.
700 2688 96 73 xv.
755 2688 165 73 Ioannis.
879 2688 110 73 xii.
948 2688 83 73 &.
989 2688 124 73 xiii.
1071 2688 96 73 cum
1113 2688 83 73 glo

1228 287 83 65 &.
1270 287 111 65 xii.
1339 287 167 65 quaesti.
1464 287 83 65 i.
1506 287 83 65 in
1547 287 139 65 variis
1644 287 180 65 capitibus
1783 287 125 65 illud
1866 287 97 65 est
1908 287 125 65 lucidum

1239 343 88 51 Et
1283 343 102 51 cum
1342 343 102 51 tot
1400 343 146 51 sancti
1503 343 146 51 patres
1605 343 102 51 tam
1664 343 190 51 seculares
1810 343 117 51 quam
1869 343 161 51 religiosi

1224 392 130 47 haec
1305 392 130 47 bona
1386 392 195 47 studiose
1533 392 228 47 seruarint,
1711 392 130 47 nemo
1793 392 114 47 est
1858 392 114 47 non
1906 392 114 47 dicam

1225 430 135 67 fidelis
1323 430 61 67 /
1347 430 86 67 sed
1396 430 171 67 scintillam
1531 430 147 67 rationis
1641 430 147 67 hombons:
1751 430 86 67 qui
1800 430 73 67 de
1837 430 110 67 bonis
1898 430 135 67 ecclesiae

1235 476 134 62 iuste
1325 476 194 62 possessis
1474 476 179 62 dubitare
1594 476 134 62 possit.

1298 566 390 89 Distinctionis
1619 566 298 89 Vigesimae
1826 566 206 89 quartae

1315 654 309 82 Quaestio
1521 654 413 82 Decimaseptima.

1558 742 394 88 Ecimoseptio
1846 742 184 88 circa

1567 807 134 69 hanc
1651 807 286 69 distinctionem
1870 807 151 69 quaero:

1577 860 99 61 An
1627 860 215 61 praelatus
1792 860 215 61 ecclesiae
1941 860 83 61 pec

1579 904 98 60 cet
1635 904 155 60 prodige
1748 904 183 60 ecclesiae
1888 904 113 60 bona
1945 904 70 60 con

1580 949 165 60 sumes:
1696 949 83 60 &
1729 949 99 60 ad
1779 949 182 60 prodige
1895 949 132 60 consum

1576 990 168 60 ptorum
1694 990 202 60 teneatur
1828 990 202 60 restitutio

1589 1033 118 64 nem.
1692 1033 103 64 Pro
1751 1033 191 64 solutione
1883 1033 147 64 quaestio

1572 1077 110 62 nis
1635 1077 141 62 ponam
1729 1077 172 62 aliquas
1839 1077 188 62 conclusio-

1244 1127 124 55 nes.
1322 1127 155 55 quarum
1431 1127 140 55 Prima
1524 1127 124 55 est.
1602 1127 248 55 Beneficiatus
1804 1127 171 55 prodige
1912 1127 109 55 eccle

1231 1171 114 56 siae
1302 1171 114 56 bona
1373 1171 185 56 expendens
1515 1171 156 56 grauius
1629 1171 142 56 peccat
1728 1171 114 56 quam
1799 1171 199 56 saecularis
1941 1171 71 56 pro

1237 1225 112 49 pria
1307 1225 70 49 &
1335 1225 155 49 similia
1448 1225 112 49 bona
1518 1225 197 49 dissipans.
1673 1225 112 49 quod
1743 1225 155 49 vterque
1855 1225 155 49 istorum
1954 1225 70 49 pec

1238 1259 96 53 cet
1293 1259 69 53 /
1321 1259 137 53 videre
1417 1259 124 53 licet
1499 1259 137 53 quarti
1595 1259 179 53 Ethicorum
1733 1259 137 53 primo.
1829 1259 165 53 alioquin
1939 1259 82 53 pro-

1237 1309 176 43 digalitas
1373 1309 95 43 non
1427 1309 122 43 esset
1509 1309 149 43 vitium.
1617 1309 108 43 quod
1685 1309 108 43 plus
1753 1309 149 43 peccet,
1861 1309 136 43 patet:
1943 1309 81 43 quia

1242 1349 244 54 sacrilegium
1437 1349 228 54 committit:
1616 1349 98 54 vt
1665 1349 179 54 patebit
1795 1349 98 54 ex
1844 1349 195 54 dicendis
1974 1349 49 54 &

1241 1391 223 61 potissimum
1416 1391 111 61 ex.
1480 1391 191 61 xxxviii.
1623 1391 207 61 distinct.
1782 1391 127 61 quia
1862 1391 111 61 hae
1910 1391 111 61 mate-

1235 1435 137 57 riae
1320 1435 171 57 magnam
1440 1435 256 57 affinitatem
1645 1435 188 57 habent.
1815 1435 188 57 Secunda
1935 1435 85 57 con

1238 1488 174 50 clusio.
1365 1488 111 50 Non
1428 1488 142 50 licet
1523 1488 237 50 beneficiato
1713 1488 158 50 ditare
1808 1488 221 50 consanguine-

1242 1526 95 49 os
1290 1526 95 49 ex
1337 1526 142 49 bonis
1431 1526 221 49 ecclesiae.
1605 1526 189 49 Probatur
1746 1526 236 49 anctoritate
1920 1526 110 49 beati

1247 1567 214 50 Augustini
1411 1567 99 50 in
1460 1567 181 50 sermone
1592 1567 99 50 ad
1641 1567 246 50 sacerdotes.
1838 1567 181 50 xxxvii.
1969 1567 99 50 in

1238 1614 113 52 ter
1302 1614 193 52 sermones
1447 1614 97 52 ad
1496 1614 177 52 fratres
1624 1614 97 52 in
1673 1614 145 52 eremo
1769 1614 209 52 dicentis.
1914 1614 113 52 Quem-

1234 1656 195 50 admodum
1376 1656 230 50 saeculari
1553 1656 212 50 potentia
1712 1656 265 50 procurantes
1906 1656 124 50 prae-

1242 1700 173 60 bendas
1363 1700 121 60 cum
1432 1700 139 60 Gezi
1519 1700 87 60 &
1553 1700 139 60 luda
1640 1700 191 60 damnati
1779 1700 139 60 sunt
1848 1700 173 60 subiumn-

1238 1739 125 61 git.
1317 1739 172 61 Diuites
1442 1739 125 61 raro
1520 1739 109 61 vel
1582 1739 172 61 nunquam
1708 1739 219 61 pauperibus
1864 1739 172 61 sacerdoti

1248 1793 115 47 bus
1313 1793 229 47 praebendas
1493 1793 229 47 procurant:
1674 1793 115 47 et.
1739 1793 98 47 si
1788 1793 213 47 procurent
1952 1793 115 47 non

1239 1838 108 50 dei
1300 1838 139 50 amore
1393 1838 216 50 procurant:
1563 1838 108 50 sed
1625 1838 93 50 vt
1671 1838 108 50 cum
1733 1838 139 50 vxore
1825 1838 77 50 &
1856 1838 170 50 familia
1964 1838 62 50 de

1244 1878 138 60 bonis
1336 1878 200 60 ecclesiae
1490 1878 169 60 gaudere
1613 1878 185 60 valeant.
1751 1878 92 60 Et
1797 1878 123 60 ideo
1874 1878 138 60 sciat
1951 1878 77 60 sa-

1250 1918 155 67 cerdos
1358 1918 108 67 qui
1420 1918 155 67 timore
1528 1918 108 67 vel
1590 1918 139 67 amore
1682 1918 216 67 defraudati
1852 1918 93 67 se
1899 1918 77 67 a
1914 1918 124 67 diuite

1251 1966 206 62 permittit:
1413 1966 118 62 quod
1487 1966 192 62 impunitus
1634 1966 103 62 non
1693 1966 206 62 remanebit:
1855 1966 74 62 &
1885 1966 88 62 si
1929 1966 103 62 non
1973 1966 59 62 in

1244 2011 225 61 praesenti:
1421 2011 161 61 saltem
1534 2011 97 61 in
1582 2011 177 61 futuro,
1711 2011 129 61 igne
1791 2011 161 61 aetemo
1904 2011 113 61 non
1952 2011 81 61 ca-

1245 2055 147 58 rebit.
1348 2055 118 58 ltem
1422 2055 177 58 Prosper.
1555 2055 147 58 Pastor
1658 2055 192 58 ecclesiae
1805 2055 103 58 his
1864 2055 147 58 quibus
1952 2055 74 58 sua

1242 2101 218 54 sufficiunt
1413 2101 109 54 non
1476 2101 140 54 debet
1569 2101 171 54 aliquid
1693 2101 186 54 erogare:
1817 2101 218 54 quandoquidem

1240 2135 122 68 nihil
1322 2135 122 68 aliud
1403 2135 95 68 sit
1457 2135 190 68 habentibus
1606 2135 108 68 dare
1674 2135 95 68 qui
1728 2135 163 68 perdere.
1850 2135 95 68 Nec
1904 2135 108 68 ilsi
1958 2135 68 68 qui

1243 2184 108 59 sua
1304 2184 232 59 possidentes
1490 2184 124 59 dari
1567 2184 124 59 sibi
1644 2184 170 59 aliquid
1768 2184 170 59 volunt:
1891 2184 124 59 sine
1953 2184 77 59 gra

1254 2236 96 54 di
1302 2236 192 54 peccato,
1446 2236 128 54 vnde
1525 2236 160 54 pauper
1637 2236 192 54 victurus
1781 2236 144 54 erat:
1860 2236 176 54 accipiunt

1246 2285 84 56 i.
1288 2285 113 56 qui.
1359 2285 99 56 ii.
1415 2285 155 56 Pastor.
1527 2285 84 56 Et
1570 2285 84 56 ex
1612 2285 99 56 hac
1668 2285 211 56 conclusione
1837 2285 169 56 sequitur
1950 2285 70 56 co-

1248 2315 174 67 tollarie
1379 2315 116 67 quod
1452 2315 102 67 non
1510 2315 131 67 licet
1597 2315 160 67 clerico
1713 2315 116 67 dare
1786 2315 145 67 diuiti
1873 2315 160 67 consangui

1241 2365 120 62 neo
1310 2365 120 62 vel
1378 2365 120 62 non
1447 2365 275 62 consanguineo
1670 2365 189 62 aliquid
1808 2365 103 62 de
1859 2365 155 62 rebus
1945 2365 86 62 ec-

1246 2404 169 59 clesiae
1369 2404 123 59 nisi
1446 2404 154 59 habeat
1553 2404 231 59 aequiualens
1738 2404 92 59 ab
1784 2404 138 59 illo.
1861 2404 169 59 Probatur.

1263 2455 125 63 quia
1341 2455 94 63 si
1388 2455 109 63 non
1450 2455 156 63 liceat
1560 2455 187 63 pauperem
1700 2455 156 63 ditare
1809 2455 94 63 ex
1840 2455 187 63 patrimonio

1251 2497 205 57 crucifixi:
1412 2497 73 57 a
1442 2497 176 57 fortiori
1573 2497 176 57 sequitur
1705 2497 117 57 quod
1778 2497 88 57 ex
1822 2497 146 57 eisdem
1925 2497 102 57 non
1969 2497 73 57 li-

1254 2537 110 62 cet
1317 2537 173 62 diuitem
1443 2537 158 62 facere
1554 2537 205 62 ditiorem.
1743 2537 158 62 Tertia
1837 2537 189 62 conclusio,

1244 2591 189 52 Clericus
1386 2591 110 52 res
1449 2591 205 52 ecclesiae
1607 2591 205 52 expendens
1764 2591 110 52 pro
1827 2591 95 52 se
1874 2591 79 52 &
1890 2591 142 52 suoista

1262 2630 94 58 tu
1309 2630 204 58 decenter,
1467 2630 173 58 dummodo
1593 2630 204 58 ecclesiae
1750 2630 220 58 inseruiat,
1923 2630 110 58 non
1970 2630 63 58 ma

1255 2674 87 72 le
1299 2674 131 72 agit.
1386 2674 102 72 nam
1445 2674 102 72 qui
1503 2674 145 72 altari
1605 2674 160 72 seruit:
1721 2674 87 72 de
1765 2674 145 72 altari
1866 2674 145 72 viuere
1954 2674 87 72 debi
