2282 3323
475 295 185 68 positum:
613 295 108 68 cum
675 295 169 68 dicamus
798 295 123 68 esse
875 295 215 68 praeceptum
1044 295 77 68 /
1059 295 185 68 succurrere

466 356 149 58 natris.
575 356 95 58 sed
629 356 122 58 potes
710 356 95 58 tot
764 356 243 58 circumstantias
967 356 149 58 addere:
1075 356 135 58 vtpote
1156 356 81 58 quod

476 393 117 55 filia
554 393 182 55 sacerdotis
696 393 91 55 non
748 393 91 55 sit
800 393 78 55 in
839 393 156 55 periculo
956 393 182 55 castitatis
1085 393 156 55 perdendae:

465 448 78 54 &
497 448 156 54 extena
606 448 109 54 sit
669 448 94 54 in
715 448 141 54 magno
809 448 234 54 discrimine:
997 448 94 54 vt
1044 448 188 54 fatendum
1169 448 78 54 sit

470 493 143 59 dotem
565 493 127 59 esse
644 493 158 59 dandam
755 493 206 59 externae.
914 493 79 59 â‹
945 493 190 59 Summatim
1072 493 174 59 colligen-

478 531 89 50 do
523 531 148 50 dicta,
626 531 133 50 patet
715 531 237 50 beneficiatum
908 531 133 50 posse
997 531 148 50 licite
1101 531 119 50 immo
1160 531 89 50 esse

471 581 183 58 deuictum
608 581 91 58 in
653 581 122 58 casu
730 581 122 58 dare
806 581 137 58 dotem
897 581 244 58 cosanguineae
1095 581 91 58 vt
1125 581 122 58 habeat

486 624 114 49 virum
563 624 102 49 suae
626 624 178 49 conditioni
766 624 127 49 parem:
855 624 89 49 non
906 624 114 49 autem
982 624 76 49 vt
1020 624 153 49 ditetur:
1135 624 102 49 quia
1185 624 64 49 hoc

463 669 129 52 esset
549 669 101 52 deo
606 669 115 52 data
678 669 144 52 dicare
779 669 129 52 Baal.
865 669 129 52 quare
951 669 86 52 si
994 669 101 52 vir
1051 669 158 52 nobilis
1152 669 86 52 cle-

470 714 128 48 ricus
555 714 142 48 habeat
654 714 156 48 filias,
768 714 99 48 non
825 714 156 48 habebit
939 714 185 48 respectum
1081 714 85 48 ad
1109 714 128 48 nobili-

462 759 128 53 tatem
547 759 128 53 domus
633 759 114 53 suae
704 759 128 53 dando
790 759 143 53 dotem:
890 759 114 53 quia
961 759 100 53 hoc
1018 759 128 53 esset
1103 759 143 53 ditare
1189 759 57 53 fi

467 801 114 55 liam
538 801 100 55 vel
595 801 156 55 sororem
709 801 85 55 ex
751 801 128 55 bonis
837 801 185 55 pauperum.
979 801 85 55 Et
1022 801 128 55 patet
1107 801 114 55 alia
1164 801 71 55 via

462 846 103 56 cum
521 846 176 56 mediocri
653 846 118 56 viro
727 846 118 56 ipsa
800 846 118 56 adeo
874 846 118 56 bene
947 846 176 56 seruabit
1065 846 176 56 castitatem

458 885 130 56 immo
539 885 162 56 melius
652 885 130 56 quam
733 885 146 56 inter
830 885 162 56 magnas
944 885 130 56 opes
1025 885 113 56 cum
1073 885 162 56 opulento

466 943 138 49 viro.
557 943 76 49 &
588 943 107 49 dos
649 943 199 49 ecclesiae
802 943 138 49 danda
894 943 107 49 est
955 943 138 49 solum
1046 943 92 49 in
1092 943 122 49 pios
1153 943 92 49 vsus

468 987 164 53 quatenus
591 987 109 53 ipsa
660 987 219 53 praeseruetur
837 987 68 53 a
865 987 164 53 peccato.
988 987 82 53 In
1029 987 123 53 super
1111 987 96 53 cum
1152 987 82 53 mino

458 1027 98 54 re
507 1027 131 54 pace
588 1027 180 54 manebit
719 1027 163 54 mulier
833 1027 163 54 iuncta
947 1027 163 54 nobili
1061 1027 82 54 &
1078 1027 163 54 opulento

470 1070 108 46 viro
537 1070 108 46 quam
604 1070 189 46 inferiori:
753 1070 108 46 quia
820 1070 148 46 spernet
928 1070 94 46 eam
982 1070 162 46 successu
1090 1070 148 46 temporis.

465 1107 75 57 &
495 1107 89 57 si
540 1107 194 57 contingat
689 1107 134 57 ipsum
778 1107 104 57 cum
838 1107 89 57 ea
882 1107 149 57 habere
987 1107 149 57 lites:
1076 1107 164 57 vocabulum

464 1155 149 53 pate)
564 1155 215 53 obliuioni
729 1155 166 53 dabit:
845 1155 133 53 loco
928 1155 149 53 cuius
1011 1155 232 53 supplementum

462 1206 134 49 capiet
555 1206 94 49 per
609 1206 187 49 sacerdotem
756 1206 67 49 /
783 1206 147 49 vocando
890 1206 94 49 eam
944 1206 187 49 sacerdotis
1091 1206 134 49 filiam
1171 1206 67 49 vbi

470 1248 172 57 inferior
598 1248 200 57 tacuisset.
756 1248 186 57 Praeterea
899 1248 100 57 vir
956 1248 157 57 nobilis
1071 1248 72 57 &
1085 1248 143 57 opulent.

457 1287 142 61 nollet
556 1287 142 61 filiam
655 1287 199 61 sacerdotis
811 1287 85 61 in
854 1287 142 61 sacris
953 1287 156 61 genitam
1067 1287 142 61 ducere
1152 1287 85 61 vxo-

459 1343 105 52 rem
519 1343 120 52 nisi
594 1343 181 52 augeatur
730 1343 105 52 dos
790 1343 136 52 vltra
881 1343 136 52 statu
971 1343 181 52 mulieris
1091 1343 151 52 legitime

454 1390 133 52 natae
543 1390 89 52 ex
587 1390 148 52 simili
690 1390 148 52 stirpe
794 1390 103 52 qua
853 1390 133 52 ipse:
941 1390 89 52 vt
985 1390 177 52 reddatur
1103 1390 133 52 pecunia

453 1426 224 48 aequiualens
632 1426 119 48 huic
706 1426 164 48 maculae
826 1426 179 48 mundanae
960 1426 119 48 quod
1034 1426 119 48 ipsa
1109 1426 164 48 sacerdo

466 1475 93 48 tis
519 1475 119 48 filia
598 1475 199 48 appellatur.
758 1475 106 48 volo
824 1475 146 48 dicere:
930 1475 159 48 fugibile
1049 1475 93 48 est
1102 1475 133 48 ducere
1182 1475 53 48 fi

469 1508 114 66 liam
540 1508 213 66 sacerdotis:
711 1508 100 66 sed
768 1508 156 66 dabilis
881 1508 100 66 est
938 1508 156 66 pecunia
1052 1508 100 66 ita
1095 1508 142 66 eligibi-

461 1554 109 57 lis,
529 1554 82 57 vt
570 1554 109 57 illa
638 1554 109 57 nota
706 1554 95 57 est
761 1554 191 57 fugibilis.
910 1554 109 57 quia
978 1554 95 57 non
1033 1554 136 57 capiet
1128 1554 82 57 ea
1155 1554 82 57 sine

461 1600 103 49 tali
526 1600 142 49 pecunia
629 1600 91 49 vel
681 1600 129 49 maiore
771 1600 103 49 quam
836 1600 103 49 quae
901 1600 103 49 sibi
965 1600 142 49 daretur
1069 1600 65 49 a
1095 1600 116 49 filia
1159 1600 78 49 con-

470 1646 185 53 similiter
612 1646 142 53 nobili
711 1646 71 53 &
740 1646 170 53 legitime
868 1646 128 53 nata.
953 1646 99 53 vir
1010 1646 128 53 autem
1095 1646 128 53 longe
1166 1646 71 53 in-

460 1692 184 54 ferioris
598 1692 230 54 conditionis
782 1692 138 54 multo
874 1692 169 54 minoris
997 1692 138 54 facit
1089 1692 138 54 illam
1165 1692 77 54 no-

465 1735 119 51 tam.
539 1735 119 51 ergo
614 1735 104 51 non
673 1735 119 51 modo
748 1735 163 51 ditanda
866 1735 104 51 est
926 1735 134 51 filia
1015 1735 208 51 sacerdotis
1164 1735 74 51 dan

466 1777 91 53 da
511 1777 152 53 nobili
618 1777 137 53 viro:
709 1777 106 53 sed
769 1777 197 53 excessiue
921 1777 167 53 ditanda
1043 1777 152 53 contra
1134 1777 91 53 cano

449 1830 112 54 nes
513 1830 145 54 omnes
610 1830 80 54 &
642 1830 225 54 aequitatem
818 1830 225 54 naturalem.
995 1830 96 54 Ex
1043 1830 161 54 dictis
1140 1830 96 54 quo-

464 1868 148 59 dammodo
571 1868 134 59 deduci
665 1868 148 59 potest:
772 1868 107 59 quod
839 1868 148 59 quamuis
947 1868 161 59 clericus
1068 1868 161 59 teneatur
1175 1868 67 59 fre

460 1917 185 48 quentius
598 1917 154 48 dotare
706 1917 262 48 consanguineam
922 1917 123 48 quam
999 1917 200 48 externam:
1137 1917 108 48 tamen

457 1963 95 58 non
512 1963 136 58 potest
607 1963 136 58 licite
703 1963 109 58 plus
771 1963 109 58 dare
839 1963 232 58 consanguineae
1030 1963 109 58 quam
1084 1963 150 58 externae.

459 2002 89 49 Et
504 2002 104 49 hoc
563 2002 148 49 iterum
667 2002 104 49 sic
726 2002 193 49 suadetur,
875 2002 104 49 non
934 2002 148 49 potest
1023 2002 223 49 consanguinean

468 2046 143 53 ditare.
572 2046 91 53 sed
624 2046 156 53 qualibet
741 2046 143 53 externa
845 2046 130 53 mulier
935 2046 91 53 non
987 2046 117 53 diues
1065 2046 91 53 est
1104 2046 130 53 pauper:s

453 2094 75 54 &
483 2094 135 54 omnis
573 2094 150 54 pauper
678 2094 105 54 est
738 2094 180 54 obiectum
872 2094 225 54 eleemosynae
1052 2094 90 54 in
1097 2094 105 54 hoc
1142 2094 90 54 quod

460 2136 102 53 est
519 2136 132 53 posse
607 2136 88 53 ei
651 2136 219 53 eleemosynam
826 2136 132 53 dare.
899 2136 132 53 igitur.

468 2201 112 85 â‹
512 2201 381 85 Distinctionis
826 2201 247 85 Vigesim
983 2201 247 85 aequartae

618 2264 262 96 Quaestio
793 2264 240 96 Vigesima.

857 2341 222 78 lgesimo
998 2341 243 78 quaeritur.

848 2403 94 59 An
895 2403 188 59 clericus
1036 2403 157 59 possit
1146 2403 94 59 de
1177 2403 63 59 re

847 2449 97 60 bus
903 2449 111 60 suis
972 2449 167 60 testari.
1097 2449 111 60 Hanc
1153 2449 83 60 quae

851 2494 147 63 stionem
958 2494 174 63 formamus:
1092 2494 107 63 quia
1146 2494 80 63 ipsa

847 2539 96 53 est
902 2539 192 53 necessaria
1053 2539 96 53 pro
1095 2539 137 53 euancua-

858 2583 123 59 ione
935 2583 139 59 eorum
1027 2583 123 59 quae
1089 2583 139 59 diximus

849 2627 95 59 in
897 2627 158 59 duabus
991 2627 237 59 quaestionibus

863 2673 185 51 proximis.
1005 2673 142 51 statim
1104 2673 114 51 enim
1161 2673 71 51 non

844 2719 103 68 bis
903 2719 207 68 obiicietur
1051 2719 177 68 consuetudo

1305 297 218 88 praelatorum
1480 297 204 88 testamenta
1640 297 218 88 condentium.
1815 297 102 88 Pro
1873 297 218 88 quaestionis
2033 297 58 88 so

1305 373 167 57 sutione
1426 373 136 57 ponam
1517 373 243 57 conclusiones
1714 373 212 57 sequentes.
1881 373 152 57 quarum
1972 373 106 57 Prima

1311 411 123 68 est.
1387 411 246 68 Beneficiatus
1587 411 154 68 potest
1695 411 169 68 testari
1818 411 92 68 de
1864 411 200 68 fructibus
2002 411 92 68 quos

1313 455 128 60 habet
1398 455 142 60 licite
1498 455 199 60 acquisitos
1654 455 100 60 non
1711 455 156 60 ratione
1825 455 199 60 beneficii:
1981 455 71 60 &
1996 455 85 60 bona

1306 496 113 64 illa
1376 496 197 64 relinquere
1531 496 84 64 in
1573 496 197 64 testamento
1728 496 183 64 cuicunque
1869 496 183 64 voluerit.
2010 496 70 64 &
2038 496 84 64 in

1301 542 151 51 telligo
1411 542 110 51 nisi
1480 542 96 51 sit
1535 542 179 51 obligatus
1673 542 179 51 ecclesiae
1811 542 110 51 suae
1879 542 83 51 de
1921 542 151 51 prodige
2017 542 69 51 ex-

1309 588 150 56 pensis
1414 588 105 56 vel
1474 588 180 56 aliunde.
1609 588 180 56 Probatur
1743 588 120 56 haec
1818 588 210 56 conclusio.
1968 588 120 56 Laicus

1305 642 151 45 potest
1410 642 90 45 de
1456 642 181 45 eiusmodi
1591 642 136 45 bonis
1681 642 181 45 testari:
1817 642 105 45 vel
1877 642 181 45 clericus
2013 642 105 45 non

1295 682 270 51 beneficiatus:
1518 682 127 51 ergo
1597 682 79 51 &
1629 682 270 51 beneficiatus.
1852 682 223 51 Antecedens
2011 682 79 51 est

1294 732 150 45 notum:
1399 732 75 45 &
1429 732 135 45 patet
1518 732 254 45 consequentia:
1728 732 120 45 quia
1803 732 120 45 illa
1878 732 120 45 bona
1952 732 105 45 non
1997 732 90 45 sunt

1316 771 199 44 pertinentia
1475 771 80 44 ad
1515 771 186 44 ecclesiam:
1661 771 106 44 ergo
1727 771 106 44 idem
1794 771 93 44 est
1847 771 159 44 iudicium
1966 771 80 44 de
1993 771 93 44 illis

1307 818 84 45 ac
1349 818 84 45 si
1391 818 98 45 non
1447 818 154 45 haberet
1559 818 210 45 beneficium.
1726 818 154 45 Secundo
1838 818 168 45 arguitur
1964 818 84 45 ad
1992 818 98 45 idem.

1305 853 196 57 Quilibet
1452 853 163 57 habens
1566 853 196 57 dominium
1713 853 212 57 aliquarum
1877 853 147 57 rerum
1958 853 131 57 potest

1307 898 79 58 de
1346 898 119 58 illis
1426 898 159 58 testari.
1545 898 93 58 sed
1598 898 106 58 iste
1664 898 212 58 beneficiatus
1836 898 66 58 /
1863 898 146 58 illarum
1969 898 119 58 rerum
2035 898 53 58 ha

1306 944 98 57 bet
1362 944 181 57 dominium:
1501 944 112 57 ergo
1571 944 84 57 de
1613 944 126 57 illis
1697 944 126 57 rebus
1780 944 153 57 testari
1892 944 139 57 potest
1975 944 112 57 conse-

1302 1000 150 55 quentia
1412 1000 123 55 tenet
1494 1000 96 55 cum
1548 1000 150 55 minore:
1658 1000 68 55 &
1685 1000 123 55 maior
1767 1000 137 55 patet:
1862 1000 109 55 quia
1931 1000 150 55 aliquis
2026 1000 55 55 ta

1302 1032 92 54 lis
1354 1032 144 54 testari
1459 1032 144 54 potest:
1564 1032 66 54 &
1590 1032 118 54 eadem
1669 1032 92 54 est
1722 1032 118 54 ratio
1800 1032 79 54 in
1840 1032 157 54 omnibus:
1958 1032 105 54 ergo
2010 1032 79 54 illa

1304 1082 192 49 vniuersalis
1458 1082 103 49 quae
1522 1082 90 49 est
1573 1082 128 49 maior,
1663 1082 90 49 est
1714 1082 115 49 vera.
1791 1082 128 49 Tertio
1881 1082 115 49 patet
1958 1082 77 49 de
1983 1082 103 49 testa.

1293 1124 68 53 &
1320 1124 122 53 vlti.
1401 1124 135 53 volun.
1495 1124 81 53 c.
1536 1124 135 53 primo.
1630 1124 81 53 &.
1671 1124 108 53 xii.
1738 1124 108 53 qui.
1806 1124 81 53 v.
1846 1124 81 53 c.
1887 1124 135 53 Nulli.
1981 1124 68 53 â‹
1995 1124 95 53 Secun

1295 1170 83 57 da
1337 1170 193 57 conclusio.
1488 1170 221 57 Beneficiatus
1668 1170 83 57 de
1709 1170 124 57 rebus
1792 1170 179 57 ecclesiae
1930 1170 138 57 potest
2013 1170 69 57 te-

1306 1209 136 55 stari
1396 1209 75 55 /
1427 1209 166 55 fructus
1547 1209 90 55 in
1592 1209 121 55 pios
1668 1209 121 55 vsus
1743 1209 241 55 convertendo.
1924 1209 166 55 Probatur.

1303 1254 179 55 quocumque
1441 1254 151 55 tempore
1551 1254 124 55 vitae
1633 1254 138 55 potest
1730 1254 220 55 beneficiatus
1908 1254 138 55 facere
1991 1254 96 55 elee-

1293 1304 168 51 mosynam
1415 1304 91 51 de
1460 1304 198 51 fructibus
1613 1304 213 51 beneficii:
1780 1304 107 51 sed
1841 1304 152 51 quando
1933 1304 152 51 testamen

1304 1347 93 49 tum
1357 1347 133 49 condit
1450 1347 66 49 /
1477 1347 93 49 est
1530 1347 80 49 in
1570 1347 120 49 vita.
1649 1347 146 49 igitur.
1756 1347 120 49 licet
1836 1347 120 49 istud
1915 1347 146 49 proprie
2009 1347 66 49 non

1300 1389 102 51 sit
1359 1389 233 51 testamentum:
1548 1389 102 51 sed
1607 1389 87 51 de
1650 1389 190 51 nominibus
1796 1389 102 51 non
1854 1389 102 51 est
1898 1389 175 51 certandum.

1301 1434 168 50 Probatur
1427 1434 126 50 etiam
1512 1434 197 50 conclusio.
1666 1434 84 50 c.
1708 1434 84 50 Ad
1750 1434 126 50 haec.
1834 1434 84 50 de
1876 1434 140 50 testa.
1975 1434 98 50 vbi
2017 1434 70 50 Ale

1307 1475 144 64 cander
1408 1475 159 64 tertius
1523 1475 101 64 sic
1581 1475 159 64 inquit.
1696 1475 87 64 Ad
1740 1475 115 64 haec
1812 1475 231 64 praesentibus
1985 1475 101 64 inno-

1293 1521 139 55 tescat
1391 1521 111 55 quod
1460 1521 153 55 clerici
1572 1521 84 55 de
1613 1521 181 55 mobilibus
1753 1521 111 55 quae
1822 1521 98 55 per
1878 1521 181 55 ecclesiam
2003 1521 84 55 sunt

1307 1567 141 50 adepti
1406 1567 71 50 /
1434 1567 85 50 de
1476 1567 113 50 iure
1547 1567 155 50 testari
1660 1567 99 50 non
1717 1567 170 50 possunt:
1844 1567 170 50 viuentes
1971 1567 127 50 tamen
2042 1567 42 50 &

1299 1613 108 61 sui
1360 1613 185 61 compotes
1499 1613 185 61 moderate
1637 1613 154 61 valent
1745 1613 154 61 aliqua
1852 1613 92 61 de
1898 1613 138 61 bonis
1975 1613 108 61 ipsis

1297 1664 102 44 non
1356 1664 161 44 ratione
1473 1664 205 44 testamenti
1634 1664 73 44 /
1663 1664 102 44 sed
1721 1664 219 44 eleemosynae
1897 1664 161 44 intuitu
1999 1664 88 44 ero-

1299 1701 121 53 gare
1375 1701 91 53 in
1420 1701 227 53 aegritudine
1602 1701 227 53 constituti.
1784 1701 106 53 Hoc
1844 1701 152 53 potest
1951 1701 121 53 immo
2011 1701 76 53 te-

1300 1746 129 50 netur
1386 1746 157 50 largiti
1500 1746 157 50 famulis
1614 1746 157 50 ratione
1729 1746 172 50 seruitii
1857 1746 172 50 exhibiti
1986 1746 86 50 de
2015 1746 57 50 re

1301 1788 100 49 bus
1358 1788 185 49 ecclesiae
1500 1788 199 49 mobilibus.
1656 1788 71 49 &
1685 1788 100 49 hoc
1742 1788 156 49 dicitur
1856 1788 171 49 expresse
1984 1788 85 49 in
2012 1788 57 49 ca

1300 1833 100 54 pi.
1357 1833 172 54 Relatum.
1486 1833 100 54 ii.
1543 1833 100 54 in.
1601 1833 86 54 S.
1644 1833 143 54 Licet.
1744 1833 100 54 vbi
1802 1833 100 54 sic
1859 1833 143 54 inquit
1945 1833 129 54 Alexan-

1300 1881 95 56 der
1355 1881 162 56 tertius.
1476 1881 122 56 Licet
1558 1881 122 56 autem
1639 1881 149 56 mobilia
1747 1881 95 56 per
1801 1881 176 56 ecclesiam
1923 1881 149 56 acquisita

1307 1923 85 54 de
1349 1923 113 54 iure
1420 1923 85 54 in
1462 1923 127 54 alios
1547 1923 99 54 pro
1603 1923 183 54 morientis
1744 1923 169 54 arbitrio
1871 1923 198 54 transferri
2012 1923 71 54 non

1304 1966 186 59 possint:
1444 1966 264 59 consuetudinis
1662 1966 109 59 non
1724 1966 109 59 est
1786 1966 248 59 improbandae,
1988 1966 93 59 vt
2019 1966 62 59 de

1299 2015 94 47 his
1352 2015 67 47 /
1379 2015 188 47 pauperibus
1527 2015 67 47 /
1554 2015 188 47 religiosis
1701 2015 121 47 locis
1782 2015 67 47 /
1809 2015 67 47 &
1835 2015 121 47 illis
1916 2015 94 47 qui
1956 2015 121 47 viuenti

1295 2055 211 65 seruierant:
1464 2055 113 65 siue
1534 2055 113 65 sint
1605 2055 225 65 consanguinei
1788 2055 70 65 /
1816 2055 113 65 siue
1887 2055 127 65 alii:
1957 2055 113 65 aliqua

1300 2097 130 50 iuxta
1386 2097 173 50 seruitii
1516 2097 158 50 meritum
1631 2097 230 50 conferantur.
1818 2097 86 50 Ex
1861 2097 101 50 hac
1904 2097 173 50 conclusio-

1294 2147 88 45 ne
1338 2147 175 45 sequitur
1470 2147 117 45 quod
1543 2147 234 45 beneficiatus
1732 2147 146 45 potest
1834 2147 161 45 ratione
1937 2147 131 45 pauprta

1285 2190 116 59 tis
1352 2190 132 59 bona
1434 2190 182 59 mobilia
1567 2190 215 59 beneficii
1732 2190 281 59 consanguineis
1964 2190 99 59 in
1997 2190 83 59 mor

1289 2231 87 54 te
1332 2231 101 54 vel
1390 2231 87 54 in
1433 2231 217 54 aegritudine
1607 2231 202 54 impartire:
1765 2231 101 54 hoc
1823 2231 101 54 est
1881 2231 145 54 quando
1968 2231 101 54 sunt.

1294 2280 195 54 pauperes,
1444 2280 120 54 quod
1519 2280 195 54 probatur.
1669 2280 120 54 illa
1745 2280 120 54 bona
1820 2280 150 54 potest
1910 2280 165 54 impartire

1303 2318 204 69 pauperibus:
1467 2318 68 69 &
1494 2318 95 69 non
1548 2318 150 69 tenetur
1657 2318 122 69 magis
1739 2318 122 69 illis
1820 2318 109 69 quam
1888 2318 136 69 istis:
1983 2318 68 69 &
1997 2318 68 69 con

1289 2369 182 50 sanguinei
1429 2369 98 50 non
1485 2369 112 50 sunt
1554 2369 195 50 deterioris
1708 2369 209 50 conditionis
1876 2369 112 50 quam
1931 2369 140 50 reliqui:

1296 2409 121 50 ergo
1371 2409 106 50 eis
1432 2409 211 50 relinquere
1598 2409 166 50 potest:
1718 2409 166 50 occulte
1839 2409 136 50 tamen
1929 2409 90 50 ne
1959 2409 106 50 alios

1290 2451 240 51 scandalizet:
1485 2451 165 51 dummodo
1605 2451 105 51 sit
1665 2451 150 51 certus
1771 2451 120 51 quod
1846 2451 120 51 sunt
1921 2451 120 51 vere
1981 2451 90 51 pau-

1296 2501 154 49 peres.
1404 2501 93 49 Si
1450 2501 124 49 vero
1527 2501 154 49 aliqui
1635 2501 170 49 externi
1759 2501 154 49 essent
1867 2501 170 49 extreme
1975 2501 93 49 pau-

1307 2545 143 42 peres:
1407 2545 100 42 iam
1464 2545 214 42 obligaretur
1635 2545 71 42 /
1664 2545 114 42 suis
1735 2545 229 42 posthabitis,
1921 2545 129 42 illis
1992 2545 86 42 sue-

1285 2591 180 57 currere.
1420 2591 90 57 Ex
1465 2591 105 57 his
1525 2591 180 57 sequitur
1660 2591 120 57 quod
1736 2591 150 57 potest
1841 2591 120 57 immo
1916 2591 135 57 debet
1991 2591 75 57 re-

1290 2633 197 59 linquere
1437 2633 181 59 famulis
1569 2633 115 59 pro
1635 2633 214 59 seruitio:
1799 2633 82 59 &
1832 2633 115 59 his
1897 2633 115 59 qui
1947 2633 131 59 damnum

1288 2677 127 52 passi
1373 2677 113 52 sunt
1443 2677 155 52 ratione
1556 2677 184 52 ecclesiae
1698 2677 113 52 suae
1768 2677 71 52 /
1797 2677 127 52 debet
1881 2677 127 52 illud
1952 2677 113 52 damnum

1288 2725 199 59 resarcire:
1444 2725 99 59 cum
1501 2725 114 59 alii
1572 2725 142 59 nolunt
1671 2725 85 59 ei
1714 2725 199 59 remittere.
1870 2725 71 59 â‹
1899 2725 142 59 Tertia
1984 2725 85 59 con
