2304 3308
239 344 111 67 runt
308 344 69 67 &
336 344 208 67 committunt:
503 344 69 67 &
530 344 97 67 per
586 344 180 67 abusionem
725 344 139 67 talium
822 344 166 67 iudicium
933 344 83 67 sibi

238 399 164 55 manducant
365 399 63 55 &
390 399 139 55 bibunt.
491 399 101 55 ldem
554 399 152 55 dicitur.
668 399 76 55 i.
706 399 88 55 qi.
756 399 88 55 ii.
807 399 164 55 Clericos.
933 399 76 55 &.
958 399 51 55 c.

234 448 153 47 Pastor
341 448 214 47 ecclesiae.
508 448 92 47 &.
554 448 92 47 c.
600 448 198 47 Sacerdos.
753 448 76 47 â‹
783 448 229 47 Respondetur
951 448 61 47 ab

243 490 168 52 aliquibus
372 490 103 52 quod
437 490 116 52 illae
515 490 207 52 auctoritates
683 490 103 52 sunt
747 490 168 52 consilii.
877 490 91 52 sed
915 490 91 52 istud

231 535 110 51 non
294 535 205 51 sufficit:
452 535 95 51 vt
499 535 110 51 per
562 535 142 51 verba
657 535 205 51 Hieronymi
814 535 189 51 allegata
940 535 79 51 iam

236 580 172 53 patuit.
362 580 204 53 Apparatus
518 580 141 53 dicit
612 580 125 53 quod
691 580 157 53 dictum
800 580 204 53 Hieronymi
941 580 63 53 in

236 627 191 45 telligitur
386 627 82 45 de
427 627 123 45 illis
509 627 164 45 clericis
632 627 95 45 qui
686 627 177 45 ecclesiae
822 627 95 45 non
863 627 150 45 seruiunt:

232 670 103 46 sed
291 670 118 46 illa
365 670 147 46 glossa
468 670 103 46 est
527 670 265 46 Aurelianensis.
748 670 88 46 vt
792 670 133 46 patet
880 670 103 46 per
925 670 88 46 ver-

236 711 95 48 ba
284 711 143 48 beati
379 711 222 48 Hieronymi.
553 711 127 48 Dico
632 711 143 48 ipsum
727 711 238 48 intelligere
901 711 111 48 quan-

231 758 92 47 do
277 758 123 47 sunt
354 758 154 47 aliqui
462 758 139 47 valde
554 758 185 47 pauperes
693 758 108 47 ita
754 758 169 47 idonei,
878 758 92 47 vt
909 758 92 47 diui

238 805 107 47 tes
299 805 107 47 qui
360 805 153 47 habent
467 805 214 47 sufficiens
635 805 229 47 patrimonium
818 805 122 47 vnde
879 805 137 47 viuant.

232 841 81 54 in
273 841 108 54 tali
341 841 122 54 autem
422 841 108 54 casu
489 841 95 54 non
543 841 176 54 intelligo
679 841 216 54 conclusionem
854 841 68 54 /
868 841 135 54 conformi

232 894 101 47 ter
289 894 87 47 ad
333 894 145 47 mentem
434 894 145 47 illius
535 894 145 47 sancti
637 894 159 47 patris.
753 894 72 47 &
781 894 101 47 hoc
839 894 101 47 sic
883 894 130 47 coloro.

240 929 214 49 Beneficium
408 929 92 49 ob
453 929 107 49 duo
515 929 153 49 dandum
621 929 122 49 est:
698 929 153 49 primum
805 929 76 49 &
820 929 183 49 principale

235 981 112 45 est,
305 981 84 45 vt
347 981 141 45 cultus
446 981 98 45 dei
502 981 112 45 rite
572 981 197 45 impleatur.
727 981 155 45 secundo
839 981 155 45 intuitu
938 981 70 45 per

227 1024 162 50 sonae:
340 1024 81 50 &
373 1024 97 50 ad
422 1024 260 50 succurrendum
633 1024 211 50 pauptati.
795 1024 130 50 modo
876 1024 114 50 duo
925 1024 81 50 con

235 1071 158 48 currunt
350 1071 86 48 in
393 1071 115 48 isto
464 1071 172 48 paupere,
594 1071 158 48 ratione
708 1071 144 48 quorum
809 1071 86 48 ei
852 1071 158 48 debetur
953 1071 57 48 be

238 1105 194 49 neficium.
387 1105 134 49 quare
477 1105 179 49 collator
611 1105 119 49 huic
685 1105 149 49 diuiti
789 1105 209 49 beneficium
938 1105 75 49 con

239 1152 141 51 ferens
337 1152 70 51 /
366 1152 155 51 quamuis
478 1152 99 51 sit
534 1152 127 51 aeque
619 1152 155 51 idoneus
732 1152 84 51 vt
774 1152 127 51 alter
844 1152 169 51 patrimonio

232 1199 165 53 secluso
352 1199 75 53 /
382 1199 165 53 peccat:
501 1199 120 53 quia
576 1199 105 53 dat
636 1199 135 53 minus
726 1199 165 53 idoneo:
845 1199 105 53 hoc
905 1199 105 53 est
950 1199 60 53 mi

234 1248 115 48 nus
299 1248 164 48 idoneo
414 1248 115 48 quo
480 1248 99 48 ad
529 1248 131 48 hoc.
612 1248 148 48 sicut
710 1248 247 48 mediocriter
891 1248 115 48 diues

234 1296 115 37 est
299 1296 147 37 magis
397 1296 180 37 idoneus
528 1296 98 37 ad
577 1296 245 37 theologicam
774 1296 164 37 bursam
888 1296 164 37 Nauar-

239 1328 121 60 ricam
319 1328 94 60 vel
373 1328 80 60 ad
413 1328 201 60 magisterium
574 1328 188 60 theologiae
721 1328 107 60 quam
788 1328 121 60 nihil
869 1328 134 60 habens
949 1328 67 60 sae

234 1372 143 48 cularis
338 1372 91 48 nec
390 1372 104 48 sibi
455 1372 130 48 valens
546 1372 169 48 prouidere
675 1372 117 48 qiuis
753 1372 104 48 sint
818 1372 182 48 aequaliter
961 1372 78 48 do

236 1418 113 59 cti.
307 1418 99 59 sic
363 1418 85 59 in
406 1418 198 59 proposito.
562 1418 71 59 â‹
590 1418 99 59 Sed
647 1418 156 59 quaero:
760 1418 85 59 an
803 1418 128 59 alter
888 1418 128 59 diues
958 1418 57 59 de

241 1461 106 58 quo
301 1461 106 58 nos
362 1461 182 58 loquimur
498 1461 91 58 in
544 1461 121 58 casu
619 1461 151 58 peccet
725 1461 212 58 beneficium
877 1461 136 58 capien-

239 1508 81 52 do
279 1508 67 52 /
306 1508 81 52 in
346 1508 188 52 praesentia
494 1508 161 52 alterius
615 1508 202 52 prouisionem
776 1508 94 52 non
830 1508 175 52 habentis.
951 1508 54 52 ad

238 1549 99 51 hoc
295 1549 113 51 enim
365 1549 156 51 tendunt
479 1549 128 51 verba
564 1549 170 51 Hierony.
691 1549 85 51 Si
734 1549 128 51 dicas
819 1549 113 51 quod
890 1549 113 51 sic:
946 1549 57 51 er

235 1595 99 57 go
285 1595 132 57 idem
368 1595 132 57 erit
450 1595 198 57 iudicium
599 1595 99 57 de
649 1595 182 57 habente
781 1595 165 57 magnam
880 1595 132 57 massam

245 1639 163 49 pecuniae
368 1639 190 49 collectam:
517 1639 109 49 nisi
585 1639 95 49 sit
639 1639 190 49 ignorantia
788 1639 231 49 inuincibilis:
965 1639 54 49 vt

243 1691 121 52 pote
319 1691 91 52 si
364 1691 197 52 episcopus
515 1691 167 52 nesciat
636 1691 91 52 de
682 1691 167 52 pecunia
803 1691 151 52 vnius.
909 1691 76 52 &
924 1691 91 52 opu-

243 1735 139 47 entus
335 1735 155 47 magnam
444 1735 186 47 pecuniam
583 1735 155 47 habens
691 1735 93 47 in
738 1735 124 47 arca
815 1735 77 47 /
830 1735 186 47 tenuitatem

232 1773 185 52 alterius
370 1773 108 52 non
432 1773 154 52 nouit.
539 1773 108 52 Sed
601 1773 92 52 si
647 1773 123 52 quis
724 1773 154 52 habens
816 1773 200 52 patrimonium

235 1815 203 63 sufficiens
394 1815 130 63 esset
481 1815 217 63 notabiliter
654 1815 130 63 magis
741 1815 159 63 idoneus
857 1815 116 63 quam
929 1815 116 63 pau-

229 1864 108 51 per:
297 1864 81 51 ei
338 1864 203 51 conferendum
500 1864 95 51 est
554 1864 203 51 beneficium:
716 1864 108 51 quia
784 1864 176 51 potissimu
919 1864 81 51 in
946 1864 54 51 be

240 1911 169 47 neficio
362 1911 215 47 conferendo
531 1911 246 47 consideratur
731 1911 184 47 vtilitas
854 1911 153 47 communis

236 1949 111 55 quae
305 1949 124 55 maior
388 1949 97 55 est
443 1949 83 55 in
485 1949 138 55 diuite
582 1949 83 55 in
623 1949 124 55 casu.
706 1949 83 55 Et
747 1949 111 55 ille
817 1949 124 55 diues
899 1949 97 55 non
941 1949 69 55 te-

226 1995 135 53 netur
316 1995 210 53 beneficium
481 1995 225 53 relinquere:
662 1995 165 53 quamuis
782 1995 165 53 idoneus
887 1995 120 53 pauper

238 2040 230 41 superueniat.
425 2040 130 41 secus
511 2040 101 41 est
569 2040 86 41 ab
612 2040 158 41 initio.
727 2040 101 41 Sed
785 2040 144 41 contra
886 2040 101 41 hoc
929 2040 72 41 ar-

237 2084 165 53 guitur.
357 2084 180 53 superius
492 2084 150 53 dictum
597 2084 120 53 est,
673 2084 120 53 quod
748 2084 135 53 minus
838 2084 165 53 idoneus
943 2084 60 53 be

231 2127 183 46 neficium
368 2127 198 46 accipiens
520 2127 91 46 in
566 2127 213 46 praesentia
733 2127 137 46 magis
825 2127 152 46 idonei
916 2127 76 46 non

232 2170 154 57 peccat:
344 2170 98 57 nec
400 2170 195 57 beneficium
553 2170 168 57 collatum
679 2170 154 57 tenetur
791 2170 209 57 restituere:
944 2170 56 57 li

237 2215 108 58 cet
298 2215 139 58 alter
391 2215 155 58 peccet
500 2215 232 58 conferendo.
685 2215 108 58 sed
747 2215 124 58 ille
809 2215 201 58 patrimonium

241 2259 144 44 habens
341 2259 173 44 alioquin
471 2259 158 44 idoneus
586 2259 72 44 /
615 2259 101 44 est
672 2259 187 44 similiter
816 2259 173 44 idoneus:
931 2259 72 44 er-

243 2304 90 56 go
288 2304 106 56 non
348 2304 151 56 peccat
454 2304 211 56 beneficium
620 2304 181 56 tenendo,
756 2304 106 56 vel
816 2304 211 56 accipiendo

231 2352 85 54 Si
273 2352 142 54 dicas:
373 2352 100 54 est
430 2352 185 54 inidoneus
573 2352 85 54 ob
615 2352 214 54 praesentiam
786 2352 171 54 pauperis
900 2352 100 54 aeque

228 2389 163 57 idonei:
347 2389 119 57 ergo
421 2389 148 57 peccat
525 2389 74 57 &
555 2389 208 57 beneficium
718 2389 208 57 accipiendo
881 2389 74 57 /
911 2389 74 57 &
926 2389 74 57 non

229 2435 249 48 restituendo
429 2435 183 48 idoneo.
562 2435 83 48 â‹
595 2435 266 48 Respondetur.
811 2435 100 48 si
844 2435 166 48 patrimo-

231 2479 121 51 nium
306 2479 196 51 sufficiat
457 2479 106 51 eum
518 2479 136 51 alere
608 2479 181 51 secundum
744 2479 121 51 suum
820 2479 166 51 statum:
926 2479 76 51 non

239 2523 292 47 improbabiliter
482 2523 113 47 est
547 2523 178 47 idoneus
676 2523 81 47 &
708 2523 97 47 ad
757 2523 211 47 capiendum
903 2523 97 47 bene

231 2569 169 45 ficium,
353 2569 77 45 &
384 2569 92 45 ad
430 2569 230 45 retinendum.
614 2569 92 45 Si
660 2569 123 45 vero
736 2569 92 45 no
782 2569 214 45 sufficiat:
935 2569 77 45 iam

230 2611 236 50 quodammodo
415 2611 118 50 est
483 2611 185 50 pauper:
617 2611 84 50 &
651 2611 168 50 potest
768 2611 236 50 beneficium
937 2611 67 50 ad

230 2656 226 53 supplendum
407 2656 161 53 statum
520 2656 210 53 assumere.
681 2656 113 53 vel
746 2656 97 53 si
794 2656 194 53 excessus
923 2656 81 53 ido

232 2701 179 60 neitatis
366 2701 119 60 eius
440 2701 104 60 sit
500 2701 134 60 magis
589 2701 253 60 considerandus
798 2701 119 60 quam
857 2701 149 60 pauperis

225 2743 168 68 inopia:
347 2743 137 68 licet
438 2743 153 68 habeat
545 2743 214 68 sufficiens
713 2743 244 68 patrimonium:
896 2743 107 68 omino

1076 345 113 60 est
1141 345 275 60 praeferendus.
1367 345 113 60 nam
1432 345 146 60 parum
1529 345 97 60 de
1577 345 146 60 magis
1658 345 194 60 principali

1071 405 108 55 est
1132 405 139 55 multo
1225 405 93 55 de
1272 405 139 55 minus
1364 405 217 55 principali
1535 405 263 55 praeferendum.
1736 405 108 55 quen-

1071 444 195 53 admodum
1213 444 230 53 excessiue
1390 444 177 53 pauper
1514 444 88 53 &
1549 444 159 53 parum
1655 444 177 53 doctus
1762 444 88 53 vel

1093 490 143 52 rudens
1193 490 72 52 /
1222 490 100 52 non
1279 490 100 52 est
1337 490 230 52 praeferendus
1523 490 143 52 diuiti
1623 490 158 52 idoneo.
1738 490 100 52 Sed
1781 490 72 52 con

1074 540 124 44 tra.
1151 540 124 44 sint
1228 540 124 44 ambo
1305 540 154 44 Sortes
1413 540 77 44 &
1444 540 139 44 Plato
1537 540 139 44 aeque
1630 540 170 44 idonei:
1738 540 108 44 Plato

1070 581 176 49 pauper:
1198 581 160 49 Sortes
1310 581 160 49 habens
1422 581 240 49 patrimonium
1613 581 112 49 suo
1677 581 160 49 statui
1773 581 80 49 suf

1075 627 183 41 ficiens:
1212 627 92 41 si
1258 627 153 41 Sortes
1365 627 229 41 patrimonium
1548 627 122 41 suum
1624 627 198 41 conferret
1762 627 76 41 pro

1080 673 117 38 ximo
1154 673 161 38 haeredi
1271 673 73 38 /
1300 673 220 38 efficeretur
1477 673 117 38 tunc
1550 673 176 38 idoneus:
1682 673 73 38 &
1711 673 103 38 non
1755 673 103 38 tenet

1078 709 120 44 llud
1153 709 224 44 patrimonium
1332 709 90 44 de
1377 709 134 44 rebus
1467 709 209 44 ecclesiae:
1631 709 120 44 ergo
1691 709 164 44 ecclesiae

1066 752 234 55 deseruiens
1250 752 84 55 &
1284 752 251 55 patrimonium
1485 752 134 55 dans
1568 752 251 55 pauperibus:
1753 752 100 55 immo

1072 801 119 55 quod
1146 801 163 55 amplius
1265 801 104 55 est
1324 801 74 55 /
1354 801 119 55 dans
1428 801 119 55 vero
1502 801 163 55 haeredi
1621 801 148 55 annue:
1724 801 104 55 vel
1784 801 89 55 in

1071 840 120 60 arca
1146 840 165 60 tenens,
1266 840 105 60 non
1326 840 195 60 propterea
1476 840 195 60 efficitur
1626 840 210 60 inidoneus.
1776 840 75 60 Re-

1069 888 212 53 spondetur.
1235 888 136 53 licet
1326 888 212 53 argumentum
1493 888 182 53 vtcumque
1629 888 182 53 suadeat:
1750 888 106 53 tamen

1069 932 100 47 ex
1119 932 167 47 dictis
1236 932 200 47 percipis
1386 932 284 47 consequentiam
1620 932 217 47 negandam.
1770 932 67 47 Ex

1075 973 102 60 quo
1134 973 175 60 sequitur
1265 973 116 60 quod
1337 973 160 60 aliquis
1454 973 102 60 est
1512 973 189 60 inidoneus
1658 973 102 60 qui
1716 973 87 60 se
1745 973 102 60 face-

1072 1021 104 54 re
1124 1021 173 54 potest
1245 1021 190 54 idoneum
1383 1021 173 54 quando
1504 1021 156 54 vult.
1608 1021 86 54 â‹
1642 1021 190 54 Secunda
1764 1021 86 54 con

1068 1062 168 50 clusio.
1190 1062 122 50 bene
1266 1062 153 50 ageret
1373 1062 122 50 iste
1450 1062 107 50 qui
1511 1062 138 50 habet
1603 1062 229 50 patrimonium
1771 1062 76 50 quo

1080 1109 208 45 sustentari
1243 1109 163 45 potest:
1362 1109 89 45 si
1407 1109 104 45 deo
1466 1109 178 45 seruiret
1600 1109 89 45 ex
1644 1109 208 45 patrimonio
1793 1109 59 45 vi

1075 1154 150 52 uendo:
1180 1154 75 52 &
1210 1154 135 52 multo
1300 1154 120 52 plus
1375 1154 195 52 mereretur
1525 1154 120 52 quam
1600 1154 165 52 viuendo
1720 1154 90 52 ex
1750 1154 90 52 bene

1073 1194 143 50 ficio:
1173 1194 114 50 quia
1244 1194 114 50 plus
1315 1194 100 50 deo
1372 1194 143 50 gratis
1472 1194 143 50 daret.
1572 1194 185 50 quinetiam
1700 1194 143 50 charitas

1079 1237 110 57 eum
1142 1237 94 57 ad
1189 1237 252 57 succurrendum
1394 1237 157 57 fratri
1504 1237 142 57 inopi
1598 1237 157 57 mouere
1708 1237 157 57 debet.
1803 1237 47 57 &

1075 1283 127 56 forte
1160 1283 141 56 peccat
1259 1283 141 56 tenens
1357 1283 198 56 beneficium
1513 1283 85 56 in
1555 1283 113 56 casu
1626 1283 99 56 quo
1682 1283 127 56 alter
1767 1283 113 56 pau-

1073 1333 112 54 per
1137 1333 112 54 est
1201 1333 144 54 aeque
1297 1333 176 54 idoneus
1425 1333 96 54 vt
1473 1333 144 54 ipse:
1569 1333 80 54 &
1601 1333 112 54 non
1665 1333 160 54 habens
1761 1333 80 54 be-

1065 1371 205 55 neficium.
1223 1371 205 55 Alexander
1380 1371 142 55 autem
1475 1371 189 55 Halensis
1617 1371 95 55 in
1664 1371 158 55 tertia
1758 1371 95 55 par-

1068 1415 94 51 te.
1121 1415 107 51 qui.
1188 1415 94 51 lv.
1242 1415 120 51 tenet
1322 1415 107 51 quod
1389 1415 80 51 is
1429 1415 80 51 de
1469 1415 94 51 quo
1523 1415 134 51 loquor
1616 1415 134 51 potest
1710 1415 134 51 tenere
1790 1415 54 51 be

1073 1455 198 62 neficium
1221 1455 181 62 viuendo
1353 1455 99 62 de
1402 1455 214 62 fructibus
1567 1455 181 62 illius:
1699 1455 181 62 dummodo

1073 1506 261 54 patrimonium
1282 1506 104 54 in
1334 1506 139 54 pios
1421 1506 139 54 vsus
1508 1506 209 54 expendat
1665 1506 87 54 &
1699 1506 122 54 non
1752 1506 104 54 ali-

1067 1548 117 65 ter.
1141 1548 103 65 hoc
1199 1548 132 65 etiam
1273 1548 132 65 placet.

1103 1631 111 101 â‹
1147 1631 376 101 Distinctionis
1457 1631 288 101 Vigesimae
1656 1631 199 101 quartae

1167 1707 298 72 Quaestio
1366 1707 447 72 Vigesimasecunda-

1332 1780 460 94 Selgesimosecundo
1700 1780 138 94 cir-

1405 1856 90 58 ta
1450 1856 119 58 hanc
1525 1856 254 58 distinctionem
1719 1856 119 58 quaeri

1383 1890 129 65 ltur.
1469 1890 86 65 An
1512 1890 158 65 peccent
1627 1890 173 65 praelati
1742 1890 101 65 eccle

1405 1946 119 58 siae
1479 1946 89 58 in
1524 1946 222 58 multitudine
1687 1946 163 58 clientum:

1408 1990 163 52 vestium
1527 1990 252 52 preciositate:
1734 1990 74 52 &
1749 1990 89 52 cibo

1391 2036 109 59 rum
1454 2036 280 59 superfluitate.
1672 2036 171 59 Responde-

1370 2079 115 52 tur
1435 2079 115 52 per
1501 2079 279 52 conclusiones.
1715 2079 131 52 quarum

1078 2123 119 54 prima
1157 2123 106 54 est.
1223 2123 79 54 In
1263 2123 119 54 istis
1343 2123 132 54 tribus
1435 2123 172 54 plerumque
1568 2123 199 54 beneficiati
1714 2123 132 54 peccant.

1070 2166 172 70 probatur.
1202 2166 79 70 in
1241 2166 92 70 his
1294 2166 145 70 omnibus
1400 2166 119 70 laici
1479 2166 172 70 excedendo
1611 2166 158 70 peccant.
1730 2166 92 70 sed
1770 2166 79 70 prae

1067 2216 109 50 lati
1136 2216 178 50 ecclesiae
1273 2216 137 50 regula
1368 2216 82 50 in
1409 2216 96 50 his
1464 2216 150 50 omnibus
1573 2216 123 50 debet
1656 2216 109 50 esse
1710 2216 137 50 arctior:

1073 2255 171 52 seruato
1198 2255 218 52 moderamine
1369 2255 93 52 in
1416 2255 140 52 bonis
1509 2255 218 52 crucifixi,
1681 2255 156 52 quorum
1774 2255 78 52 est

1062 2296 249 56 dispensator
1262 2296 83 56 &
1295 2296 116 56 non
1362 2296 183 56 dominus
1495 2296 83 56 /
1528 2296 216 56 expendend
1694 2296 116 56 is.
1744 2296 100 56 Vnde

1071 2339 218 63 Apostolus
1239 2339 168 63 primae
1357 2339 101 63 ad
1407 2339 185 63 Timoth.
1542 2339 118 63 vi.
1609 2339 202 63 Habentes
1743 2339 101 63 ali-

1067 2397 130 41 menta
1153 2397 72 41 &
1182 2397 145 41 quibus
1283 2397 173 41 tegamur:
1413 2397 101 41 his
1471 2397 173 41 contenti
1601 2397 145 41 simus.
1702 2397 87 41 ac
1746 2397 87 41 si
1775 2397 72 41 di-

1073 2431 140 57 ceret,
1171 2431 112 57 bona
1241 2431 224 57 mediocritate
1423 2431 154 57 vestium
1535 2431 70 57 &
1563 2431 154 57 ciborum
1675 2431 168 57 contenti
1787 2431 56 57 si

1074 2478 107 47 mus.
1140 2478 67 47 &
1167 2478 120 47 magis
1247 2478 80 47 ad
1287 2478 160 47 defectum
1407 2478 107 47 quam
1474 2478 80 47 ad
1514 2478 240 47 superfluitatem
1700 2478 147 47 hortatur.

1069 2517 72 53 &
1097 2517 172 53 Hierony.
1227 2517 144 53 Aliena
1327 2517 144 53 rapere
1428 2517 215 53 convincitur
1600 2517 101 53 qui
1657 2517 129 53 vltra
1729 2517 115 53 neces-

1073 2560 118 64 saria
1152 2560 105 64 sibi
1217 2560 157 64 retinere
1335 2560 170 64 probatur.
1466 2560 118 64 xlii.
1545 2560 118 64 dist.
1623 2560 79 64 c.
1663 2560 79 64 i.
1702 2560 144 64 Secundo
1794 2560 52 64 ar

1064 2609 161 61 guitur
1177 2609 97 61 ad
1225 2609 145 61 idem.
1322 2609 290 61 Ecclesiasticos
1563 2609 161 61 maxime
1676 2609 145 61 decet
1756 2609 97 61 esse

1077 2648 141 54 castos.
1179 2648 89 54 sed
1231 2648 153 54 castitas
1346 2648 192 54 conseruatur
1499 2648 166 54 percitate
1627 2648 115 54 cibi:
1703 2648 64 54 &
1729 2648 89 54 non
1767 2648 77 54 pre-

1071 2694 147 55 ciosis
1174 2694 191 55 vestibus:
1321 2694 73 55 &
1350 2694 176 55 clientum
1482 2694 220 55 indomitorum
1644 2694 205 55 multitudine.

1084 2741 93 65 Quo
1137 2741 80 65 ad
1177 2741 133 65 vestes
1269 2741 186 65 testionium
1415 2741 93 65 est
1468 2741 159 65 Christi:
1588 2741 93 65 qui
1641 2741 159 65 mollibus
1747 2741 106 65 inquit
