2295 3314
455 345 240 62 vestiuntur,
647 345 96 62 in
695 345 176 62 domibus
823 345 144 62 regum
918 345 144 62 sunt.
1014 345 208 62 Matthaei.
1158 345 64 62 xi

463 395 102 52 Quo
521 395 87 52 ad
564 395 131 52 cibum
651 395 203 52 Gratianus.
811 395 160 52 xliiii.
927 395 131 52 dist.
1014 395 87 52 c.
1057 395 87 52 i.
1101 395 87 52 ex
1130 395 102 52 Hiero

453 439 118 46 nymo
527 439 163 46 allegat
646 439 163 46 dicens.
764 439 163 46 Ventris
883 439 148 46 namque
986 439 193 46 ingluuies
1134 439 89 46 ad
1164 439 74 46 lu-

459 479 154 57 xuriam
566 479 185 57 prouocat
705 479 169 57 facile:
828 479 77 57 &
859 479 123 57 omne
936 479 123 57 opus
1013 479 139 57 bonum
1090 479 139 57 dissol-

461 524 125 49 uit.
540 524 125 49 Vnde
618 524 235 49 Hieronymus.
806 524 156 49 Venter
915 524 78 49 &
946 524 203 49 genitalia
1087 524 141 49 sibimer

458 569 129 54 ipsis
544 569 144 54 vicina
645 569 129 54 sunt:
731 569 86 54 vt
774 569 86 54 ex
817 569 201 54 vicinitate
975 569 187 54 membrorum
1105 569 115 54 confoe

460 617 163 53 deratio
579 617 237 53 intelligatur
772 617 193 53 vitiorum.
920 617 119 53 hinc
995 617 208 53 Nabuzardan
1143 617 89 53 prim

451 667 130 48 ceps
532 667 196 48 coquorum
679 667 147 48 muros
777 667 228 48 Hierusalem
956 667 245 48 destruxisse
1135 667 82 48 leg

441 703 134 49 tur:
525 703 134 49 quia
609 703 168 49 venter
727 703 118 49 cui
794 703 218 49 multitudo
962 703 202 49 coquorum
1097 703 134 49 deser-

456 751 121 47 uit,
531 751 196 47 aedificia
682 751 181 47 virtutum
818 751 90 47 ad
863 751 136 47 solum
954 751 181 47 redigit.
1074 751 151 47 Sacerdos

463 791 135 45 itaque
558 791 81 45 de
599 791 135 45 altari
694 791 149 45 viuere:
802 791 95 45 non
856 791 176 45 luxuriari
992 791 163 45 quaerat.
1114 791 108 45 vnde
1168 791 54 45 ai

462 835 230 47 Hieronymus.
646 835 123 47 Tibi
722 835 77 47 o
753 835 184 47 sacerdos
891 835 92 47 de
937 835 153 47 altari
1044 835 169 47 viuere:
1151 835 77 47 non

457 879 200 44 luxuriari
610 879 246 44 permittitur.
811 879 108 44 Sic
872 879 215 44 Gratianus.
1041 879 92 44 Ad
1072 879 154 44 conviuia

458 926 130 45 autem
544 926 188 45 superflua
689 926 231 45 restringenda
876 926 231 45 sacerdotibus
1064 926 72 45 &
1079 926 144 45 clericis

451 967 230 57 praecipitur:
637 967 86 57 vt
680 967 158 57 tempore
795 967 215 57 comestionis
968 967 187 57 diuinarum
1097 967 129 57 scriptu

458 1012 120 49 rarum
538 1012 134 49 lectio
632 1012 174 49 habeatur.
765 1012 120 49 Vnde.
846 1012 147 49 xliiii.
953 1012 147 49 distin.
1060 1012 94 49 ca.
1100 1012 134 49 penulti-

447 1056 93 49 mo
493 1056 93 49 ex
539 1056 186 49 concilio
678 1056 186 49 Toletano
818 1056 108 49 sic
879 1056 216 49 scribitur.
1049 1056 108 49 Pro
1096 1056 139 49 reueren

461 1097 103 55 tia
520 1097 103 55 dei
579 1097 74 55 &
609 1097 207 55 sacerdotum
771 1097 89 55 id
816 1097 177 55 vniuersa
948 1097 207 55 constituit
1096 1097 133 55 synodus

453 1155 91 46 vt
498 1155 121 46 quia
574 1155 151 46 solent
680 1155 151 46 crebro
785 1155 151 46 mensis
891 1155 166 46 ociosae
1012 1155 166 46 fabulae
1118 1155 121 46 inter-

458 1187 139 51 poni,
550 1187 93 51 in
596 1187 123 51 omni
674 1187 231 51 sacerdotali
859 1187 185 51 conuiuio
998 1187 154 51 lectio
1090 1187 139 51 diuina-

459 1234 104 53 rum
518 1234 237 53 scripturarum
711 1234 237 53 immisceatur.
903 1234 104 53 Per
963 1234 104 53 hoc
1022 1234 118 53 enim
1096 1234 74 53 &
1111 1234 118 53 animae

461 1276 224 47 aedificantur
643 1276 84 47 ad
685 1276 140 47 bonum:
783 1276 70 47 &
811 1276 154 47 fabulae
923 1276 98 47 non
979 1276 210 47 necessariae
1133 1276 98 47 prohi

460 1322 162 45 bentur.
578 1322 162 45 Insuper
696 1322 177 45 arguitur
829 1322 89 45 ad
874 1322 133 45 idem.
962 1322 103 45 vel
1021 1322 133 45 licet
1095 1322 133 45 episco-

463 1361 81 55 po
504 1361 136 55 habere
599 1361 109 55 duas
667 1361 68 55 /
694 1361 109 55 tres
762 1361 68 55 /
789 1361 149 55 quatuor
898 1361 136 55 vestes
993 1361 68 55 /
1020 1361 68 55 &
1047 1361 95 55 sic
1088 1361 149 55 ascendenm

461 1413 81 53 do
502 1413 108 53 sine
570 1413 149 53 statum:
678 1413 95 53 vel
732 1413 108 53 non.
800 1413 122 53 prior
881 1413 108 53 pars
949 1413 95 53 est
1003 1413 108 53 nota
1071 1413 135 53 falsa:
1152 1413 81 53 ergo

461 1450 156 50 dabilis
574 1450 99 50 est
631 1450 142 50 status
731 1450 99 50 tam
788 1450 85 50 in
830 1450 156 50 vestium
944 1450 213 50 multitudine
1114 1450 114 50 quam
1171 1450 57 50 in

453 1498 177 57 ipsarum
582 1498 273 57 preciositate.
807 1498 97 57 Et
855 1498 145 57 eodem
952 1498 129 57 modo
1032 1498 177 57 probare
1145 1498 80 57 pos

445 1538 119 52 sum
513 1538 170 52 statum
632 1538 102 52 in
683 1538 187 52 ciborum
819 1538 255 52 multitudine
1022 1538 85 52 &
1039 1538 187 52 sumptuosi

455 1588 145 55 tate:
551 1588 80 55 &
584 1588 97 55 de
632 1588 161 55 numero
744 1588 209 55 clientum:
905 1588 80 55 &
937 1588 145 55 eorum
1018 1588 209 55 pompositate

446 1629 167 56 Insuper
568 1629 228 56 praecipitur
750 1629 122 56 duas
826 1629 167 56 tunicas
948 1629 167 56 habenti
1070 1629 76 56 /
1100 1629 122 56 vnam
1161 1629 61 56 di

456 1675 88 50 re
500 1675 102 50 non
559 1675 175 50 habenti.
690 1675 102 50 hoc
749 1675 117 50 est:
822 1675 161 50 vestium
939 1675 234 50 superfluitas
1114 1675 117 50 prohi-

453 1715 162 50 betur:
566 1715 195 50 quatenus
713 1715 260 50 indigentibus
924 1715 260 50 succurratur.
1135 1715 81 50 &
1151 1715 81 50 hoc

460 1766 177 53 cuilibet
593 1766 133 53 laico
681 1766 88 53 in
725 1766 147 53 aliquo
828 1766 147 53 euentu
931 1766 206 53 praeceptum
1093 1766 118 53 est:
1167 1766 74 53 &
1182 1766 44 53 a

456 1805 185 59 fortiori
594 1805 215 59 habentibus
763 1805 231 59 patrimonium
948 1805 215 59 crucifixi.
1102 1805 123 59 Praete

457 1850 89 48 ea
502 1850 179 48 arguitur
636 1850 89 48 ad
681 1850 134 48 idem.
770 1850 89 48 si
815 1850 164 48 liceret
934 1850 179 48 abundare
1068 1850 89 48 in
1113 1850 104 48 his
1157 1850 75 48 enu

458 1894 178 46 meratis
587 1894 113 46 vel
652 1894 97 46 in
701 1894 178 46 domorum
830 1894 292 46 pulchritudine:
1073 1894 113 46 hoc
1122 1894 97 46 maxi

451 1937 90 51 me
496 1937 134 51 esset
586 1937 164 51 propter
705 1937 164 51 gloriam
825 1937 149 51 cleri:
929 1937 75 51 &
959 1937 90 51 ex
1004 1937 224 51 consequenti
1168 1937 60 51 ad

452 1985 109 47 dei
515 1985 186 47 honorem.
654 1985 109 47 sed
716 1985 109 47 hoc
779 1985 124 47 non:
856 1985 124 47 quia
934 1985 109 47 est
996 1985 140 47 vanus
1089 1985 155 47 fastus
1182 1985 47 47 &

458 2026 199 49 mundanus
608 2026 166 49 contra
724 2026 216 49 naturalem
890 2026 249 49 aequitatem:
1089 2026 83 49 &
1106 2026 116 49 dissi

453 2071 139 58 patio
545 2071 170 58 bonorum
669 2071 216 58 pauperibus
839 2071 170 58 Curisti
962 2071 170 58 membris
1071 2071 154 58 dandorum

452 2115 81 50 in
493 2115 135 50 quorum
588 2115 149 50 persona
696 2115 135 50 dicit.
790 2115 108 50 Quod
858 2115 95 50 vni
912 2115 149 50 istorum
1020 2115 176 50 dedistis,
1142 2115 81 50 mihi

462 2159 198 55 dedistis:
614 2159 76 55 &
645 2159 107 55 hoc
706 2159 107 55 quo
767 2159 92 55 ad
813 2159 168 55 laicos.
935 2159 107 55 sed
996 2159 107 55 quo
1057 2159 92 55 ad
1103 2159 122 55 bona
1164 2159 61 55 ec

455 2206 153 43 clesiae
566 2206 139 43 dicit.
663 2206 153 43 Reddite
774 2206 139 43 cesari
871 2206 111 43 quae
941 2206 166 43 caesaris
1066 2206 125 43 sunt:
1149 2206 69 43 &
1163 2206 69 43 deo

459 2252 106 50 quae
525 2252 93 50 dei
578 2252 120 50 sunt.
658 2252 106 50 Quia
725 2252 93 50 non
778 2252 93 50 sit
831 2252 80 50 in
871 2252 146 50 gloriam
977 2252 133 50 cleri.
1070 2252 133 50 patet.
1150 2252 80 50 xii.

453 2294 93 46 q.
500 2294 109 46 ii.
562 2294 140 46 capi.
656 2294 171 46 Gloria.
780 2294 93 46 ex
827 2294 202 46 Hieronymo
983 2294 187 46 dicente.
1107 2294 125 46 Gloria

459 2344 193 50 episcopi
603 2344 112 50 est
668 2344 193 50 pauperum
812 2344 160 50 opibus
924 2344 225 50 prouidere:
1085 2344 144 50 ignomi-

455 2386 100 41 nia
512 2386 200 41 sacerdotis
669 2386 171 41 propriis
797 2386 157 41 studere
911 2386 185 41 diuitiis.
1054 2386 71 41 &
1082 2386 114 41 post
1139 2386 86 41 pau-

448 2419 117 63 lum.
522 2419 132 63 Multi
610 2419 205 63 aedificant
771 2419 191 63 parietes:
918 2419 73 63 &
947 2419 176 63 columnas
1065 2419 161 63 ecclesiae

453 2464 238 63 subtrahunt:
644 2464 175 63 marmora
771 2464 175 63 nitent:
898 2464 127 63 auro
978 2464 207 63 laquearia
1121 2464 111 63 splen

459 2510 144 59 dent:
555 2510 160 59 gemmis
667 2510 160 59 altare
779 2510 272 59 distinguitur:
1003 2510 80 59 &
1019 2510 208 59 ministrorum

459 2550 153 69 Curisti
571 2550 126 69 nulla
654 2550 98 69 est
710 2550 167 69 electio.
836 2550 126 69 Neque
919 2550 112 69 vero
989 2550 112 69 mihi
1059 2550 153 69 aliquis
1156 2550 70 69 op-

457 2600 137 49 ponat
548 2600 137 49 diues
640 2600 92 49 in
686 2600 153 49 iudaea
793 2600 168 49 templum
915 2600 76 49 /
945 2600 153 49 mensam
1052 2600 76 49 /
1067 2600 153 49 lucernas

445 2651 181 49 thuribula
584 2651 70 49 /
612 2651 167 49 patellas
737 2651 70 49 /
765 2651 153 49 scyphos
876 2651 70 49 /
904 2651 195 49 mortariola
1057 2651 70 49 /
1085 2651 70 49 &
1099 2651 125 49 caetera

453 2688 97 56 ex
501 2688 129 56 auro
582 2688 226 56 fabricata.
759 2688 129 56 tunc
840 2688 129 56 haec
921 2688 242 56 probabantur
1114 2688 81 56 a
1130 2688 97 56 domi

450 2726 98 75 no
499 2726 163 75 quando
613 2726 229 75 sacerdotes
793 2726 180 75 hostias
924 2726 245 75 immolabant:
1120 2726 82 75 &
1136 2726 98 75 san

1292 344 117 66 guis
1365 344 160 66 pecudum
1482 344 117 66 erat
1555 344 175 66 remissio
1686 344 219 66 peccatorum,
1861 344 175 66 quamquam
1978 344 87 66 haec

1285 410 139 48 omnia
1377 410 262 48 praecesserint
1593 410 93 48 in
1639 410 185 48 figuram.
1778 410 185 48 Scriptum
1917 410 108 48 est
1963 410 93 48 auti

1305 448 166 48 propter
1426 448 106 48 nos
1486 448 76 48 /
1516 448 91 48 in
1562 448 121 48 quos
1637 448 136 48 fines
1728 448 211 48 saeculorum
1879 448 196 48 deuenerunt.

1295 486 139 57 Nunc
1381 486 139 57 vero
1468 486 122 57 cum
1538 486 261 57 paupertatem
1746 486 156 57 domus
1851 486 139 57 suae
1920 486 139 57 pauper

1286 533 184 51 dominus
1420 533 235 51 dedicauit:
1605 533 201 51 portemus
1756 533 184 51 crucem:
1890 533 84 51 &
1906 533 168 51 delicias

1284 575 141 61 lutum
1379 575 189 61 putemus.
1520 575 126 61 haec
1599 575 141 61 ille.
1693 575 189 61 Amplius.
1834 575 189 61 meliores
1960 575 110 61 viros

1294 626 166 48 videmus
1415 626 90 48 ab
1460 626 106 48 hac
1520 626 226 48 multitudine
1701 626 75 48 /
1731 626 75 48 &
1761 626 136 48 pompa
1852 626 166 48 tanquam
1973 626 75 48 a
1988 626 75 48 lue

1287 668 182 50 politiae
1423 668 272 50 ecclesiasticae
1650 668 197 50 aufugere:
1802 668 91 50 ad
1847 668 136 50 aliud
1923 668 151 50 extremum

1299 709 255 60 declinantes.
1506 709 127 60 ergo
1586 709 159 60 signum
1697 709 111 60 est
1761 709 127 60 quod
1840 709 143 60 istud
1920 709 159 60 extremum

1291 758 122 51 apud
1367 758 198 51 sapientes
1519 758 107 51 est
1580 758 213 51 indecorum.
1747 758 152 51 Vltimo
1854 758 213 51 ostenditur
2006 758 61 51 au

1297 800 190 52 ctoritate
1444 800 175 52 Gregorii
1575 800 88 52 in
1619 800 146 52 quadam
1721 800 161 52 homilia
1838 800 190 52 dicentis.
1970 800 102 52 Sunt.

1295 847 197 58 nonnulli
1442 847 115 58 qui
1508 847 164 58 cultum
1623 847 213 58 subtilium
1787 847 295 58 preciosarumque
2016 847 66 58 ve

1291 885 153 55 stium
1393 885 119 55 non
1461 885 170 55 putant
1580 885 136 55 esse
1665 885 221 55 peccatum.
1835 885 136 55 quod
1920 885 153 55 tamen
2005 885 68 55 si

1287 934 136 48 culpa
1377 934 106 48 non
1438 934 151 48 esset:
1544 934 196 48 nequaquam
1695 934 136 48 sermo
1785 934 106 48 dei
1846 934 106 48 tam
1891 934 181 48 vigilanter

1289 983 223 47 exprimeret
1464 983 128 47 quod
1544 983 143 47 diues
1640 983 112 47 qui
1703 983 239 47 torquebatur
1895 983 128 47 apud
1958 983 112 47 infe-

1283 1022 113 62 ros
1348 1022 81 62 /
1380 1022 146 62 bysso
1477 1022 81 62 &
1509 1022 178 62 purpura
1639 1022 178 62 indutus
1768 1022 194 62 fuisset.
1913 1022 129 62 Nemo
1978 1022 97 62 quip

1286 1064 95 52 pe
1334 1064 222 52 vestimenta
1508 1064 222 52 praecipua,
1682 1064 190 52 scilicet
1825 1064 222 52 excedentia
1983 1064 95 52 pro-

1299 1111 142 49 prium
1394 1111 174 49 statum,
1521 1111 127 49 nisi
1600 1111 95 49 ad
1647 1111 158 49 inanem
1758 1111 174 49 gloriam
1884 1111 190 49 quaerit.
2011 1111 63 49 Et

1292 1154 121 50 per
1361 1154 173 50 eandem
1482 1154 277 50 auctoritatem
1708 1154 191 50 probare
1847 1154 173 50 possum
1951 1154 121 50 opipa

1285 1204 87 59 ra
1328 1204 159 59 prandia
1444 1204 217 59 perniciosa:
1617 1204 116 59 quia
1690 1204 116 59 ille
1762 1204 130 59 diues
1849 1204 174 59 quotidie
1965 1204 101 59 splen

1288 1237 134 60 dide
1355 1237 217 60 epulabatur.

1338 1293 118 88 Ex
1396 1293 137 88 hac
1475 1293 294 88 conclusione
1710 1293 274 88 euidentiam
1906 1293 157 88 habent

1288 1372 242 45 conclusiones
1485 1372 212 45 sequentes.
1651 1372 151 45 quarum
1757 1372 136 45 Prima
1848 1372 121 45 est.
1909 1372 151 45 grauiter

1305 1416 139 46 peccant
1407 1416 152 46 praelati
1521 1416 177 46 ecclesiae,
1660 1416 76 46 vt
1698 1416 152 46 episcopi
1812 1416 63 46 &
1837 1416 139 46 abbates
1926 1416 152 46 splendidam

1297 1460 150 56 mensam
1402 1460 120 56 more
1477 1460 180 56 nobilium
1611 1460 75 56 &
1641 1460 224 56 opulentorum
1821 1460 180 56 laicorum
1940 1460 120 56 fouen-

1296 1507 100 43 tes.
1359 1507 125 43 aliqui
1447 1507 125 43 etiam.
1534 1507 100 43 xxx.
1597 1507 100 43 aut.
1659 1507 88 43 xl.
1709 1507 163 43 equitibus
1834 1507 88 43 aut
1884 1507 150 43 pluribus
1997 1507 100 43 quo-

1301 1543 127 58 tidie
1385 1543 197 58 stipantur.
1568 1543 155 58 Secunda
1681 1543 211 58 propositio.
1850 1543 155 58 peccant
1962 1543 84 58 in
1991 1543 70 58 hoc

1303 1593 116 53 quod
1376 1593 131 53 habet
1464 1593 160 53 iuuenes
1580 1593 116 53 male
1653 1593 204 53 institutos
1813 1593 73 53 &
1828 1593 247 53 indisciplinatos

1291 1644 165 52 comitum
1411 1644 75 52 &
1441 1644 165 52 baronum
1561 1644 150 52 filios
1666 1644 90 52 in
1710 1644 105 52 suo
1770 1644 195 52 comitatu:
1920 1644 105 52 vbi
1965 1644 105 52 debe-

1298 1686 115 49 rent
1370 1686 144 49 habere
1471 1686 188 49 sapientes
1615 1686 87 49 in
1658 1686 115 49 lege
1730 1686 101 49 dei
1788 1686 101 49 cum
1846 1686 159 49 aliquot
1947 1686 115 49 paucis

1285 1724 164 61 famulis
1404 1724 224 61 compositis.
1613 1724 149 61 Tertia
1717 1724 224 61 propositio.
1896 1724 134 61 adhuc
1971 1724 89 61 gra-

1290 1765 122 56 uius
1366 1765 229 56 delinquitur
1549 1765 122 56 apud
1625 1765 168 56 aliquos
1747 1765 107 56 non
1808 1765 244 56 erubescentes
1991 1765 76 56 da-

1286 1814 83 50 re
1328 1814 139 50 magnum
1425 1814 180 50 prouentum
1564 1814 180 50 ecclesiae
1702 1814 139 50 alicui
1799 1814 153 50 potenti
1910 1814 153 50 comiti:
2008 1814 55 50 vt

1287 1856 127 58 ipse
1367 1856 175 58 dicatur
1494 1856 175 58 famulus
1621 1856 191 58 episcopi
1765 1856 111 58 vel
1828 1856 191 58 abbatis:
1972 1856 80 58 &
1987 1856 80 58 hoc

1286 1903 159 46 tempore
1401 1903 130 46 pacis
1488 1903 159 46 faciunt
1604 1903 87 46 ad
1647 1903 145 46 fastum
1748 1903 72 46 &
1777 1903 87 46 ad
1820 1903 202 46 superbiam,
1965 1903 101 46 dicen

1295 1950 99 54 tes
1352 1950 128 54 talem
1437 1950 142 54 magnum
1536 1950 128 54 virum
1621 1950 71 54 a
1650 1950 85 54 se
1692 1950 199 54 sustentari
1848 1950 71 54 &
1877 1950 184 54 stipendia
2004 1950 57 54 an

1288 1992 100 47 nua
1345 1992 100 47 pro
1402 1992 172 47 seruitio
1531 1992 186 47 accipere.
1674 1992 72 47 &
1702 1992 143 47 quando
1803 1992 114 47 ille
1874 1992 143 47 potens
1960 1992 100 47 aduem

1298 2034 95 52 tat
1353 2034 68 52 /
1380 2034 177 52 recipitur
1516 2034 109 52 cum.
1584 2034 95 52 xl.
1638 2034 109 52 vel.
1706 2034 204 52 lequitibus:
1870 2034 122 52 etiam
1951 2034 95 52 cum
1992 2034 68 52 vxo

1296 2083 96 50 re
1344 2083 80 50 &
1376 2083 112 50 sua
1440 2083 191 50 caterua.
1615 2083 160 50 Quarta
1727 2083 239 50 propositio.
1902 2083 160 50 Turpiter

1289 2118 201 67 indoctum
1440 2118 167 67 vulgus
1557 2118 184 67 delitat
1690 2118 234 67 potissimum
1874 2118 100 67 in
1908 2118 150 67 vtroque

1287 2167 237 59 Britannorum
1476 2167 158 59 regno:
1587 2167 205 59 extollens
1745 2167 205 59 praelatum
1902 2167 110 59 vel
1950 2167 110 59 alium

1295 2218 185 39 opipare
1430 2218 84 39 &
1463 2218 218 39 splendide
1631 2218 118 39 se,
1698 2218 84 39 &
1732 2218 134 39 suos
1816 2218 218 39 pascentem
1967 2218 84 39 nor

1288 2258 135 44 modo
1372 2258 169 44 capis:
1491 2258 118 44 sed
1558 2258 152 44 etiam
1659 2258 236 44 perdicibus
1845 2258 84 44 &
1862 2258 186 44 phasianis

1283 2294 138 60 Ecce
1369 2294 155 60 mores
1473 2294 311 60 Sardanapalinos
1731 2294 121 60 hic
1800 2294 224 60 laudatos:
1956 2294 104 60 omni

1287 2347 157 47 probro
1397 2347 251 47 infectandos.
1601 2347 94 47 Et
1648 2347 94 47 si
1695 2347 204 47 prouentus
1851 2347 204 47 ecclesiae
1992 2347 63 47 in

1289 2388 223 52 sanguinem
1461 2388 86 52 &
1495 2388 189 52 famulos
1633 2388 223 52 expendat:
1804 2388 155 52 adhuc
1908 2388 86 52 a
1925 2388 120 52 vulgo

1288 2435 179 49 effertur
1422 2435 179 49 dicente:
1556 2435 104 49 hic
1616 2435 194 49 praelatus
1765 2435 179 49 gloriose
1899 2435 119 49 suam
1959 2435 104 49 domum

1284 2479 93 57 ab
1330 2479 108 57 imo
1392 2479 170 57 erexit:
1516 2479 77 57 &
1547 2479 93 57 de
1593 2479 124 57 suis
1670 2479 170 57 famulis
1794 2479 108 57 est
1856 2479 155 57 optime
1949 2479 108 57 meri-

1286 2522 103 48 tus.
1351 2522 64 48 &
1376 2522 116 48 tamen
1454 2522 155 48 sapienti
1570 2522 142 48 constat
1673 2522 103 48 quod
1738 2522 77 48 ex
1776 2522 90 48 deo
1828 2522 142 48 dicatis
1918 2522 142 48 aedificat

1288 2565 151 51 altare
1394 2565 136 51 Baal.
1484 2565 227 51 Regulariter
1666 2565 181 51 quicquid
1802 2565 151 51 vulgus
1893 2565 166 51 deprimit/

1289 2613 216 46 extollendum
1462 2613 115 46 est:
1534 2613 72 46 &
1563 2613 159 46 contra.
1707 2613 159 46 Secunda
1822 2613 188 46 conclusio
1952 2613 101 46 prin-

1291 2656 175 44 cipalis.
1423 2656 190 44 praelatus
1569 2656 190 44 ecclesiae
1715 2656 131 44 debet
1803 2656 161 44 quandam
1905 2656 146 44 honestam

1277 2704 252 52 mediocritatem
1484 2704 89 52 in
1529 2704 178 52 vestibus
1662 2704 178 52 seruare.
1795 2704 178 52 Probatur
1929 2704 104 52 per
1973 2704 74 52 Ami

1281 2741 161 60 brosium
1398 2741 88 60 in
1442 2741 132 60 primo
1530 2741 88 60 de
1574 2741 190 60 officiis.
1720 2741 132 60 Decor
1808 2741 176 60 corporis
1940 2741 102 60 non
1984 2741 73 60 sit
