2336 3356
501 323 133 56 facti
590 323 103 56 vel
649 323 147 56 iuris.
752 323 103 56 Nam
811 323 221 56 constitutio
987 323 177 56 poenalis
1120 323 133 56 etiam
1193 323 74 56 quo

512 369 88 63 ad
556 369 146 63 poenam
659 369 205 63 extenditur
820 369 88 63 ad
863 369 132 63 casum
951 369 161 63 similem
1068 369 88 63 ex
1097 369 176 63 identitate

509 413 156 60 rationis
626 413 65 60 /
652 413 78 60 si
691 413 117 60 ratio
769 413 234 60 constitutionis
965 413 78 60 in
1004 413 78 60 ea
1043 413 91 60 est
1095 413 169 60 expressa.
1212 413 65 60 Cum

513 461 127 48 autem
598 461 142 48 dictum
697 461 113 48 cap.
768 461 142 48 Vestra
867 461 99 48 per
923 461 170 48 rationem
1051 461 156 48 peccati
1150 461 127 48 notorie

507 498 148 59 tatis,
611 498 251 59 concubinarium
817 498 177 59 notorium
950 498 192 59 concludat
1097 498 118 59 esse
1156 498 133 59 suspen-

515 550 127 55 sum:
595 550 127 55 idem
674 550 127 55 erit
754 550 96 55 in
802 550 127 55 omni
882 550 175 55 peccato
1009 550 175 55 mortali
1121 550 159 55 notorio-

508 593 120 52 ltem
583 593 194 52 suspensus
732 593 105 52 non
792 593 194 52 iudicatur
941 593 194 52 residere:
1091 593 134 52 sicut
1165 593 120 52 perin-

517 634 67 76 de
550 634 78 76 est
595 634 56 76 /
617 634 78 76 non
662 634 100 76 fieri
729 634 56 76 /
751 634 56 76 &
773 634 78 76 non
818 634 89 76 rite
863 634 89 76 fieri.

512 692 109 93 â‹
556 692 219 93 Contra
709 692 175 93 haec
818 692 197 93 dicta
949 692 175 93 pono
1058 692 175 93 duas
1146 692 131 93 con-

510 763 209 65 ciusiones.
674 763 149 65 quarum
778 763 134 65 prior
868 763 119 65 est.
942 763 149 65 Certum
1047 763 104 65 est
1106 763 119 65 quod
1166 763 119 65 occul-

506 817 111 58 tus
570 817 190 58 peccator
712 817 111 58 non
775 817 174 58 tenetur
902 817 174 58 fructus
1029 817 222 58 restituere
1187 817 95 58 rece

511 859 131 57 ptos
592 859 180 57 tempore
723 859 180 57 peccati
854 859 196 57 occulti.
1001 859 82 57 &
1034 859 114 57 per
1083 859 196 57 consequens

521 900 125 46 nihil
604 900 97 46 est
660 900 152 46 dicere,
770 900 138 46 tutius
867 900 111 46 esse
936 900 208 46 restituere,
1102 900 180 46 timidorum
1227 900 55 46 co

508 949 199 46 scientias
661 949 199 46 pulsando,
814 949 92 46 ac
860 949 92 46 si
906 949 92 46 ad
952 949 260 46 restitutionem
1151 949 138 46 tenean-

513 987 120 56 tur.
588 987 196 56 Probatur.
739 987 180 56 occultus
874 987 180 56 peccator
1009 987 150 56 potest
1115 987 150 56 facere
1205 987 90 56 illa

509 1035 133 52 quae
593 1035 117 52 suo
659 1035 183 52 officio
792 1035 233 52 incumbunt:
976 1035 83 52 &
1009 1035 233 52 beneficium
1175 1035 117 52 datur

520 1089 151 49 propter
630 1089 178 49 officium:
767 1089 110 49 ergo
836 1089 96 49 cum
890 1089 137 49 faciat
986 1089 178 49 officium:
1123 1089 137 49 licite
1206 1089 82 49 reci

521 1133 114 50 pit
586 1133 245 50 beneficium:
782 1133 114 50 hoc
847 1133 114 50 est
912 1133 229 50 praebendam
1092 1133 114 50 vel
1141 1133 147 50 fructus

511 1166 217 59 Assumptum
678 1166 167 59 patet:
795 1166 133 59 quia
878 1166 117 59 non
945 1166 183 59 tenetur
1078 1166 200 59 quolibet
1212 1166 83 59 die

511 1218 220 54 celebrare
681 1218 187 54 missam.
816 1218 170 54 capiam
935 1218 136 54 ergo
1020 1218 153 54 totum
1121 1218 170 54 tempus
1223 1218 68 54 in

520 1260 100 54 quo
577 1260 100 54 non
634 1260 158 54 tenetur
749 1260 201 54 celebrare:
907 1260 115 54 iste
979 1260 129 54 dicit
1065 1260 143 54 horas:
1165 1260 129 54 canit
1237 1260 57 54 in

522 1298 153 57 choro:
629 1298 76 57 &
659 1298 138 57 facit
751 1298 168 57 caetera
873 1298 199 57 requisita
1026 1298 92 57 ad
1072 1298 122 57 suum
1133 1298 168 57 officium.

519 1343 162 58 igitur.
637 1343 192 58 Praeterea
785 1343 177 58 arguitur
918 1343 89 58 ad
962 1343 133 58 idem.
1050 1343 89 58 Si
1095 1343 103 58 non
1154 1343 133 58 facit
1227 1343 74 58 fru

526 1397 123 48 ctus
602 1397 138 48 suos:
695 1397 108 48 hoc
756 1397 108 48 est
818 1397 200 48 propterea
971 1397 123 48 quia
1048 1397 154 48 peccat
1140 1397 154 48 exercen-

525 1432 89 58 do
570 1432 134 58 actus
659 1432 104 58 sui
718 1432 178 58 officii:
852 1432 104 58 sed
911 1432 104 58 hoc
970 1432 104 58 non
1030 1432 178 58 impedit:
1163 1432 119 58 quod
1223 1432 74 58 pro

516 1479 93 61 bo
563 1479 233 61 dupliciter.
750 1479 156 61 Primo,
859 1479 109 61 non
921 1479 171 61 oportet
1045 1479 124 61 quod
1123 1479 156 61 peccet
1216 1479 78 61 con

528 1520 138 56 tinuo
619 1520 76 56 /
650 1520 199 56 exercendo
803 1520 138 56 actus
894 1520 107 56 sui
956 1520 183 56 officii.
1093 1520 183 56 Secundo.
1215 1520 92 56 etsi

532 1570 167 54 peccat:
653 1570 136 54 adhuc
744 1570 136 54 facit
835 1570 167 54 fructus
956 1570 136 54 suos.
1047 1570 121 54 quod
1122 1570 151 54 probo:
1213 1570 91 54 quia

526 1620 191 48 celebrans
673 1620 88 48 in
717 1620 162 48 mortali
835 1620 103 48 pro
894 1620 103 48 sex
953 1620 147 48 paruis
1056 1620 132 48 albis
1144 1620 74 48 /
1159 1620 132 48 lucratu

512 1659 195 53 pecuniam
658 1659 146 53 illam
756 1659 130 53 quis
837 1659 179 53 ignoret
967 1659 98 53 an
1016 1659 114 53 sit
1081 1659 98 53 in
1130 1659 195 53 peccato:
1260 1659 49 53 &

525 1699 133 56 tamen
614 1699 147 56 peccat
717 1699 221 56 celebrando.
894 1699 162 56 igitur.
1011 1699 162 56 Insuper
1129 1699 118 56 nisi
1188 1699 118 56 conclu

525 1749 104 44 sio
585 1749 134 44 esset
674 1749 119 44 vera
749 1749 75 44 /
778 1749 253 44 confunderetur
987 1749 119 44 vita
1062 1749 224 44 clericorum:
1225 1749 75 44 nec

515 1788 142 57 scire
610 1788 174 57 possent
737 1788 158 57 quando
847 1788 174 57 faciunt
974 1788 174 57 fructus
1100 1788 142 57 suos:
1195 1788 79 57 &
1211 1788 95 57 quan

520 1837 100 45 do
570 1837 134 45 non.
654 1837 84 45 â‹
688 1837 184 45 Secunda
822 1837 234 45 conclusio,
1006 1837 201 45 notorius
1140 1837 167 45 peccator

520 1878 159 52 faciens
635 1878 130 52 actus
722 1878 159 52 officii
838 1878 101 52 sui
896 1878 101 52 non
954 1878 159 52 tenetur
1069 1878 203 52 restituere
1214 1878 87 52 fru-

525 1926 123 50 ctus
601 1926 199 50 receptos.
755 1926 199 50 probatur.
908 1926 138 50 facit
1000 1926 138 50 illud
1092 1926 123 50 quod
1154 1926 153 50 pertinet

522 1971 91 48 ad
567 1971 122 48 suum
643 1971 198 48 officium.
795 1971 122 48 ergo
871 1971 137 48 sicut
963 1971 91 48 in
1008 1971 152 48 priori
1099 1971 198 48 conclusione

525 2012 199 55 peccatum
675 2012 133 55 eius
757 2012 116 55 non
824 2012 182 55 obstat:
956 2012 99 55 vt
1006 2012 133 55 ipsi
1089 2012 215 55 concedunt
1238 2012 66 55 de

532 2055 167 59 occulto
653 2055 182 59 peccato:
790 2055 106 59 nec
851 2055 122 59 sola
927 2055 213 59 notorietas
1094 2055 182 59 impedit.
1216 2055 91 59 igi-

529 2100 121 51 tur.
604 2100 166 51 Insuper
725 2100 136 51 nullo
815 2100 121 51 iure
891 2100 136 51 illud
981 2100 151 51 potest
1087 2100 181 51 ostendi.
1208 2100 90 51 ergo

524 2145 113 46 non
589 2145 113 46 est
653 2145 227 46 asserendum
831 2145 146 46 illud
929 2145 130 46 quod
1010 2145 210 46 illaqueat
1155 2145 146 46 hominum

524 2184 276 59 conscientias.
751 2184 244 59 Probationes
946 2184 146 59 autem
1043 2184 146 59 eorum
1141 2184 130 59 sunt
1222 2184 114 59 in-

525 2236 195 54 ualidae.
671 2236 114 54 Nam
736 2236 162 54 quando
849 2236 162 54 dicunt
963 2236 130 54 quod
1044 2236 195 54 notorium
1174 2236 130 54 pecca-

521 2280 122 49 tum
590 2280 192 49 inducit
730 2280 280 49 suspensionem
957 2280 105 49 ne
1010 2280 140 49 homo
1097 2280 210 49 exerceat
1237 2280 70 49 of

519 2318 154 54 ficium
627 2318 139 54 suum:
719 2318 124 54 dico
796 2318 108 54 hoc
858 2318 124 54 esse
935 2318 170 54 falsum.
1059 2318 77 54 &
1090 2318 124 54 quod
1167 2318 124 54 cap.
1229 2318 77 54 Ve-

528 2364 134 49 stra.
617 2364 89 49 de
662 2364 163 49 cohabi.
780 2364 119 49 cle.
855 2364 74 49 &
884 2364 148 49 mulie,
988 2364 104 49 non
1048 2364 208 49 extenditur
1211 2364 89 49 ad
1241 2364 59 49 si

529 2413 139 52 milia
621 2413 170 52 crimina
745 2413 108 52 vel
807 2413 201 52 grauioram
961 2413 108 52 per
1023 2413 93 52 se
1069 2413 108 52 non
1131 2413 170 52 inclusa
1239 2413 62 52 in

534 2460 136 53 pso.
619 2460 170 53 poenae
738 2460 136 53 enim
823 2460 289 53 restringendae
1062 2460 136 53 sunt
1147 2460 85 53 &
1181 2460 119 53 non
1232 2460 68 53 am

524 2497 207 57 pliandae.
683 2497 143 57 etiam
779 2497 143 57 poena
874 2497 143 57 huius
970 2497 175 57 canonis
1097 2497 111 57 est
1145 2497 159 57 abrogata

527 2545 116 56 per
594 2545 215 56 concilium
759 2545 297 56 Constantiense:
1007 2545 132 56 quod
1089 2545 182 56 Angelus
1205 2545 99 56 con-

523 2588 166 52 fitetur.
648 2588 111 52 Alia
717 2588 125 52 ratio
800 2588 97 52 est
856 2588 139 52 nulla.
953 2588 97 52 nam
1008 2588 111 52 idem
1077 2588 97 52 est
1133 2588 97 52 non
1174 2588 139 52 residere

523 2636 71 72 &
551 2636 200 72 inutiliter
708 2636 185 72 residere:
851 2636 100 72 sed
908 2636 100 72 cum
965 2636 114 72 iste
1036 2636 171 72 exerceat
1164 2636 128 72 actus
1236 2636 71 72 suo

527 2675 149 76 officio
636 2675 162 76 debitos:
757 2675 162 76 vtiliter
866 2675 135 76 residet.

1488 318 196 72 Ltimo
1619 318 283 72 dubitatur
1836 318 196 72 circa
1967 318 152 72 res
2032 318 109 72 ec-

1488 378 99 80 quam
1549 378 148 80 clesiae.
1660 378 74 80 an
1697 378 160 80 praelatus
1821 378 123 80 possit
1907 378 86 80 res
1956 378 160 80 ecclesiae
2067 378 74 80 alie

1424 413 154 79 Qnare.
1532 413 232 79 Respondetur
1717 413 124 79 quod
1794 413 124 79 non.
1871 413 93 79 vt
1918 413 139 79 patet
2010 413 93 79 in
2041 413 93 79 cap.

1354 481 131 51 Nulli.
1446 481 79 51 de
1485 481 118 51 rebus
1564 481 131 51 eccle.
1656 481 158 51 alienam.
1774 481 92 51 vel
1827 481 105 51 non.
1893 481 92 51 vbi
1945 481 92 51 sic
1984 481 145 51 scribitur

1347 525 134 59 Nulli
1436 525 149 59 liceat
1541 525 179 59 alienare
1675 525 104 59 rem
1734 525 194 59 immobilem
1883 525 194 59 ecclesiae
2032 525 74 59 /
2047 525 89 59 siue

1354 574 141 55 agrum:
1452 574 113 55 siue
1523 574 169 55 rusticum
1649 574 197 55 mancipium:
1804 574 127 55 neque
1889 574 183 55 specialis
2015 574 127 55 hypothe

1358 616 101 47 cae
1415 616 145 47 titulo
1517 616 188 47 obligare.
1661 616 231 47 Alienationis
1849 616 130 47 autem
1936 616 145 47 verbum
2022 616 116 47 conti-

1349 658 97 50 net
1405 658 208 50 conditionem
1571 658 69 50 /
1599 658 194 50 donationem
1751 658 69 50 /
1779 658 208 50 venditionem
1946 658 69 50 /
1960 658 166 50 permutatie

1355 702 112 47 nem
1419 702 80 47 /
1451 702 80 47 &
1483 702 273 47 emphiteoticum
1708 702 209 47 perpetuum
1868 702 241 47 contractum.
2045 702 96 47 Vnde

1355 748 146 46 omnes
1452 748 227 46 sacerdotes
1630 748 97 46 ab
1679 748 210 46 huiusmodi
1841 748 243 46 alienatione
2019 748 113 46 absti

1356 791 151 50 neant,
1462 791 151 50 poenas
1568 791 182 50 timentes
1704 791 121 50 quas
1780 791 167 50 Leonina
1901 791 227 50 constitutio
2067 791 61 50 co

1356 834 182 53 minatur.
1492 834 76 53 â‹
1523 834 91 53 In
1568 834 167 53 quatuor
1689 834 136 53 tamen
1780 834 167 53 casibus
1902 834 167 53 possunt
2023 834 106 53 res
2068 834 61 53 ec

1356 879 148 57 clesiae
1463 879 174 57 alienari.
1597 879 134 57 Primus
1691 879 94 57 est
1745 879 228 57 necessitatis:
1932 879 80 57 vt
1973 879 80 57 si
1999 879 148 57 ecclesiam

1354 925 154 44 debita
1461 925 185 44 vrgeant:
1600 925 108 44 nec
1661 925 154 44 possit
1769 925 92 44 de
1815 925 200 44 fructibus
1953 925 185 44 satisface-

1366 969 104 46 re.
1426 969 179 46 Secundus
1560 969 134 46 casus
1649 969 104 46 est
1709 969 224 46 vtilitatis.
1888 969 104 46 nam
1947 969 149 46 potest
2037 969 104 46 alie-

1360 1017 123 53 nate
1437 1017 108 53 rem
1498 1017 92 53 vt
1544 1017 154 53 habeat
1652 1017 200 53 meliorem.
1806 1017 108 53 per
1867 1017 123 53 cap.
1944 1017 92 53 Vt
1990 1017 154 53 super.
2082 1017 62 53 de

1361 1057 108 48 reb.
1429 1057 135 48 eccle,
1524 1057 95 48 non
1578 1057 135 48 alien.
1673 1057 81 48 &.
1714 1057 108 48 xii.
1781 1057 81 48 q.
1822 1057 95 48 ii.
1876 1057 108 48 cap.
1944 1057 108 48 Sine
1998 1057 149 48 exceptio-

1359 1102 108 55 ne.
1420 1102 170 55 Tertius
1544 1102 108 55 est
1606 1102 186 55 pietatis
1745 1102 155 55 causa:
1853 1102 108 55 pro
1915 1102 216 55 redimendis
2070 1102 77 55 ca-

1359 1144 167 57 ptiuis.
1480 1144 121 57 xii.
1556 1144 91 57 q.
1601 1144 106 57 ii.
1662 1144 152 57 Aurum.
1768 1144 76 57 &
1798 1144 121 57 cap.
1874 1144 212 57 Sanctorum.
2041 1144 76 57 &
2056 1144 91 57 cap.

1354 1192 172 45 Sicut.
1474 1192 190 45 Quartus
1612 1192 155 45 casus
1716 1192 310 45 incommoditatis
1975 1192 172 45 causa:
2078 1192 69 45 vt

1362 1233 119 60 quia
1437 1233 104 60 res
1496 1233 193 60 alienanda
1645 1233 104 60 est
1704 1233 134 60 magis
1794 1233 164 60 damnosa
1913 1233 193 60 ecclesiae
2047 1233 89 60 quam

1369 1275 131 64 vtilis.
1465 1275 95 64 xii.
1524 1275 84 64 qu.
1572 1275 84 64 ii.
1608 1275 131 64 Terrulas.

1361 1321 112 84 â‹
1405 1321 202 84 Finem
1540 1321 180 84 toti
1653 1321 180 84 huic
1765 1321 360 84 distinctioni
2035 1321 112 84 im-

1373 1401 189 45 ponendo
1510 1401 138 45 haec
1596 1401 103 45 in
1648 1401 103 45 ea
1700 1401 172 45 maxime
1820 1401 138 45 sunt
1889 1401 258 45 consideranda.

1363 1446 151 49 Licet
1464 1446 100 49 de
1514 1446 167 49 numero
1631 1446 234 49 septenario
1815 1446 117 49 vel
1882 1446 218 49 nouenario
2033 1446 117 49 ordi-

1365 1490 106 47 num
1425 1490 106 47 non
1486 1490 121 47 sint
1561 1490 181 47 rationes
1697 1490 151 47 magnae
1802 1490 226 47 efficaciae:
1983 1490 151 47 placet
2074 1490 75 47 ta-

1370 1540 114 53 men
1435 1540 130 53 plus
1516 1540 195 53 amplecti
1662 1540 179 53 numerum
1792 1540 244 53 nouenarium.
1987 1540 81 53 &
2004 1540 146 53 quamuis

1374 1578 139 43 omnes
1466 1578 124 43 sint
1544 1578 139 43 sacri
1637 1578 124 43 quia
1714 1578 232 43 sacramenta:
1899 1578 124 43 quia
1977 1578 139 43 tamen
2054 1578 93 43 ali-

1365 1622 110 55 qui
1428 1622 157 55 habent
1538 1622 219 55 castitatem
1710 1622 172 55 annexam
1836 1622 125 55 quae
1914 1622 172 55 homines
2024 1622 125 55 sacros

1369 1666 155 62 reddere
1482 1666 141 62 solet:
1581 1666 113 62 illi
1651 1666 113 62 soli
1722 1666 127 62 sacri
1807 1666 198 62 vulgariter
1948 1666 198 62 appellantur.

1368 1710 108 56 Pro
1429 1710 123 56 illa
1506 1710 139 56 autem
1599 1710 216 56 contnentia
1768 1710 216 56 sacerdotum
1937 1710 139 56 multu
2014 1710 139 56 insuda-

1367 1754 106 60 runt
1433 1754 146 60 patres:
1539 1754 93 60 eam
1592 1754 199 60 vtilissimam
1751 1754 159 60 politiae
1871 1754 239 60 ecclesiasticae
2056 1754 93 60 iudi-

1365 1799 169 53 cantes:
1487 1799 138 53 quare
1579 1799 92 53 in
1625 1799 92 53 ea
1671 1799 107 53 non
1732 1799 153 53 potest
1840 1799 184 53 pontifex
1962 1799 184 53 dispensare

1364 1846 124 45 siue
1442 1846 93 45 de
1489 1846 124 45 iure
1566 1846 124 45 siue
1644 1846 93 45 de
1690 1846 155 45 facto,
1799 1846 93 45 ad
1845 1846 155 45 sensum
1954 1846 124 45 ante
2016 1846 124 45 dictum

1370 1889 211 52 Praeterea
1532 1889 179 52 diximus
1662 1889 81 52 &
1694 1889 211 52 episcopos
1857 1889 81 52 &
1889 1889 179 52 curatos
2019 1889 130 52 esse
2084 1889 65 52 ex

1374 1934 245 45 institutione
1573 1934 184 45 Christi:
1711 1934 77 45 &
1742 1934 92 45 ex
1788 1934 138 45 eadem
1880 1934 245 45 institutione
2079 1934 107 45 ma-

1366 1977 124 50 ximum
1449 1977 193 50 pontificem
1601 1977 124 50 caput
1684 1977 179 50 ecclesiae
1822 1977 166 50 diximus.
1946 1977 97 50 qui
2001 1977 83 50 ex
2029 1977 124 50 institu

1373 2022 120 44 tione
1452 2022 146 44 Christi
1559 2022 93 44 non
1612 2022 120 44 habet
1691 2022 159 44 dominium
1811 2022 80 44 in
1851 2022 226 44 temporalibus.
2037 2022 93 44 sed
2077 2022 66 44 Con

1365 2067 213 56 stantinus
1528 2067 82 56 &
1561 2067 180 56 populus
1692 2067 197 56 dederunt
1840 2067 213 56 Syluestro
2004 2067 82 56 &
2020 2067 131 56 succes

1375 2113 152 47 soribus
1486 2113 111 47 eius
1555 2113 138 47 multas
1652 2113 138 47 terras
1749 2113 83 47 in
1790 2113 138 47 ltalia
1887 2113 138 47 quarum
1984 2113 166 47 ecclesia
2095 2113 55 47 ha

1376 2155 92 56 bet
1428 2155 171 56 dominium.
1560 2155 184 56 argumentum
1704 2155 118 56 autem
1783 2155 92 56 est
1835 2155 197 56 infallibile
1993 2155 118 56 etiam
2058 2155 92 56 prae-

1369 2198 193 55 termissis
1518 2198 208 55 historiis.
1681 2198 104 55 Nam
1740 2198 134 55 primi
1829 2198 208 55 pontifices
1993 2198 104 55 has
2037 2198 119 55 terras

1372 2239 177 58 habentes
1505 2239 103 58 non
1564 2239 177 58 poterant
1696 2239 191 58 violentia
1843 2239 74 58 a
1872 2239 250 58 potentissimis
2064 2239 88 58 impe

1369 2291 192 50 ratoribus
1517 2291 177 50 auferre.
1650 2291 133 50 taceo
1739 2291 89 50 de
1783 2291 266 50 praescriptione
2005 2291 89 50 in
2035 2291 118 50 illis.

1370 2333 143 45 quare
1465 2333 111 45 hoc
1529 2333 190 45 reuocare
1671 2333 95 45 in
1719 2333 158 45 dubium
1829 2333 111 45 est
1893 2333 158 45 solius
1988 2333 158 45 impruden

1365 2383 120 50 tis.
1440 2383 149 50 Potest
1544 2383 134 50 autem
1634 2383 120 50 esse
1709 2383 209 50 disputatio
1873 2383 179 50 verbalis
2008 2383 90 50 an
2037 2383 120 50 habeat

1377 2423 186 48 dominium
1516 2423 93 48 in
1562 2423 248 48 temporalibus
1763 2423 139 48 super
1856 2423 155 48 reges:
1964 2423 170 48 dummodo
2073 2423 77 48 ta-

1379 2466 110 52 men
1442 2466 156 52 maneat
1551 2466 141 52 eadem
1645 2466 219 52 sententia:
1817 2466 94 52 de
1864 2466 156 52 verbis
1974 2466 110 52 non
2036 2466 110 52 est
2083 2466 63 52 cu

1377 2514 170 41 randum.
1500 2514 77 41 â‹
1531 2514 93 41 Et
1577 2514 93 41 ne
1624 2514 154 41 aliqui
1732 2514 201 41 mediocris
1886 2514 139 41 solum
1964 2514 185 41 intelligen

1372 2559 118 56 tiae
1446 2559 191 56 fallantur
1593 2559 88 56 in
1637 2559 103 56 his
1696 2559 118 56 quae
1770 2559 147 56 dicere
1872 2559 132 56 volo:
1961 2559 132 56 adhuc
2034 2559 118 56 paucis

1369 2607 138 41 clare
1461 2607 184 41 repetam.
1598 2607 122 41 Dico
1675 2607 138 41 reges
1767 2607 107 41 non
1828 2607 122 41 esse
1904 2607 184 41 vasallos
2027 2607 122 41 Romani

1368 2649 228 54 pontificis:
1550 2649 106 54 nec
1611 2649 152 54 tenere
1717 2649 152 54 regnum
1824 2649 91 54 ab
1869 2649 91 54 eo
1915 2649 106 54 sed
1976 2649 76 54 a
2006 2649 152 54 populo
2097 2649 61 54 li

1370 2690 108 46 bero
1438 2690 81 46 cu
1479 2690 68 46 i
1506 2690 176 46 praesunt:
1641 2690 95 46 nec
1695 2690 135 46 potest
1790 2690 95 46 eos
1844 2690 162 46 deponere
1966 2690 68 46 a
1993 2690 135 46 regno.
2074 2690 81 46 immo

1371 2736 79 67 si
1410 2736 146 67 iniuste
1516 2736 66 67 &
1543 2736 93 67 via
1596 2736 119 67 facti
1675 2736 93 67 hoc
1728 2736 199 67 attentaret:
1887 2736 132 67 posset
1980 2736 79 67 se
2020 2736 119 67 ferro
2086 2736 66 67 tam
