2340 3352
522 366 133 63 paruo
611 366 148 63 labore
714 366 118 63 plus
788 366 133 63 capit
877 366 118 63 quam
951 366 133 63 alter
1040 366 148 63 multum
1128 366 148 63 laborans

527 424 84 48 vt
569 424 196 48 aduocatus:
723 424 70 48 &
751 424 140 48 ferens
849 424 168 48 lapides.
974 424 84 48 Et
1016 424 112 48 quod
1086 424 98 48 pro
1142 424 140 48 labore
1226 424 56 48 ad

531 462 119 62 ipere
610 462 146 62 liceat,
716 462 119 62 patet
796 462 146 62 Numeri.
902 462 133 62 xviii.
995 462 93 62 vbi
1048 462 186 62 scribitur.
1180 462 106 62 Filiis

520 506 113 56 Leui
591 506 113 56 dedi
662 506 128 56 omnes
747 506 156 56 decimas
860 506 142 56 Israel
959 506 99 56 pro
1016 506 198 56 ministerio
1172 506 99 56 quo
1214 506 71 56 sei

522 544 143 61 uiunt
617 544 127 61 mihi
697 544 95 61 in
745 544 238 61 tabernaculo
935 544 207 61 foederis.
1094 544 79 61 &
1126 544 143 61 paulo
1206 544 95 61 post

522 594 188 55 sequitur.
666 594 188 55 Comedetis
811 594 101 55 eas
869 594 101 55 vos
927 594 72 55 &
956 594 174 55 familiae
1086 594 174 55 vestrae:
1202 594 87 55 quia

531 635 138 53 ocium
623 635 108 53 est
684 635 108 53 pro
746 635 215 53 ministerio
915 635 108 53 quo
976 635 184 53 seruitis
1115 635 92 53 in
1145 635 154 53 taberna-

525 685 119 48 culo
600 685 224 48 testimonii.
778 685 119 48 Hinc
853 685 134 48 tenet
942 685 149 48 glossa
1047 685 89 48 in
1091 685 104 48 ca.
1136 685 164 48 Significa

515 723 106 52 tum.
581 723 79 52 de
621 723 159 52 praebem.
740 723 106 52 quod
806 723 119 52 licet
885 723 172 52 sacerdoti
1017 723 132 52 locare
1110 723 132 52 operas
1202 723 79 52 ad
1229 723 66 52 cer

518 772 117 50 tum
585 772 184 50 tempus:
719 772 84 50 &
753 772 201 50 recipere
904 772 201 50 mercedem
1054 772 117 50 pro
1121 772 117 50 suo
1172 772 117 50 labo-

520 813 101 57 re:
577 813 86 57 si
620 813 172 57 alioquin
749 813 158 57 ratione
864 813 187 57 beneficii
1008 813 86 57 ad
1051 813 101 57 hoc
1108 813 101 57 non
1151 813 144 57 tenetur:

525 855 242 54 conformiter
718 855 97 54 ad
766 855 145 54 legem
863 855 177 54 diuinam
992 855 209 54 vnicuique
1137 855 161 54 mercedem

512 903 210 55 secundum
669 903 140 55 suum
756 903 192 55 laborem
896 903 245 55 reddentem.
1088 903 122 55 hoc
1158 903 140 55 item
1228 903 70 55 te

517 944 109 58 net
579 944 233 58 Bonauentura
765 944 124 58 hic.
842 944 202 58 Praeterea
997 944 140 58 aliud
1090 944 109 58 est
1152 944 124 58 quod
1214 944 93 58 mul-

528 996 111 45 tum
592 996 158 45 mouet.
702 996 111 45 Nam
766 996 190 45 facultas
908 996 158 45 nostra
1019 996 95 45 a.
1067 996 190 45 xxxiiii.
1193 996 111 45 annis

525 1033 234 55 praeteritis
713 1033 156 55 contra
822 1033 172 55 fratrem
947 1033 172 55 loannem
1072 1033 156 55 angeli
1181 1033 109 55 qui
1244 1033 94 55 in

524 1077 127 49 iiii.
609 1077 169 49 articulo
736 1077 99 49 sic
792 1077 226 49 praedicabat:
975 1077 155 49 Curatus
1088 1077 212 49 parochialis
1244 1077 56 49 ni

523 1117 100 65 hil
580 1117 129 65 debet
666 1117 172 65 recipere
795 1117 72 65 a
824 1117 215 65 parochianis
996 1117 115 65 suis
1068 1117 100 65 pro
1111 1117 186 65 confessione

525 1166 81 49 &
557 1166 276 49 sacramentorum
785 1166 325 49 administratione.
1060 1166 114 49 sic
1109 1166 195 49 definiuit.

513 1205 126 58 Haec
592 1205 221 58 propositio
766 1205 111 58 est
829 1205 158 58 contra
940 1205 269 58 dispositionem
1161 1205 142 58 iuris
1240 1205 63 58 na

523 1258 160 52 turalis
640 1258 73 52 &
669 1258 146 52 diuini
771 1258 189 52 expresse:
917 1258 117 52 ideo
990 1258 131 52 falsa
1077 1258 73 52 &
1106 1258 160 52 notorie
1208 1258 102 52 haere

531 1294 140 61 tica.
625 1294 109 61 Nam
687 1294 187 61 sacerdos
827 1294 109 61 non
890 1294 140 61 capit
983 1294 109 61 pro
1045 1294 234 61 sacramentis
1232 1294 109 61 sed

531 1337 111 62 pro
595 1337 143 62 eorum
690 1337 318 62 administratione:
960 1337 127 62 quae
1040 1337 191 62 actionem
1183 1337 79 62 &
1199 1337 111 62 labo-

526 1380 106 58 rem
587 1380 198 58 importat.
769 1380 106 58 Sed
830 1380 137 58 vtrum
921 1380 122 58 quis
997 1380 106 58 pro
1058 1380 182 58 doctrina
1195 1380 76 58 /
1210 1380 91 58 com-

531 1425 132 58 silio
619 1425 73 58 /
648 1425 102 58 vel
707 1425 205 58 testimonio
868 1425 146 58 possit
970 1425 176 58 accipere
1102 1425 190 58 pecuniam:
1234 1425 73 58 est

525 1483 175 45 materia
652 1483 270 45 problematica.
875 1483 254 45 Altisiodorus
1081 1483 159 45 tertia
1177 1483 127 45 parte:

543 1519 167 60 quaest.
665 1519 198 60 penultima
817 1519 91 60 de
862 1519 183 60 simonia,
1000 1519 137 60 dicit
1091 1519 213 60 simoniacum
1243 1519 61 60 es

533 1563 86 56 se
576 1563 157 56 aliquid
690 1563 143 56 capere
789 1563 100 56 pro
847 1563 185 56 doctrina.
989 1563 114 56 bene
1061 1563 128 56 autem
1146 1563 128 56 capit
1217 1563 86 56 quis

535 1610 108 57 pro
596 1610 169 57 labore:
719 1610 92 57 vt
765 1610 185 57 sacerdos
904 1610 200 57 conductus
1058 1610 169 57 accipit
1181 1610 108 57 pro
1227 1610 77 57 la-

527 1652 156 53 bore,
631 1652 139 53 quem
718 1652 156 53 modum
822 1652 226 53 Alexander
996 1652 209 53 Halensis
1153 1652 104 53 in
1187 1652 122 53 secun

530 1690 95 61 da
578 1690 143 61 parte
673 1690 238 61 insequitur.
864 1690 143 61 Alius
959 1690 143 61 autem
1055 1690 143 61 modus
1150 1690 111 61 est
1198 1690 111 61 sicut

545 1736 179 52 ommunior:
683 1736 97 52 ita
738 1736 69 52 &
766 1736 235 52 verisimilior:
959 1736 110 52 quod
1028 1736 124 52 actus
1111 1736 207 52 spirituales
1263 1736 41 52 a

541 1784 151 56 piritu
646 1784 151 56 creato
752 1784 226 56 procedentes
933 1784 136 56 vendi
1023 1784 181 56 possunt.
1144 1784 166 56 probatur:

532 1832 112 51 quia
602 1832 168 51 alioquin
728 1832 98 51 non
785 1832 154 51 liceret
897 1832 168 51 artifici
1023 1832 168 51 pecuniam
1150 1832 98 51 pro
1206 1832 98 51 suo
1248 1832 56 51 ar

531 1871 167 61 tificio
652 1871 167 61 capere:
773 1871 136 61 cuius
864 1871 197 61 oppositum
1016 1871 182 61 asserunt
1152 1871 136 61 omes.
1228 1871 76 61 Nec

536 1912 160 56 sufficit
656 1912 134 56 dicere
749 1912 107 56 quod
816 1912 120 56 capit
896 1912 147 56 ratione
1003 1912 160 56 laboris.
1123 1912 107 56 quia
1190 1912 94 56 sic
1230 1912 67 56 sem

534 1955 102 62 per
593 1955 131 62 magis
680 1955 174 62 laborans
810 1955 160 62 deberet
927 1955 116 62 plus
999 1955 160 62 capere:
1115 1955 116 62 quod
1188 1955 102 62 est
1231 1955 73 62 fal

524 2008 127 50 sum.
603 2008 127 50 ltem
683 2008 253 50 iurisperitus
888 2008 222 50 consilium,
1063 2008 79 50 &
1094 2008 206 50 aduocatus
1237 2008 63 50 pa

531 2044 199 59 trocinium
684 2044 169 59 vendere
807 2044 169 59 potest.
960 2044 107 59 Sed
1022 2044 153 59 contra
1129 2044 138 59 istud
1206 2044 107 59 argui

524 2092 109 57 tur
587 2092 202 57 argumento
742 2092 248 57 Altisiodori.
944 2092 109 57 Ars
1006 2092 186 57 fabtilis
1146 2092 140 57 vendi
1223 2092 78 57 non

529 2134 158 59 potest:
643 2134 115 59 ergo
715 2134 129 59 nulla
801 2134 115 59 ars.
873 2134 201 59 antecedens
1031 2134 143 59 patet:
1131 2134 115 59 quia
1203 2134 100 59 est
1246 2134 57 59 do

534 2183 106 53 num
594 2183 121 53 dei:
670 2183 90 53 vt
715 2183 136 53 dicit
805 2183 151 53 glossa
911 2183 256 53 interlinearis
1122 2183 151 53 Exodi.
1213 2183 90 53 xxxi

530 2218 119 62 super
609 2218 133 62 illud.
702 2218 80 62 Et
742 2218 146 62 impleui
848 2218 93 62 eum
901 2218 265 62 (Beseleebspiritu
1127 2218 106 62 dei,
1180 2218 119 62 sapien-

537 2268 102 57 tia
596 2268 73 57 &
625 2268 263 57 intelligentia,
845 2268 73 57 &
874 2268 176 57 scientia
1005 2268 88 57 in
1049 2268 117 57 omni
1122 2268 132 57 opere
1210 2268 88 57 ad
1239 2268 59 57 ex

536 2323 229 45 cogitandum
715 2323 196 45 quicquid
862 2323 229 45 fabrefieri
1042 2323 196 45 poterit.
1172 2323 131 45 Respon

543 2353 143 62 detur.
643 2353 128 62 licet
728 2353 185 62 quaelibet
871 2353 100 62 res
928 2353 128 62 mundi
1013 2353 100 62 sit
1070 2353 128 62 donum
1156 2353 100 62 dei
1213 2353 71 62 &
1227 2353 71 62 ars

540 2398 177 67 quaecumque
679 2398 177 67 illuminans
818 2398 202 67 intellectum:
982 2398 114 67 tamen
1058 2398 88 67 hoc
1108 2398 88 67 non
1159 2398 151 67 sufficit
1260 2398 50 67 ad

535 2442 177 61 sprutuale
672 2442 82 61 in
713 2442 191 61 proposito.
862 2442 82 61 vt
903 2442 123 61 patet
985 2442 82 61 ex
1026 2442 150 61 dictis.
1162 2442 150 61 Secundo
1258 2442 55 61 ar

544 2501 149 38 guitur.
653 2501 122 38 posse
734 2501 149 38 vendere
842 2501 176 38 scientiam
977 2501 108 38 sine
1044 2501 149 38 simonia
1152 2501 95 38 est
1193 2501 108 38 contra

547 2530 295 61 determinationem
795 2530 155 61 Romani
903 2530 217 61 pontificis
1074 2530 93 61 de
1120 2530 171 61 magist.
1229 2530 78 61 ca.

546 2574 78 63 i.
585 2574 78 63 &.
624 2574 91 63 ii.
677 2574 91 63 nam
729 2574 78 63 in
768 2574 105 63 cap.
833 2574 78 63 i.
873 2574 78 63 S.
912 2574 91 63 Pro
964 2574 157 63 licentia
1082 2574 105 63 vero
1147 2574 144 63 docedi.
1239 2574 65 63 sic

545 2617 199 53 scribitur.
701 2617 99 53 Pro
758 2617 171 53 licentia
886 2617 114 53 vero
957 2617 156 53 docendi
1071 2617 142 53 nullus
1156 2617 142 53 praecium

540 2662 169 48 exigat:
663 2662 108 48 vel
724 2662 108 48 sub
786 2662 169 48 obtentu
909 2662 185 48 alicuius
1048 2662 262 48 consuetudinis
1248 2662 62 48 ab

535 2710 96 62 eis
590 2710 109 62 quos
658 2710 123 62 docet
740 2710 68 62 /
768 2710 150 62 aliquid
877 2710 164 62 quaerat.
1000 2710 82 62 Et
1041 2710 82 62 in
1082 2710 164 62 capitulo
1192 2710 109 62 sequen

1348 355 107 66 te.
1409 355 200 66 Prohibeas
1563 355 92 66 ne
1609 355 92 66 in
1655 355 184 66 parochia
1793 355 107 66 tua
1854 355 107 66 pro
1916 355 184 66 licentia
2039 355 107 66 docen

1351 410 90 60 di
1396 410 180 60 exigatur
1531 410 180 60 aliquid:
1666 410 105 60 aut
1726 410 135 60 etiam
1817 410 240 60 promittatur.
2012 410 90 60 Si
2042 410 90 60 quid

1362 456 128 53 vero
1442 456 160 53 postea
1554 456 176 53 solutum
1683 456 160 53 fuerit
1795 456 112 53 vel
1859 456 225 53 promissum:
2020 456 112 53 remit

1348 506 88 51 ti
1392 506 192 51 promissum
1540 506 162 51 facias:
1658 506 74 51 &
1687 506 177 51 restitui
1820 506 103 51 ap.
1879 506 177 51 cessante
1997 506 147 51 solutum:

1365 551 132 50 ciens
1453 551 117 50 quod
1527 551 176 50 scriptum
1659 551 117 50 est.
1732 551 147 50 Gratis
1835 551 205 50 accepistis
1996 551 73 50 /
2011 551 117 50 gratis

1353 594 140 54 date.
1478 594 234 54 Respondetur
1665 594 171 54 negando
1789 594 125 54 quod
1867 594 140 54 illud
1961 594 125 54 quod
2023 594 109 54 dixi-

1365 635 111 54 nus
1429 635 111 54 sit
1492 635 158 54 contra
1603 635 222 54 pontificis
1777 635 317 54 determinationem.
2030 635 111 54 Illic

1355 678 129 54 enim
1435 678 113 54 non
1500 678 225 54 prohibetur
1677 678 193 54 accipere
1822 678 177 54 aliquid
1951 678 113 54 pro
1999 678 129 54 doctri

1359 724 104 46 na:
1419 724 119 46 immo
1493 724 163 46 licitum
1612 724 104 46 est
1671 724 74 46 &
1701 724 149 46 capere
1805 724 74 46 &
1835 724 149 46 petere
1939 724 104 46 tam
1998 724 104 46 pro
2058 724 104 46 do-

1363 762 144 55 ctrina
1463 762 115 55 quam
1536 762 101 55 pro
1593 762 144 55 labore
1694 762 86 55 in
1737 762 159 55 docendo
1853 762 159 55 habito:
1968 762 86 55 si
2011 762 115 55 quis
2069 762 72 55 non

1364 818 158 50 fuerit
1475 818 95 50 ad
1523 818 111 50 hoc
1586 818 222 50 stipendiis
1760 818 222 50 deuinctus.
1934 818 111 50 Sed
1982 818 158 50 prohibet

1355 852 146 58 illic
1452 852 195 58 pontifex
1599 852 163 58 capere
1712 852 195 58 pecuniam
1859 852 114 58 pro
1924 852 146 58 danda
2005 852 130 58 facul-

1362 895 123 50 tate
1439 895 154 50 alicui
1546 895 92 50 ad
1593 895 200 50 docendum:
1747 895 123 50 quia
1824 895 108 50 sic
1885 895 185 50 inidonei
2009 895 123 50 essent

1356 953 175 48 admissi.
1488 953 87 48 Et
1531 953 190 48 propterea
1677 953 87 48 in
1721 953 117 48 cap.
1794 953 87 48 i.
1837 953 87 48 de
1881 953 160 48 magist.
1983 953 146 48 allegato

1371 997 190 47 prohibet
1514 997 190 47 pontifex
1656 997 159 47 negare
1767 997 159 47 idoneo
1878 997 222 47 facultatem
2053 997 111 47 do-

1372 1027 126 59 endi:
1456 1027 182 59 inquiens.
1596 1027 98 59 Nec
1652 1027 140 59 docere
1750 1027 168 59 quemquam
1877 1027 112 59 nisi
1947 1027 98 59 qui
2003 1027 98 59 sit
2045 1027 84 59 ido.

1366 1072 112 57 neus
1436 1072 70 57 /
1464 1072 140 57 petita
1562 1072 168 57 licentia
1689 1072 126 57 illis
1773 1072 211 57 interdicat.
1941 1072 98 57 Qui
1998 1072 126 57 autem
2068 1072 70 57 con

1362 1119 105 45 tra
1422 1119 105 45 hoc
1482 1119 150 45 venire
1586 1119 269 45 praesumpserit:
1811 1119 90 45 ab
1856 1119 254 45 ecclesiastico
2050 1119 90 45 fiat

1371 1164 209 55 peneficio
1531 1164 193 55 alienus.
1676 1164 160 55 Dignum
1788 1164 160 55 quippe
1900 1164 176 55 videtur
2029 1164 96 55 vt
2077 1164 96 55 in

1362 1208 183 54 ecclesia
1499 1208 168 54 fructus
1621 1208 107 54 sui
1683 1208 168 54 laboris
1805 1208 107 54 non
1866 1208 168 54 habeat:
1988 1208 107 54 qui
2034 1208 107 54 cupi-

1364 1250 159 50 ditate
1475 1250 143 50 animi
1571 1250 111 50 dum
1634 1250 159 50 vendit
1746 1250 175 50 docendi
1873 1250 223 50 licentiam:
2032 1250 111 50 eccle

1358 1292 207 62 siasticum
1517 1292 207 62 profectum
1676 1292 175 62 nititur
1803 1292 207 62 impedire.
1962 1292 95 62 Et
1994 1292 143 62 propter

1367 1341 103 56 ea
1418 1341 241 56 Cardinalis
1608 1341 275 56 Cameracensis
1831 1341 189 56 quendam
1952 1341 189 56 tractatu-

1364 1384 102 44 lum
1422 1384 145 44 contra
1523 1384 232 44 cancellarium
1712 1384 218 44 Parisiensem
1886 1384 189 44 scripsit:
2016 1384 116 44 osten-

1371 1430 126 50 dere
1450 1430 189 50 laborans
1592 1430 221 50 simoniacum
1766 1430 142 50 esse,
1860 1430 110 50 pro
1923 1430 205 50 licentiae
2065 1430 79 50 mu-

1362 1472 124 46 nere
1440 1472 171 46 aliquid
1564 1472 202 46 accipere.
1719 1472 93 46 Et
1766 1472 109 46 hoc
1828 1472 140 46 patet
1921 1472 93 46 ex
1967 1472 109 46 ca.
2014 1472 124 46 duobus

1370 1518 222 49 allegatis.
1576 1518 190 49 Hactenus
1719 1518 127 49 quid
1798 1518 174 49 nominis
1925 1518 190 49 simoniae
2052 1518 79 49 spi

1360 1563 169 56 ritualis
1486 1563 70 56 &
1515 1563 197 56 spirituali
1669 1563 155 56 annexi:
1782 1563 70 56 &
1810 1563 112 56 quod
1880 1563 155 56 licitum
1992 1563 98 56 est
2049 1563 84 56 in
2077 1563 70 56 spi

1360 1617 223 42 ritualium
1531 1617 343 42 administratione,
1823 1617 103 42 vt
1857 1617 274 42 sacramentorumi

1359 1652 113 54 aut
1423 1652 258 54 quorumcunque
1633 1652 193 54 aliorum,
1778 1652 177 54 aliquid
1907 1652 209 54 temporale
2051 1652 81 54 ac-

1371 1692 168 55 cipere:
1493 1692 137 55 nedum
1584 1692 107 55 pro
1646 1692 275 55 sustentatione:
1874 1692 107 55 sed
1936 1692 76 55 &
1966 1692 107 55 pro
2012 1692 122 55 labore

1368 1736 146 56 ipso.
1465 1736 146 56 Etiam
1562 1736 129 56 quis
1643 1736 226 56 spirituale
1821 1736 178 56 creatum
1950 1736 178 56 vendere
2063 1736 81 56 po-

1373 1785 127 51 test:
1457 1785 84 51 vt
1500 1785 141 51 pictor
1598 1785 99 51 pro
1654 1785 113 51 suae
1725 1785 127 51 artis
1809 1785 211 51 eruditione:
1978 1785 70 51 &
1992 1785 155 51 similiter

1364 1825 234 59 citharoedus
1551 1825 171 59 aliquid
1676 1825 187 59 accipit:
1816 1825 78 59 &
1847 1825 109 59 non
1909 1825 109 59 pro
1972 1825 125 59 solo
2034 1825 109 59 labo-

1376 1868 96 51 re.
1431 1868 82 51 in
1472 1868 109 51 arte
1541 1868 123 51 autem
1623 1868 164 51 eruditus
1746 1868 68 51 &
1773 1868 192 51 ingeniosus
1924 1868 164 51 quamquam
2033 1868 96 51 minus

1371 1918 164 54 laboris
1490 1918 134 54 habet
1580 1918 119 54 quam
1654 1918 209 54 ineruditus
1818 1918 75 54 &
1848 1918 149 54 rudis:
1952 1918 119 54 plus
2012 1918 119 54 praemi

1366 1963 143 51 capit.
1466 1963 71 51 &
1494 1963 100 51 ita
1551 1963 157 51 denique
1666 1963 86 51 in
1709 1963 157 51 omnibus
1823 1963 214 51 artificiis:
1994 1963 100 51 non
2037 1963 100 51 tamen

1370 2002 142 57 quasi
1465 2002 142 57 artem
1559 2002 126 57 sibi
1638 2002 236 57 inhaerentem
1826 2002 94 57 in
1874 2002 142 57 alium
1968 2002 204 57 producat:

1377 2045 129 59 quia
1457 2045 193 59 accidens
1602 2045 96 59 de
1650 2045 193 59 subiecto
1795 2045 96 59 in
1843 2045 209 59 subiectum
1987 2045 145 59 migrare

1370 2086 210 54 naturalis
1531 2086 242 54 philosophia
1725 2086 113 54 non
1790 2086 226 54 permittit.
1967 2086 113 54 sed
2016 2086 113 54 lumen

1367 2134 147 62 lumen
1465 2134 229 62 spirituale
1644 2134 163 62 causat
1759 2134 98 62 in
1807 2134 163 62 passum
1905 2134 229 62 susceptiuum:

1357 2177 151 45 sicut
1458 2177 134 45 vnum
1542 2177 168 45 corpus
1659 2177 218 45 luminosum
1827 2177 101 45 ab
1877 2177 134 45 alio
1944 2177 185 45 illumina-

1372 2231 116 48 tur.
1444 2231 130 48 verum
1531 2231 87 48 in
1574 2231 159 48 luminis
1690 2231 217 48 spiritualis
1863 2231 217 48 productione
2022 2231 116 48 passum

1371 2272 142 47 nedum
1466 2272 189 47 patitur:
1608 2272 110 47 sed
1671 2272 142 47 agit.
1766 2272 126 47 quod
1844 2272 95 47 in
1892 2272 205 47 corporali
2034 2272 110 47 lumi-

1364 2310 85 61 ne
1406 2310 99 61 non
1463 2310 198 61 contingit.
1618 2310 183 61 Praeterea
1759 2310 198 61 vigilanter
1914 2310 183 61 considera
2041 2310 85 61 quod

1370 2354 126 51 siue
1449 2354 142 51 dicas
1544 2354 174 51 laborem
1670 2354 189 51 venalem:
1812 2354 126 51 siue
1891 2354 205 51 scientiam
2033 2354 95 51 crea

1375 2400 106 50 tam
1435 2400 75 50 /
1465 2400 121 50 siue
1541 2400 121 50 non:
1616 2400 106 50 non
1677 2400 166 50 amplius
1797 2400 196 50 dilatatur
1948 2400 90 50 os
1978 2400 151 50 simoniae

1368 2442 127 61 quam
1448 2442 175 61 dicendo
1575 2442 223 61 oppositum.
1750 2442 143 61 Patet
1845 2442 175 61 exemplo
1972 2442 95 61 de
2004 2442 127 61 tribus

1364 2489 157 58 doctis
1474 2489 236 58 artificibus
1663 2489 110 58 aut
1726 2489 236 58 philosophis
1914 2489 79 58 /
1945 2489 173 58 paribus
2055 2489 79 58 tam

1373 2532 85 57 in
1415 2532 198 57 traditione
1570 2532 127 57 artis
1655 2532 113 57 quam
1726 2532 85 57 in
1768 2532 212 57 eruditione:
1937 2532 169 57 aequalem
2050 2532 85 57 pecu

1363 2588 138 45 niam
1449 2588 310 45 accipientibus:
1707 2588 172 45 quorum
1827 2588 138 45 vnus
1913 2588 155 45 dicat
2017 2588 103 45 se
2051 2588 86 45 ca-

1373 2619 133 52 pere
1456 2619 332 52 prosustentatione
1739 2619 116 52 sui
1806 2619 83 52 &
1839 2619 183 52 suorum.
1972 2619 150 52 Alius
2055 2619 83 52 pro

1367 2669 161 46 labore
1479 2669 129 46 quem
1560 2669 112 46 non
1624 2669 177 46 tenetur
1752 2669 145 46 aliis
1849 2669 161 46 gratis
1945 2669 193 46 impendere:

1368 2711 73 71 &
1398 2711 132 71 nihil
1485 2711 102 71 pro
1544 2711 102 71 sua
1603 2711 190 71 scientia.
1749 2711 161 71 Tertius
1866 2711 132 71 autem
1954 2711 132 71 dicat
2042 2711 88 71 se
2071 2711 73 71 ac
