2334 3319
208 319 148 63 cipere
312 319 104 63 tam
371 319 104 63 pro
431 319 252 63 sustentatione
639 319 74 63 &
668 319 148 63 labore
772 319 119 63 quam
846 319 104 63 pro
891 319 89 63 suae

201 375 134 57 artis
290 375 223 57 traditione.
468 375 89 57 Et
513 375 104 57 hoc
572 375 134 57 patet
661 375 89 57 in
706 375 282 57 administratione
929 375 59 57 sa

210 415 236 55 cramentorum.
402 415 147 55 fateor
505 415 133 55 tamen
593 415 118 55 quod
667 415 133 55 licet
755 415 162 55 aliquid
858 415 118 55 accipe

209 468 84 52 re
251 468 97 52 vno
307 468 181 52 respectu:
446 468 70 52 &
474 468 97 52 non
529 468 125 52 alio.
613 468 84 52 vt
655 468 139 52 postea
752 468 84 52 in
794 468 125 52 eadem
878 468 139 52 distin

204 511 153 58 ctione
296 511 168 58 elucescet

247 590 112 102 â‹
291 590 380 102 Distinctionis
582 590 403 102 Vigesimaequintae

474 655 258 98 Quaestio
647 655 215 98 Secunda.

534 748 217 79 Ecundo
686 748 195 79 circa
816 748 173 79 hanc
902 748 87 79 di

546 815 231 58 stinctionem
730 815 216 58 quaeritur.
884 815 108 58 Vtrum

546 859 173 53 simonia
672 859 110 53 sit
735 859 141 53 graue
813 859 173 53 peccatum.

553 903 227 62 Respondetur
734 903 106 62 per
795 903 121 62 duas
855 903 121 62 conclu

543 947 163 58 siones.
662 947 133 58 Prior
751 947 104 58 est
795 947 193 58 affirmatiua

542 992 76 59 ad
580 992 202 59 quaestionem:
745 992 101 59 quae
808 992 164 59 conclusio
922 992 63 59 sic

505 1038 83 57 C
539 1038 234 57 iprobatur.
722 1038 150 57 Oinis
822 1038 150 57 actus
906 1038 83 57 iu-

206 1080 95 45 ri
254 1080 174 45 naturae
380 1080 158 45 diuino
491 1080 79 45 &
523 1080 158 45 humano
634 1080 222 45 contrarius
808 1080 111 45 est
855 1080 127 45 malus:

205 1125 169 51 simonia
327 1125 107 51 est
389 1125 214 51 huiusmodi:
557 1125 169 51 igitur.
680 1125 184 51 probatur
817 1125 153 51 minor.
909 1125 77 51 Nam

201 1180 149 45 contra
306 1180 209 45 aequitatem
470 1180 194 45 naturalem
619 1180 104 45 est
679 1180 119 45 quod
753 1180 119 45 quis
828 1180 149 45 vendat
917 1180 60 45 do

211 1215 86 53 na
254 1215 172 53 spiritus
382 1215 143 53 sancti
482 1215 114 53 quae
554 1215 100 53 non
611 1215 114 53 sunt
683 1215 86 53 in
726 1215 100 53 sua
783 1215 200 53 potestate:
926 1215 57 53 in

212 1262 100 50 mo
262 1262 150 50 ipsum
362 1262 199 50 spiritum
512 1262 183 50 sanctum
645 1262 166 50 tradat
761 1262 150 50 sicut
844 1262 133 50 seruum

213 1302 142 50 suum.
308 1302 95 50 vt
355 1302 142 50 patet
450 1302 95 50 ex
497 1302 189 50 epistola
639 1302 189 50 Tharasii
781 1302 189 50 episcopi
907 1302 79 50 Con

203 1354 336 46 stantinopolitani
489 1354 101 46 ad
540 1354 219 46 Hadrianum
708 1354 151 46 papam
809 1354 168 46 missa.
910 1354 67 46 Ei

216 1392 175 46 recitatur
350 1392 135 46 prima.
444 1392 162 46 quaesti.
566 1392 67 46 i
593 1392 108 46 cap.
660 1392 94 46 Fos
714 1392 108 46 qui.
781 1392 94 46 vbi
835 1392 94 46 sic
875 1392 108 46 scribi

200 1440 127 56 tur.
280 1440 255 56 Tolerabilior
487 1440 111 56 est
550 1440 127 56 enim
630 1440 207 56 Macedonii
789 1440 80 56 &
821 1440 143 56 eorum
900 1440 80 56 qui

204 1482 143 48 circa
299 1482 143 48 ipsum
395 1482 127 48 sunt
474 1482 191 48 spiritus
617 1482 159 48 sancti
729 1482 254 48 impugnatorum
919 1482 64 48 im

204 1525 103 53 pia
263 1525 192 53 haeresis.
410 1525 118 53 illi
484 1525 118 53 enim
558 1525 192 53 creaturam
705 1525 74 53 &
735 1525 133 53 seruu
823 1525 103 53 dei
867 1525 118 53 patris

211 1571 71 52 &
239 1571 127 52 filii
324 1571 71 52 /
352 1571 170 52 spiritum
479 1571 155 52 sanctum
592 1571 184 52 delitando
734 1571 184 52 fatentur:
875 1571 113 52 isti
931 1571 57 52 ve

204 1620 96 50 ro
252 1620 193 50 spiritum
396 1620 176 50 sanctum
525 1620 209 50 efficiunt
685 1620 128 50 suum
765 1620 176 50 seruum.
878 1620 96 50 Omni

212 1661 114 49 enim
283 1661 157 49 dominus
397 1661 114 49 quod
469 1661 129 49 habet
555 1661 86 49 si
597 1661 114 49 vult
669 1661 143 49 vendit
769 1661 71 49 /
797 1661 114 49 siue
854 1661 129 49 seruum-

204 1707 125 49 siue
282 1707 171 49 aliquid
407 1707 140 49 aliud
500 1707 140 49 eorum
594 1707 125 49 quae
672 1707 202 49 possidet.
827 1707 140 49 Etiam
905 1707 78 49 est

202 1758 152 45 contra
308 1758 106 45 ius
369 1758 182 45 naturale
506 1758 76 45 /
536 1758 182 45 quemnuis
673 1758 152 45 capere
779 1758 182 45 pecuniam
901 1758 76 45 pro

204 1797 234 45 translatione
395 1797 102 45 rei
453 1797 117 45 quae
526 1797 102 45 non
585 1797 102 45 est
643 1797 88 45 in
687 1797 102 45 sua
746 1797 205 45 potestate.
892 1797 88 45 Ter-

212 1840 113 57 tio,
283 1840 113 57 dato
353 1840 113 57 quod
424 1840 127 57 esset
509 1840 85 57 in
551 1840 113 57 eius
622 1840 198 57 potestate:
777 1840 141 57 vendit
876 1840 99 57 rem
918 1840 71 57 pre

201 1886 103 53 cio
260 1886 192 53 temporali
408 1886 280 53 inaestimabilem:
643 1886 118 53 quia
717 1886 206 53 spirituale
879 1886 103 53 pro
923 1886 59 53 pe

212 1933 127 50 cunia.
301 1933 89 50 Nam
352 1933 190 50 Sapientiae.
504 1933 101 50 iii.
567 1933 165 50 scribitur
694 1933 76 50 de
732 1933 165 50 sapientia
858 1933 101 50 quod
909 1933 76 50 ipsa

209 1974 93 50 est
262 1974 213 50 praestantior
435 1974 147 50 cunctis
542 1974 147 50 opibus:
649 1974 67 50 &
675 1974 107 50 alia
742 1974 227 50 desiderabilia
915 1974 67 50 non

219 2022 146 52 valent
322 2022 88 52 ei
365 2022 205 52 comparari.
526 2022 131 52 Forte
614 2022 146 52 dicis,
716 2022 102 52 non
774 2022 161 52 oportet
877 2022 102 52 respi

214 2058 118 53 cere
288 2058 89 53 ad
332 2058 163 53 valorem
451 2058 103 53 rei
510 2058 89 53 in
554 2058 103 53 se:
613 2058 103 53 sed
673 2058 103 53 res
732 2058 251 53 transmutantur
924 2058 59 53 se

202 2104 181 54 cundum
329 2104 272 54 indigentiam
547 2104 218 54 humanam:
710 2104 163 54 iuxta
819 2104 163 54 illud
909 2104 73 54 Au

214 2149 164 52 gustini.
337 2149 96 52 xi.
392 2149 82 52 de
433 2149 164 52 ciuitate
556 2149 109 52 dei.
624 2149 109 52 cap.
692 2149 137 52 xviii.
788 2149 109 52 Quis
856 2149 109 52 enim
911 2149 68 52 nor

200 2200 125 43 domi
278 2200 140 43 panem
372 2200 125 43 quam
450 2200 156 43 mures:
559 2200 156 43 nummos
668 2200 125 43 quam
746 2200 172 43 pulices
855 2200 125 43 habere

217 2240 142 54 malit?
316 2240 142 54 Seruus
415 2240 156 54 viliori
529 2240 156 54 praecio
642 2240 213 54 distrahetur
813 2240 114 54 quam
869 2240 114 54 gemma.

214 2282 139 47 Licet
306 2282 93 47 de
353 2282 185 47 scientia
492 2282 154 47 creata
600 2282 154 47 possis
708 2282 216 47 argumentum
878 2282 108 47 sic
924 2282 62 47 re

213 2328 160 54 fellere
330 2328 248 54 probabiliter:
534 2328 102 54 non
592 2328 131 54 tamen
680 2328 87 54 de
724 2328 204 54 spirituali
884 2328 87 54 de
913 2328 73 54 quo

205 2371 220 47 loquimur:
374 2371 135 47 quod
458 2371 152 47 omnia
560 2371 135 47 bona
644 2371 169 47 humana
762 2371 101 47 in
813 2371 169 47 valore
914 2371 68 47 hu

208 2415 131 56 manae
296 2415 218 56 indigentiae
470 2415 189 56 exuperat.
615 2415 102 56 hoc
673 2415 102 56 est
731 2415 87 56 de
774 2415 145 56 valore
876 2415 131 56 fori,
948 2415 44 56 &

214 2461 103 54 non
273 2461 88 54 de
317 2461 147 54 valore
420 2461 103 54 rei
478 2461 191 54 loquendo.
625 2461 88 54 Et
669 2461 191 54 propterea
816 2461 132 54 omnes
889 2461 103 54 tradi

203 2508 148 55 torem
301 2508 148 55 ludam
400 2508 164 55 merito
515 2508 181 55 carpunt
647 2508 132 55 quod
729 2508 247 55 redemptorem
910 2508 82 55 or-

210 2548 104 53 bis
269 2548 118 53 deum
343 2548 104 53 tam
403 2548 148 53 modico
506 2548 118 53 aere
580 2548 222 53 vendiderit.
758 2548 104 53 Sed
817 2548 133 53 licet
891 2548 89 53 simo

205 2595 105 48 nia
265 2595 105 48 sit
325 2595 150 48 contra
430 2595 105 48 ius
490 2595 180 48 naturae:
626 2595 195 48 contingit
776 2595 135 48 tamen
866 2595 90 48 de
896 2595 90 48 mul-

213 2639 104 43 tis
273 2639 163 43 casibus
391 2639 178 43 dubitare
525 2639 89 43 an
569 2639 89 43 in
614 2639 104 43 eis
673 2639 104 43 sit
733 2639 178 43 simonia.
866 2639 134 43 sicut
940 2639 45 43 &

204 2682 82 48 de
245 2682 122 48 vsura
327 2682 68 48 /
354 2682 68 48 &
381 2682 218 48 fornicatione
558 2682 163 48 simplici
681 2682 109 48 quae
749 2682 68 48 a
776 2682 191 48 gentilibus
912 2682 68 48 non

198 2725 190 66 putabatur
345 2725 117 66 esse
418 2725 146 66 contra
520 2725 102 66 ius
579 2725 175 66 naturae.
710 2725 117 66 Quia
783 2725 132 66 autem
871 2725 102 66 sit
915 2725 73 66 con

1045 316 108 58 tra
1106 316 108 58 ius
1168 316 185 58 diuinum,
1307 316 139 58 patet
1400 316 170 58 Actuum.
1523 316 139 58 viii.
1616 316 77 58 &
1647 316 185 58 Matthae.
1771 316 46 58 x

1051 368 161 53 dicente
1169 368 176 53 Christo.
1301 368 147 53 Gratis
1403 368 220 53 accepistis:
1580 368 147 53 gratis
1682 368 132 53 date.
1756 368 73 53 vbi

1055 417 132 52 glossa
1147 417 132 52 dicit.
1239 417 92 52 Hic
1292 417 184 52 prohibetur
1436 417 158 52 simonia.
1555 417 118 52 Iliic
1634 417 105 52 enim
1699 417 92 52 est
1739 417 92 52 sermo

1045 457 84 57 de
1087 457 182 57 miraculis
1227 457 70 57 &
1256 457 182 57 stupendis
1396 457 182 57 prodigiis
1536 457 197 57 faciendis:
1691 457 112 57 quia
1747 457 70 57 an-

1045 503 94 48 te
1092 503 125 48 ista
1170 503 140 48 verba
1264 503 203 48 immediate
1420 503 187 48 dicitur.
1560 503 187 48 Infirmos
1685 503 140 48 curate:

1046 545 167 53 mortuos
1167 545 212 53 suscitate:
1334 545 182 53 leprosos
1470 545 182 53 mundate:
1607 545 182 53 daemones
1728 545 91 53 eii-

1044 589 121 69 cite.
1124 589 134 69 gratis
1218 589 202 69 accepistis:
1380 589 134 69 gratis
1474 589 121 69 date.
1554 589 94 69 Vbi
1608 589 134 69 glossa
1689 589 134 69 interli-

1042 637 159 47 nearis.
1157 637 130 47 Sicut
1243 637 101 47 ego
1301 637 115 47 sine
1373 637 159 47 praecio
1488 637 130 47 talem
1575 637 202 47 potestatem
1734 637 101 47 do:
1777 637 43 47 &

1054 681 100 56 vos
1111 681 142 56 gratis
1210 681 128 56 date.
1296 681 100 56 per
1353 681 100 56 hoc
1409 681 128 56 tamen
1495 681 100 56 non
1552 681 156 56 oportet
1666 681 114 56 quod
1722 681 100 56 scien

1051 721 108 49 tiam
1119 721 189 49 acquisitam
1268 721 135 49 gratis
1362 721 135 49 habens
1457 721 68 49 /
1484 721 122 49 aliis
1565 721 135 49 gratis
1646 721 176 49 communicet.

1048 770 193 53 Praeterea.
1200 770 111 53 iii.
1269 770 138 53 Regum.
1366 770 124 53 xiii.
1449 770 111 53 cap.
1518 770 83 53 de
1559 770 180 53 Hieroboam
1684 770 138 53 legitur.

1043 815 210 54 Quicunque
1205 815 178 54 volebat
1334 815 194 54 implebat
1479 815 146 54 manum
1576 815 146 54 suam:
1673 815 81 54 &
1690 815 129 54 fiebat

1048 853 181 53 sacerdos
1184 853 227 53 excelsorum.
1365 853 136 53 Forte
1456 853 151 53 dicis.
1562 853 166 53 colebat
1683 853 151 53 idola:
1774 853 45 53 &

1044 900 135 56 erant
1134 900 210 56 sacerdotes
1299 900 195 56 idolorum.
1448 900 210 56 Responsio.
1613 900 105 56 hoc
1673 900 135 56 dato:
1748 900 75 56 ven

1045 945 153 53 dendo
1147 945 272 53 sacerdotium:
1368 945 85 53 &
1402 945 119 53 non
1470 945 204 53 capiendo
1606 945 204 53 sacerdotes

1047 986 89 59 de
1092 986 134 59 tribu
1181 986 134 59 Leui:
1271 986 75 59 &
1300 986 89 59 de
1345 986 119 59 domo
1420 986 134 59 Aaron
1509 986 75 59 /
1539 986 179 59 grauiter
1658 986 164 59 deliquit.

1054 1030 87 53 vt
1097 1030 130 53 patet
1184 1030 101 53 per
1242 1030 159 53 literam
1357 1030 202 53 sequentem.
1516 1030 87 53 Et
1560 1030 159 53 propter
1675 1030 116 53 hanc
1733 1030 87 53 cau-

1049 1075 111 58 sam
1113 1075 191 58 peccauit
1256 1075 143 58 domus
1351 1075 223 58 Hieroboam,
1527 1075 80 58 &
1558 1075 159 58 euersa
1670 1075 111 58 est
1733 1075 80 58 &
1749 1075 64 58 de

1046 1119 125 54 leta
1124 1119 93 54 de
1171 1119 218 54 superficie
1342 1119 171 54 terrae.
1467 1119 202 54 Propterea
1623 1119 140 54 lepra
1700 1119 125 54 Naaman

1050 1175 181 49 adhaesit
1186 1175 136 49 Giezi
1276 1175 76 49 &
1307 1175 151 49 semini
1412 1175 121 49 eius
1488 1175 91 49 in
1533 1175 242 49 sempiternum.
1714 1175 106 49 iiii.

1047 1212 146 56 Regum.
1149 1212 87 56 v.
1193 1212 131 56 quare
1281 1212 102 56 est
1339 1212 146 56 contra
1441 1212 102 56 ius
1499 1212 175 56 diuinum.
1631 1212 117 56 Quia
1703 1212 102 56 sit
1747 1212 73 56 con

1050 1261 109 48 tra
1113 1261 109 48 ius
1175 1261 171 48 humanum
1299 1261 140 48 patet
1392 1261 93 48 in
1438 1261 109 48 ti.
1500 1261 93 48 de
1547 1261 171 48 simonia
1671 1261 109 48 per
1717 1261 109 48 totum

1053 1302 78 55 &.
1092 1302 78 55 i.
1131 1302 104 55 qui.
1195 1302 78 55 i.
1234 1302 91 55 per
1286 1302 129 55 totum.
1377 1302 104 55 ergo
1442 1302 117 55 minor
1519 1302 104 55 vera
1584 1302 104 55 quae
1649 1302 155 55 restabat
1752 1302 65 55 pro

1041 1345 162 48 banda.
1154 1345 81 48 â‹
1187 1345 179 48 Secunda
1317 1345 211 48 coclusio.
1479 1345 179 48 Simonia
1609 1345 114 48 est
1658 1345 162 48 pessimum

1051 1394 180 55 monstrum
1186 1394 90 55 in
1231 1394 194 55 ecclesia.
1380 1394 194 55 Probatur.
1530 1394 120 55 Illa
1605 1394 150 55 pestis
1709 1394 105 55 est
1754 1394 75 55 pes

1051 1432 117 49 sima
1124 1432 87 49 in
1168 1432 175 49 ecclesia
1299 1432 102 49 per
1358 1432 117 49 quam
1430 1432 219 49 promouentur
1605 1432 160 49 inidone
1722 1432 73 49 /
1737 1432 87 49 post

1046 1478 173 48 habitis
1172 1478 157 48 maxime
1282 1478 189 48 idoneis.
1423 1478 141 48 sicut
1518 1478 298 48 calamitosissima
1753 1478 63 48 es

1046 1524 109 51 set
1109 1524 171 51 insania
1233 1524 171 51 homines
1357 1524 202 51 impellens
1512 1524 186 51 accipere
1651 1524 171 51 lapides
1760 1524 62 51 pu

1046 1570 163 46 tridos
1160 1570 114 46 pro
1225 1570 163 46 templo
1339 1570 212 46 materiali
1503 1570 245 46 construendo
1682 1570 147 46 postha-

1053 1614 138 45 bitis
1144 1614 229 45 marmoribus.
1328 1614 107 45 sed
1389 1614 107 45 hoc
1450 1614 214 45 potissimum
1618 1614 107 45 fit
1679 1614 107 45 per
1725 1614 92 45 simo

1039 1659 133 50 niam
1123 1659 117 50 per
1189 1659 133 50 quam
1272 1659 183 50 improbi
1406 1659 100 50 ad
1456 1659 183 50 honores
1589 1659 266 50 conscendunt:

1044 1699 219 53 nequeuntes
1216 1699 109 53 per
1279 1699 187 53 virtutes
1419 1699 219 53 ascendere:
1591 1699 219 53 assumentes
1747 1699 78 53 il-

1046 1745 109 52 lud
1109 1745 172 52 insanae
1234 1745 172 52 lunonis
1358 1745 125 52 apud
1436 1745 187 52 Maronem.
1577 1745 187 52 Flectere
1717 1745 94 52 si
1748 1745 78 52 ne-

1038 1790 144 53 queo
1128 1790 216 53 superos:
1290 1790 234 53 acheronta
1471 1790 198 53 mouebo.
1615 1790 180 53 Munera
1723 1790 108 53 enim

1044 1839 197 55 porrecta
1191 1839 164 55 animos
1306 1839 148 55 etiam
1405 1839 214 55 prudentum
1569 1839 214 55 flectunt,
1717 1839 115 55 secun

1047 1890 113 49 dum
1111 1890 145 49 illud
1208 1890 193 49 Nasonis.
1353 1890 161 49 Munera
1466 1890 145 49 crede
1562 1890 129 49 mihi
1643 1890 177 49 placant
1756 1890 64 49 ho

1043 1925 195 57 minesque
1189 1925 195 57 deosque:
1335 1925 195 57 Placatur
1481 1925 162 57 nummis
1595 1925 195 57 luppiter
1725 1925 97 57 ipse

1049 1969 142 48 suis.
1144 1969 205 48 Praeterea
1302 1969 111 48 hoc
1365 1969 111 48 est
1428 1969 190 48 pessimum
1570 1969 190 48 monstrum
1712 1969 95 48 in
1744 1969 79 48 ec-

1046 2016 143 45 clesia
1146 2016 115 45 quod
1218 2016 158 45 hominem
1332 2016 143 45 reddit
1433 2016 158 45 vtraque
1548 2016 115 45 manu
1619 2016 201 45 iniquitate
1763 2016 57 45 re

1041 2060 160 45 fertum.
1158 2060 102 45 sed
1216 2060 102 45 hoc
1274 2060 102 45 per
1332 2060 174 45 simoniam
1463 2060 116 45 fit.
1535 2060 160 45 igitur.
1652 2060 174 45 probatur
1768 2060 58 45 mi

1043 2104 117 50 nor
1110 2104 117 50 per
1177 2104 151 50 illud
1278 2104 269 50 Psalmographi
1496 2104 185 50 psalmo.
1631 2104 134 50 xxv.
1715 2104 101 50 In
1748 2104 84 50 quo

1046 2150 110 54 rum
1109 2150 173 54 manibus
1235 2150 236 54 iniquitates
1423 2150 141 54 sunt:
1518 2150 173 54 dextera
1643 2150 141 54 eorum
1722 2150 110 54 reple

1042 2196 88 41 ta
1086 2196 102 41 est
1145 2196 205 41 muneribus.
1306 2196 161 41 Insuper
1423 2196 117 41 ille
1496 2196 102 41 est
1554 2196 102 41 fur
1613 2196 161 41 iniquus
1730 2196 102 41 qui
1774 2196 58 41 ca

1051 2239 126 46 licem
1135 2239 70 46 /
1163 2239 140 46 libros
1261 2239 182 46 ecclesiae
1401 2239 70 46 /
1429 2239 70 46 &
1456 2239 182 46 huiusmodi
1596 2239 168 46 furatur.
1722 2239 98 46 sed
1764 2239 56 46 to

1053 2280 113 56 tum
1118 2280 227 56 beneficium
1296 2280 227 56 simoniacus
1474 2280 195 56 furatur.
1620 2280 178 56 dicente
1734 2280 97 56 Chri

1045 2324 125 48 sto.
1123 2324 187 48 loannis.
1264 2324 94 48 x.
1311 2324 109 48 Qui
1373 2324 109 48 non
1436 2324 156 48 intrat
1545 2324 109 48 per
1607 2324 156 48 ostium
1717 2324 94 48 in
1748 2324 78 48 oui

1047 2366 88 51 le
1091 2366 146 51 ouium:
1193 2366 102 51 sed
1252 2366 175 51 ascendit
1383 2366 175 51 aliunde:
1514 2366 117 51 ille
1587 2366 102 51 fur
1645 2366 102 51 est
1704 2366 73 51 &
1718 2366 117 51 latro.

1052 2411 94 54 in
1099 2411 142 54 furto
1194 2411 142 54 autem
1288 2411 126 54 tota
1367 2411 126 54 eius
1446 2411 126 54 vita
1524 2411 283 54 deprehenditur.
1744 2411 79 54 nam

1049 2455 118 52 vno
1117 2455 287 52 inconueniente
1353 2455 135 52 dato
1438 2455 152 52 multa
1539 2455 135 52 mala
1606 2455 220 52 contingunt.

1056 2501 135 55 primo
1146 2501 180 55 physico.
1281 2501 90 55 Et
1326 2501 195 55 difficile
1475 2501 105 55 est
1535 2501 90 55 vt
1580 2501 120 55 bono
1640 2501 180 55 peragantur

1052 2557 140 47 exitu:
1150 2557 112 47 quae
1220 2557 112 47 malo
1290 2557 112 47 sunt
1360 2557 168 47 inchoata
1487 2557 196 47 principio.
1641 2557 84 47 i.
1683 2557 84 47 q.
1725 2557 84 47 i.
1753 2557 70 47 ca-

1049 2591 264 61 Principatus.
1264 2591 182 61 Amplius
1396 2591 149 61 huius
1496 2591 165 61 pestis
1611 2591 198 61 grauitas
1743 2591 83 61 pa-

1042 2635 98 58 tet
1098 2635 84 58 ex
1140 2635 225 58 displicentia
1323 2635 112 58 dei.
1393 2635 98 58 nam
1450 2635 126 58 ignis
1534 2635 197 58 sacrificii
1688 2635 98 58 qui
1731 2635 98 58 datus

1041 2680 93 50 est
1094 2680 79 50 in
1133 2680 146 50 deserto
1239 2680 172 50 caelitus,
1371 2680 146 50 secundo
1477 2680 106 50 anno
1543 2680 198 50 egressionis
1702 2680 79 50 de
1729 2680 79 50 aegi

1042 2732 136 67 pto:
1127 2732 85 67 &
1161 2732 187 67 durauit
1297 2732 102 67 ad
1348 2732 272 67 captiuitatem
1570 2732 272 67 babylonicam:
1774 2732 51 67 &
