2340 3352
470 332 128 52 tunc
550 332 207 52 absconsus
709 332 96 52 in
757 332 192 52 profundo
901 332 144 52 puteo
997 332 96 52 ab
1045 332 192 52 Hieremia
1172 332 80 52 pro

478 371 139 62 pheta,
575 371 125 62 illic
659 371 153 62 mansit.
770 371 111 62 lxx.
839 371 125 62 annis
923 371 167 62 integer:
1048 371 69 62 &
1075 371 139 62 iterum
1159 371 97 62 habi-

467 417 112 51 tus
531 417 176 51 tempore
659 417 192 51 Neemiae:
802 417 160 51 postea
914 417 192 51 Antiocho
1042 417 207 51 sacerdotium

480 460 148 54 sasoni
584 460 177 54 vendente
716 460 74 54 /
746 460 192 54 extinctus
893 460 118 54 est.
967 460 89 54 vt
1011 460 148 54 patet.
1115 460 103 54 ii.
1159 460 103 54 Macha

472 511 203 59 baeorum
601 511 147 59 primo.

478 553 109 74 ⁋
522 553 218 74 Contra
674 553 152 74 has
761 553 348 74 conclusiones
1022 553 218 74 arguitur

471 608 117 60 sic.
544 608 160 60 Simonia
661 608 102 60 est
719 608 131 60 circa
807 608 233 60 intellectum:
996 608 117 60 ergo
1069 608 102 60 non
1128 608 102 60 est
1171 608 88 60 pec-

483 657 145 57 catum.
585 657 232 57 consequentia
774 657 189 57 probatur:
919 657 116 57 quia
992 657 116 57 omne
1064 657 174 57 peccatum
1180 657 73 57 est

488 699 86 59 in
531 699 143 59 libera
631 699 186 59 potestate
774 699 200 59 facientis:
931 699 114 59 ergo
1003 699 129 59 circa
1074 699 172 59 voluntatem

487 747 200 54 Antecedens
644 747 143 54 patet:
744 747 114 54 quia
815 747 157 54 simonia
929 747 100 54 est
987 747 186 54 haeresis.
1129 747 86 54 i.
1172 747 86 54 q.
1201 747 57 54 i.

496 788 200 60 Quisquis.
649 788 77 60 &
680 788 108 60 ca.
742 788 215 60 Presbyter.
911 788 77 60 ⁋
941 788 246 60 Respondetur.
1126 788 138 60 assenti

484 847 89 44 ri
529 847 134 44 huic:
618 847 134 44 donum
708 847 179 44 spiritus
842 847 149 44 sancti
946 847 104 44 est
1006 847 149 44 venale
1110 847 104 44 pro
1155 847 104 44 pecu-

472 880 121 52 nia,
548 880 106 52 est
608 880 197 52 haeresis:
760 880 76 52 &
790 880 106 52 sic
851 880 152 52 Simodo
957 880 136 52 magus
1048 880 182 52 putabat.
1169 880 91 52 Vnde

492 921 213 59 Ambrosius
656 921 98 59 in
705 921 148 59 primo
803 921 148 59 libro
902 921 98 59 de
951 921 263 59 Poenitentia,
1165 921 98 59 ad
1197 921 66 59 No

482 969 193 57 uatianum
626 969 193 57 scribens
771 969 160 57 dicit.
883 969 160 57 Petrus
995 969 112 57 cum
1059 969 144 57 Simon
1140 969 112 57 magi-

490 1013 102 59 cae
549 1013 131 59 artis
636 1013 233 59 consuetudine
825 1013 204 59 deprauatus
985 1013 175 59 putasset
1116 1013 116 59 quod
1175 1013 87 59 gra-

486 1055 126 55 tiam
565 1055 173 55 Christi
691 1055 110 55 per
754 1055 252 55 impositionem
959 1055 142 55 manus
1054 1055 79 55 &
1070 1055 189 55 infusionem

485 1108 173 47 spiritus
614 1108 144 47 sancti
715 1108 158 47 pecunia
830 1108 216 47 compararet:
1003 1108 115 47 ait,
1075 1108 101 47 non
1132 1108 101 47 est
1176 1108 86 47 tibi

488 1145 113 51 sors
559 1145 128 51 neque
644 1145 113 51 pars
715 1145 85 51 in
757 1145 99 51 hac
814 1145 128 51 fide:
899 1145 113 51 quia
970 1145 99 51 cor
1027 1145 113 51 tuum
1098 1145 99 51 non
1155 1145 99 51 est
1197 1145 71 51 re-

484 1188 122 54 ctum
560 1188 122 54 apud
636 1188 137 54 deum.
728 1188 107 54 hoc
789 1188 107 54 est
850 1188 137 54 erras
942 1188 92 54 in
987 1188 122 54 fide
1064 1188 214 54 catholica:
1216 1188 46 54 &

480 1238 102 53 ita
539 1238 102 53 hoc
597 1238 233 53 pertinaciter
787 1238 175 53 asserens
918 1238 102 53 est
976 1238 219 53 haereticus.
1151 1238 102 53 Non
1195 1238 73 53 ta-

482 1273 115 55 men
547 1273 181 55 oportet
679 1273 132 55 nunc
761 1273 148 55 alium
860 1273 230 55 simoniacum
1041 1273 164 55 tenere
1139 1273 132 55 haere-

491 1326 116 55 sim.
563 1326 101 55 nam
621 1326 188 55 contingit
766 1326 188 55 praelatum
910 1326 130 55 recte
997 1326 188 55 assentiri
1142 1326 87 55 in
1186 1326 101 55 in-

484 1366 175 58 tellectu
616 1366 117 58 quod
689 1366 88 58 in
733 1366 204 58 venditione
893 1366 190 58 beneficii
1039 1366 219 58 committitur
1200 1366 73 58 si-

490 1411 154 61 monia,
598 1411 77 61 &
629 1411 124 61 male
706 1411 170 61 agitur:
829 1411 108 61 quo
891 1411 108 61 non
953 1411 185 61 obstante
1092 1411 139 61 agit:
1169 1411 93 61 quia

489 1468 150 43 crebro
594 1468 180 43 voluntas
728 1468 180 43 contrait
863 1468 90 43 ex
908 1468 105 43 sua
968 1468 194 43 libertate
1117 1468 135 43 recto
1192 1468 75 43 in-

494 1505 185 46 tellectus
636 1505 171 46 iudicio.
764 1505 128 46 Etiam
850 1505 228 46 consequentia
1035 1505 128 46 illic
1120 1505 142 46 illata
1220 1505 85 46 in

489 1557 148 43 ualida
593 1557 119 43 est:
667 1557 119 43 quia
741 1557 178 43 probaret
875 1557 148 43 nullum
979 1557 208 43 haereticum
1127 1557 134 43 peccare

487 1598 102 44 nam
546 1598 175 44 assensus
677 1598 175 44 erroneus
809 1598 88 44 in
853 1598 117 44 fide
926 1598 73 44 /
955 1598 88 44 in
999 1598 205 44 intellectu
1160 1598 102 44 est
1204 1598 73 44 li-

498 1639 131 51 ber,
580 1639 82 51 &
612 1639 82 51 a
645 1639 213 51 voluntate
809 1639 229 51 dependens:
989 1639 131 51 quia
1071 1639 164 51 potest
1170 1639 98 51 homo

486 1678 150 58 libere
591 1678 180 58 haeresim
725 1678 105 58 non
785 1678 209 58 admittere,
950 1678 105 58 vel
1010 1678 180 58 admissam
1129 1678 135 58 adimere

494 1731 111 77 ⁋
538 1731 243 77 Secundo
715 1731 288 77 arouitur.
936 1731 265 77 Sacerdos
1113 1731 155 77 cele-

499 1791 122 52 brat
575 1791 107 52 pro
636 1791 107 52 sex
697 1791 153 52 paruis
804 1791 153 52 albis.
911 1791 76 52 &
941 1791 259 52 anniuersarium
1155 1791 92 52 in
1185 1791 92 52 cer-

497 1840 85 54 ta
539 1840 128 54 quota
624 1840 170 54 pecuniae
752 1840 241 54 constituitur.
951 1840 85 54 In
993 1840 184 54 facultate
1135 1840 142 54 quoque
1220 1840 57 54 no

498 1884 124 48 stra
576 1884 217 48 Parisiensi
747 1884 109 48 mos
809 1884 124 48 est:
887 1884 93 48 vt
933 1884 186 48 magister
1073 1884 93 48 in
1104 1884 171 48 theologia

508 1928 100 48 det
565 1928 199 48 facultati.
721 1928 100 48 xc.
778 1928 114 48 vel.
850 1928 85 48 c.
892 1928 157 48 francos
1006 1928 100 48 pro
1063 1928 128 48 missa
1135 1928 142 48 perpetua

494 1969 170 57 dicenda:
621 1969 85 57 in
663 1969 99 57 qua
720 1969 170 57 cuilibet
847 1969 184 57 praesenti
988 1969 71 57 /
1017 1969 85 57 in
1045 1969 226 57 distributioni-

490 2014 119 57 bus
558 2014 272 57 communicatur
779 2014 221 57 duodenus.
948 2014 102 57 In
999 2014 153 57 istis
1101 2014 153 57 autem
1186 2014 85 57 spi

494 2058 175 53 rituale
621 2058 111 53 pro
685 2058 207 53 temporali
844 2058 159 53 datur.
955 2058 127 53 ergo
1035 2058 111 53 non
1098 2058 127 53 omis
1162 2058 111 53 datio

500 2104 208 49 temporalis
664 2104 104 49 pro
723 2104 223 49 spirituali,
901 2104 74 49 &
931 2104 208 49 econuerso,
1095 2104 104 49 est
1139 2104 134 49 simonia

512 2151 110 47 vel
575 2151 172 47 habitos
700 2151 172 47 optimos
825 2151 141 47 viros
919 2151 125 47 labe
997 2151 188 47 simoniae
1123 2151 156 47 infectos

508 2193 148 54 dabis.
612 2193 74 54 ⁋
642 2193 237 54 Respondetur.
834 2193 119 54 quis
908 2193 148 54 potest
1012 2193 193 54 celebrare
1160 2193 104 54 pro
1205 2193 74 54 sex

511 2238 138 60 paruis
608 2238 124 60 albis
690 2238 248 60 sextupliciter.
897 2238 124 60 Primo
979 2238 151 60 tanquam
1089 2238 96 60 pro
1144 2238 110 60 fine
1199 2238 83 60 prin

501 2283 146 56 cipali
603 2283 73 56 &
632 2283 189 56 vltimato.
778 2283 160 56 Secundo
895 2283 160 56 tanquam
1011 2283 102 56 pro
1069 2283 146 56 precio
1157 2283 116 56 adequa

506 2337 95 40 to:
561 2337 82 40 ac
602 2337 82 40 si
643 2337 123 40 esset
724 2337 164 40 iustitia
847 2337 204 40 commutatiua
1011 2337 68 40 &
1038 2337 123 40 valor
1120 2337 95 40 rei
1174 2337 82 40 ad
1201 2337 82 40 rem:

502 2375 135 52 sicut
592 2375 105 52 est
652 2375 90 52 de
697 2375 180 52 emptione
832 2375 135 52 bouis
923 2375 90 52 in
968 2375 135 52 foro.
1058 2375 150 52 Tertio
1163 2375 105 52 pro
1208 2375 75 52 sex

522 2427 135 43 paruis
616 2427 121 43 albis
697 2427 148 43 tanquam
805 2427 94 43 pro
859 2427 108 43 fine
926 2427 121 43 minus
1007 2427 189 43 principali
1156 2427 67 43 &
1169 2427 108 43 subor-

516 2460 146 48 dinato
618 2460 102 48 vel
677 2460 248 48 subordinabili
881 2460 146 48 alteri
983 2460 117 48 fini
1056 2460 204 48 vlteriori.
1202 2460 87 48 Quar

504 2504 90 51 to
549 2504 119 51 modo
623 2504 119 51 vult
698 2504 194 51 celebrare
847 2504 104 51 pro
907 2504 104 51 sex
967 2504 149 51 paruis
1071 2504 149 51 albis:
1176 2504 75 51 &
1190 2504 90 51 habe

512 2559 99 46 re
561 2559 198 46 pecuniam
709 2559 115 46 pro
775 2559 115 46 sui
841 2559 297 46 sustentatione.
1088 2559 148 46 Quito
1187 2559 132 46 modo

521 2600 112 49 pro
585 2600 112 49 suo
649 2600 161 49 labore
762 2600 129 49 quem
842 2600 145 49 habet
939 2600 96 49 in
987 2600 241 49 celebrando.
1164 2600 112 49 Sexto

521 2647 112 43 pro
585 2647 257 43 distractione
794 2647 80 43 &
826 2647 241 43 impedimento
1019 2647 112 43 quo
1083 2647 209 43 impeditur
1228 2647 64 43 ce

522 2683 176 61 lebrando
654 2683 88 61 ne
698 2683 132 61 aliis
786 2683 176 61 negociis
917 2683 146 61 vacet.
1020 2683 73 61 &
1049 2683 146 61 potest
1151 2683 117 61 esse
1210 2683 73 61 mi-

511 2726 123 62 xtio
588 2726 138 62 harum
680 2726 215 62 specierum.
849 2726 154 62 Primae
957 2726 123 62 duae
1034 2726 231 62 intentiones
1203 2726 92 62 sunt

1324 310 195 63 simoniacae
1477 310 251 63 denomninatione
1687 310 209 63 intrinseca:
1854 310 70 63 &
1882 310 126 63 tales
1966 310 126 63 actus
2035 310 70 63 ha-

1315 367 124 57 bens
1392 367 108 57 est
1454 367 232 57 simoniacus.
1639 367 139 57 Aliae
1731 367 124 57 vero
1809 367 201 57 simplices
1963 367 124 57 sunt
2025 367 77 57 li-

1329 407 138 59 citae,
1426 407 69 59 &
1453 407 83 59 in
1495 407 152 59 habente
1605 407 152 59 gratiam
1715 407 207 59 meritoriae.
1880 407 96 59 Sed
1936 407 83 59 si
1977 407 110 59 vnus
2032 407 69 59 pri

1324 454 157 53 morum
1428 454 175 53 duorum
1551 454 192 53 modorum
1691 454 227 53 copulatim
1865 454 227 53 misceatur
2023 454 87 53 cum

1324 498 127 56 alio:
1408 498 141 56 mixtio
1507 498 99 56 est
1563 498 183 56 illicita.
1704 498 70 56 &
1733 498 99 56 ita
1789 498 99 56 hic
1845 498 99 56 est
1888 498 211 56 amphibologia.

1330 548 132 59 Sortes
1422 548 159 59 celebrat
1541 548 92 59 pro
1594 548 92 59 sex
1647 548 132 59 paruis
1739 548 132 59 albis:
1832 548 159 59 secundum
1951 548 106 59 quod
2017 548 92 59 pro
2056 548 40 59 i

1336 598 146 45 potest
1439 598 146 45 dicere
1541 598 263 45 circumstantiam
1760 598 175 45 finalem:
1891 598 73 45 &
1920 598 102 45 hoc
1964 598 146 45 bifaria:

1332 635 103 54 vel
1391 635 265 54 circumstantiam
1612 635 177 54 vltimati
1745 635 147 54 finis:
1848 635 103 54 vel
1907 635 133 54 finis
1995 635 103 54 non
2039 635 59 54 vl

1328 684 171 49 timati.
1453 684 125 49 Alii
1531 684 156 49 sensus
1640 684 140 49 clari
1733 684 140 49 sunt.
1827 684 78 49 ⁋
1858 684 93 49 Ex
1905 684 156 49 quibus
1998 684 109 49 patet

1320 732 124 48 quod
1397 732 202 48 canonicus
1552 732 155 48 surgit
1661 732 93 48 in
1707 732 140 48 nocte
1800 732 93 48 vt
1847 732 155 48 habeat
1940 732 171 48 distribu-

1330 771 167 50 tiones:
1451 771 76 50 &
1482 771 167 50 propter
1603 771 137 50 deum:
1695 771 106 50 nec
1755 771 137 50 tamen
1847 771 198 50 propterea
1983 771 122 50 commit

1316 811 103 50 tit
1375 811 192 50 simoniam.
1523 811 192 50 Similiter
1671 811 177 50 plerique
1804 811 163 50 veniunt
1922 811 89 50 ad
1951 811 163 50 seruitium

1320 855 91 52 ca
1365 855 121 52 hora
1441 855 106 52 qua
1501 855 151 52 dantur
1607 855 287 52 distributiones:
1848 855 181 52 alioquin
1984 855 106 52 non
2030 855 75 52 ven

1327 901 132 50 turi,
1415 901 117 50 sine
1489 901 117 50 labe
1562 901 191 50 simoniae.
1709 901 88 50 Et
1753 901 132 50 licet
1841 901 176 50 indoctus
1973 901 132 50 etiam
2047 901 73 50 sa-

1330 949 145 54 cerdos
1431 949 159 54 nesciat
1547 949 101 54 sic
1604 949 217 54 punctaliter
1778 949 217 54 distinguere
1952 949 87 54 in
1995 949 101 54 quo
2039 949 72 54 sen

1323 993 87 51 su
1367 993 102 51 pro
1425 993 102 51 sex
1484 993 146 51 paruis
1586 993 131 51 albis
1673 993 189 51 celebret:
1819 993 102 51 est
1877 993 204 51 excusatus:
2023 993 87 51 quia

1335 1032 140 57 videt
1429 1032 140 57 talem
1522 1032 264 57 consuetudinem
1739 1032 217 57 celebrandi
1910 1032 78 57 a
1941 1032 155 57 doctis
2034 1032 78 57 per

1326 1089 157 45 missam
1436 1089 78 45 &
1468 1089 110 45 non
1530 1089 235 45 reprobatam.
1719 1089 126 45 ergo
1797 1089 94 45 ei
1844 1089 110 45 est
1907 1089 141 45 danda
1985 1089 126 45 venia:

1328 1127 120 47 licet
1408 1127 80 47 in
1448 1127 107 47 fine
1515 1127 201 47 aliqualiter
1675 1127 161 47 aberret.
1796 1127 94 47 nam
1849 1127 174 47 contingit
1983 1127 107 47 quod
2050 1127 94 47 in-

1336 1174 151 47 nullum
1441 1174 136 47 finem
1532 1174 211 47 actualiter
1698 1174 166 47 referat
1818 1174 136 47 vltra
1909 1174 106 47 sex
1969 1174 151 47 albos.
2060 1174 60 47 Et

1326 1210 141 54 licet
1420 1210 172 54 simonia
1545 1210 109 54 sit
1608 1210 156 54 contra
1717 1210 109 54 ius
1779 1210 172 54 naturae
1904 1210 219 54 extendendo
2061 1210 62 54 vo

1325 1266 197 43 cabulum,
1473 1266 132 43 quod
1555 1266 214 43 sapientes
1719 1266 280 43 deprehendunt:
1950 1266 115 43 non
1999 1266 115 43 tamen

1345 1306 186 51 quaelibet
1488 1306 100 51 est
1545 1306 143 51 contra
1645 1306 100 51 ius
1702 1306 157 51 naturae
1817 1306 229 51 proptiissime
1988 1306 129 51 dictum.

1343 1348 82 53 ⁋
1375 1348 114 53 Sed
1441 1348 163 53 contra
1555 1348 147 53 istud
1653 1348 245 53 argumentor.
1849 1348 196 53 Sacerdos
1996 1348 114 53 non
2045 1348 65 53 ce

1336 1388 185 57 lebrabit
1475 1388 124 57 nisi
1552 1388 154 57 habeat
1660 1388 108 57 sex
1722 1388 124 57 puos
1799 1388 154 57 albos.
1907 1388 201 57 Similiter
2046 1388 77 57 nec

1338 1437 199 56 canonicus
1491 1437 153 56 veniet
1598 1437 92 56 ad
1644 1437 138 56 horas
1737 1437 199 56 canonicas
1890 1437 92 56 si
1936 1437 107 56 non
1997 1437 107 56 sit
2043 1437 77 56 dis

1339 1480 232 58 tributiones
1524 1480 232 58 accepturus.
1709 1480 124 58 ergo
1786 1480 170 58 pecunia
1910 1480 108 58 est
1972 1480 139 58 causa
2049 1480 77 58 pri

1338 1522 185 55 cipalis:
1476 1522 108 55 cum
1538 1522 92 55 ea
1584 1522 154 55 posita
1692 1522 169 55 ponatur
1815 1522 231 55 aduentatio:
2000 1522 77 55 &
2031 1522 92 55 ea
2061 1522 62 55 se

1336 1570 154 45 clusa
1438 1570 120 45 non
1507 1570 205 45 ponatur.
1661 1570 85 45 ⁋
1695 1570 239 45 Respondeo,
1883 1570 205 45 concesso
2019 1570 103 45 ante

1327 1612 187 56 cedente
1463 1612 187 56 negando
1599 1612 306 56 consequentiam:
1854 1612 136 56 quia
1939 1612 170 56 posita
2041 1612 85 56 cau

1334 1659 96 51 sa
1382 1659 144 51 minus
1478 1659 225 51 principali
1655 1659 112 51 cum
1719 1659 144 51 causa
1815 1659 225 51 principali
1976 1659 144 51 ponitur

1342 1701 193 53 effectus:
1491 1701 149 53 neutra
1595 1701 134 53 tamen
1684 1701 164 53 illarum
1803 1701 179 53 sufficit
1937 1701 89 53 ad
1967 1701 149 53 positio-

1332 1751 110 45 nem
1395 1751 205 45 effectus:
1553 1751 110 45 sed
1615 1751 205 45 quacunque
1773 1751 173 45 illarum
1899 1751 173 45 seclusa
2009 1751 110 45 remo-

1332 1794 165 50 uetur
1442 1794 238 50 effectus.
1625 1794 275 50 Quemadmodum
1845 1794 147 50 quis
1937 1794 165 50 vadit
2047 1794 110 50 ad

1346 1838 201 48 Borbonam
1497 1838 101 48 vt
1547 1838 251 48 disputantes
1748 1838 184 48 audiat,
1882 1838 84 48 &
1916 1838 101 48 de
1966 1838 134 48 vino
2033 1838 84 48 bac

1336 1886 220 45 calaureorum
1512 1886 147 45 bibat:
1615 1886 103 45 qui
1674 1886 132 45 tamen
1762 1886 161 45 propter
1879 1886 161 45 alterum
1982 1886 132 45 tamntum

1339 1927 107 48 non
1400 1927 137 48 iret:
1491 1927 107 48 sed
1552 1927 168 48 propter
1674 1927 122 48 illa
1751 1927 107 48 duo
1812 1927 153 48 simul.
1919 1927 107 48 nam
1980 1927 107 48 vno
2025 1927 92 48 illo

1338 1969 113 60 rum
1402 1969 177 60 remoto,
1531 1969 97 60 vt
1579 1969 97 60 in
1627 1969 113 60 die
1692 1969 113 60 quo
1756 1969 225 60 ieiunandum
1933 1969 129 60 est,
2013 1969 113 60 non
2062 1969 64 60 ac

1337 2015 158 51 cedit.
1448 2015 111 51 Non
1511 2015 143 51 tamen
1606 2015 206 51 propterea
1765 2015 190 51 sequitur
1907 2015 127 51 quod
1986 2015 111 51 sex
2034 2015 95 51 par-

1345 2059 82 57 ui
1386 2059 110 57 albi
1455 2059 110 57 sunt
1524 2059 124 57 causa
1606 2059 206 57 principalis
1771 2059 247 57 celebrationis.
1977 2059 110 57 illa
2032 2059 82 57 enim

1347 2109 138 47 causa
1439 2109 108 47 est
1500 2109 138 47 magis
1593 2109 231 47 principalis
1777 2109 123 47 quae
1854 2109 123 47 plus
1916 2109 200 47 appreciati-

1341 2154 93 52 ue
1387 2154 155 52 mouet:
1496 2154 109 52 vel
1558 2154 93 52 ad
1604 2154 124 52 quam
1682 2154 124 52 alia
1759 2154 202 52 reducitur
1914 2154 171 52 tanquam
2023 2154 109 52 finis

1350 2192 112 52 sub
1414 2192 144 52 fine.
1510 2192 80 52 ⁋
1542 2192 112 52 Sed
1606 2192 160 52 contra
1718 2192 112 52 hoc
1781 2192 160 52 arguo.
1893 2192 224 52 celebrando
2053 2192 64 52 vt

1353 2244 151 44 habeam
1459 2244 106 44 sex
1519 2244 151 44 paruos
1625 2244 151 44 albos:
1730 2244 121 44 illa
1806 2244 166 44 pecunia
1927 2244 106 44 est
1987 2244 136 44 finis
2063 2244 60 44 ce

1351 2282 211 46 ebrationis
1517 2282 90 46 in
1562 2282 106 46 vno
1622 2282 166 46 sensuum
1743 2282 211 46 licitorum:
1909 2282 121 46 ergo
1984 2282 106 46 est
2030 2282 90 46 cau-

1349 2329 94 45 sa
1396 2329 251 45 principalis.
1600 2329 125 45 Quod
1678 2329 141 45 patet
1772 2329 94 45 in
1819 2329 172 45 simili.
1945 2329 110 45 Non
1992 2329 125 45 euange

1338 2372 194 54 lizamus
1479 2372 106 54 vt
1532 2372 247 54 comedamus:
1726 2372 123 54 sed
1797 2372 229 54 comedimus
1973 2372 106 54 vt
2008 2372 106 54 euan

1341 2418 245 56 gelizemus.
1534 2418 228 56 similiter
1710 2418 123 56 non
1780 2418 193 56 viuimus
1920 2418 105 56 vt
1955 2418 158 56 comeda-

1348 2462 147 51 mus:
1440 2462 129 51 sed
1513 2462 239 51 comedimus
1697 2462 110 51 vt
1753 2462 221 51 viuamus.
1918 2462 92 51 ⁋
1937 2462 184 51 Responde

1340 2511 127 47 tur.
1420 2511 143 47 licet
1515 2511 207 47 aliquorum
1674 2511 111 47 sit
1738 2511 159 47 opinio
1849 2511 127 47 quod
1912 2511 207 47 peruertitur

1351 2548 136 52 prdo
1436 2548 170 52 finium
1555 2548 170 52 quando
1673 2548 153 52 finis
1775 2548 254 52 principalis
1978 2548 102 52 ad
2012 2548 119 52 finem

1345 2595 163 48 minus
1453 2595 271 48 principalem
1670 2595 253 48 ordinatur:
1869 2595 127 48 hoc
1941 2595 163 48 tamen
2032 2595 90 48 non

1347 2639 190 49 oportet:
1490 2639 95 49 vt
1537 2639 143 49 patet
1632 2639 95 49 ex
1680 2639 206 49 solutione
1838 2639 222 49 argumenti:
2012 2639 111 49 vbi
2060 2639 63 49 ce

1355 2692 178 46 ebratio
1484 2692 97 46 ad
1533 2692 292 46 sustentationem
1776 2692 227 46 ordinatur.
1954 2692 113 46 sic
2003 2692 113 46 etiam

1357 2726 169 58 potest
1475 2726 135 58 esse
1560 2726 101 58 de
1611 2726 304 58 praedicatione.
1864 2726 85 58 &
1898 2726 101 58 ex
1932 2726 203 58 consequen
