2335 3318
195 325 93 60 ti
242 325 187 60 dicendum
382 325 109 60 est
444 325 124 60 quod
522 325 124 60 homo
600 325 233 60 euangelizat
787 325 93 60 vt
833 325 187 60 comedat:

193 383 100 50 sed
250 383 172 50 comestio
379 383 100 50 non
437 383 100 50 est
494 383 129 50 causa
580 383 158 50 finalis
695 383 187 50 vltimata:
838 383 100 50 nec
882 383 100 50 econ-

190 421 165 53 uerso.
306 421 83 53 ⁋
339 421 132 53 Vnde
422 421 116 53 pro
488 421 182 53 finibus
620 421 265 53 cognoscendis
819 421 165 53 ponuntur

208 466 170 53 aliquot
331 466 185 53 regulae:
470 466 154 53 quarum
578 466 139 53 prima
671 466 124 53 est.
748 466 124 53 Deus
826 466 108 53 est
872 466 108 53 causa

202 510 156 52 finalis
315 510 142 52 omnium
415 510 156 52 tanquam
528 510 128 52 causa
614 510 199 52 efficiens.
770 510 227 52 Apocalypsis.
940 510 43 52 i

195 555 103 47 Ego
254 555 103 47 sum
313 555 133 47 alpha
402 555 74 47 &
431 555 89 47 o.
476 555 207 47 principium
638 555 74 47 &
667 555 148 47 finis.
771 555 89 47 in
815 555 118 47 quem
874 555 103 47 omnes

201 598 133 56 honae
290 598 222 56 operationes
468 598 118 56 sunt
542 598 222 56 virtualiter
719 598 74 56 &
749 598 192 56 finaliter
882 598 89 56 ordi

188 643 173 49 nandae:
314 643 142 49 licet
409 643 110 49 non
472 643 158 49 semper
582 643 236 49 actualiter.
771 643 79 49 ⁋
803 643 173 49 Secunda
913 643 63 49 re

199 691 126 54 gula.
283 691 126 54 Inter
367 691 126 54 fines
451 691 140 54 medios
549 691 112 54 ille
620 691 98 54 est
676 691 224 54 principalior
858 691 98 54 qui
900 691 70 54 est

195 734 130 48 alio
276 734 244 48 perfectior:
471 734 81 48 &
504 734 244 48 immediatius
699 734 98 48 in
748 734 146 48 finem
830 734 146 48 vltimum

186 779 147 49 tendit
289 779 117 49 quam
362 779 147 49 alter.
465 779 88 49 vt
509 779 103 49 est
568 779 235 49 euangelizare
759 779 147 49 verbum
847 779 132 49 Christi

201 824 162 53 populo
314 824 275 53 communicando:
540 824 129 53 quod
621 824 113 53 est
686 824 162 53 multum
783 824 194 53 spirituale

190 865 77 51 &
220 865 214 51 excellens.
389 865 214 51 Manducatio
557 865 122 51 vero
633 865 107 51 est
695 865 138 51 circa
786 865 153 51 corpus
878 865 92 51 sine

197 911 109 56 quo
260 911 93 56 in
306 911 109 56 hac
369 911 171 56 mortali
493 911 125 56 vita
571 911 156 56 viuere
680 911 202 56 nequimus.
820 911 156 56 quantun-

189 956 136 53 cumque
285 956 109 53 enim
352 956 109 53 alte
420 956 95 53 per
475 956 109 53 aera
543 956 136 53 aquila
638 956 217 53 volitauerit:
815 956 149 53 oportet
910 956 54 53 in

189 1005 158 52 terram
300 1005 205 52 descendat
457 1005 110 52 pro
520 1005 189 52 corporis
662 1005 126 52 cibo
741 1005 189 52 habendo.
882 1005 79 52 ⁋
898 1005 79 52 Ter

182 1042 110 58 tia
245 1042 237 58 propositio.
435 1042 110 58 Non
498 1042 142 58 tamen
592 1042 237 58 peruertitur
782 1042 126 58 ordo
845 1042 126 58 finium

196 1090 165 56 quando
312 1090 132 56 vnus
395 1090 149 56 finis
494 1090 199 56 mediatus
643 1090 83 56 &
676 1090 265 56 principalior
875 1090 99 56 ordi

186 1134 137 53 natur
277 1134 92 53 in
323 1134 137 53 alium
415 1134 137 53 finem
506 1134 137 53 minus
598 1134 244 53 principalem,
796 1134 92 53 ad
827 1134 137 53 aliquem

190 1178 153 51 bonum
292 1178 187 51 sensum.
428 1178 170 51 vtpote
547 1178 170 51 quando
665 1178 153 51 finis
750 1178 221 51 principalis

189 1219 117 61 sine
262 1219 117 61 fine
336 1219 132 61 minus
423 1219 205 61 principali
584 1219 146 61 haberi
686 1219 102 61 non
745 1219 161 61 potest.
862 1219 88 61 vt
891 1219 73 61 pro

185 1268 188 47 uisionem
326 1268 172 47 aliunde
451 1268 109 47 non
514 1268 172 47 habens,
639 1268 125 47 quia
717 1268 109 47 non
779 1268 156 47 potest
873 1268 94 47 euan

196 1317 177 51 gelizare
329 1317 118 51 sine
402 1317 265 51 sustentatione:
623 1317 162 51 idcirco
741 1317 147 51 potest
829 1317 133 51 euange-

185 1355 157 55 lizare
295 1355 94 55 vt
342 1355 283 55 sustentationem
578 1355 173 55 habeat.
704 1355 79 55 &
735 1355 157 55 iterum
830 1355 141 55 prudens

196 1408 137 46 capit
287 1408 137 46 illam
379 1408 275 46 sustentationem
608 1408 92 46 vt
654 1408 244 46 euangelizet:
837 1408 137 46 euange-

186 1442 138 54 lizat
278 1442 92 54 vt
324 1442 107 54 deo
385 1442 184 54 placeat:
523 1442 77 54 &
554 1442 153 54 habeat
661 1442 261 54 beatitudinem:
876 1442 77 54 &
891 1442 77 54 sic

191 1487 111 50 est
255 1487 159 50 finium
366 1487 270 50 reciprocatio.
588 1487 95 50 Et
635 1487 111 50 sic
698 1487 111 50 est
762 1487 159 50 quodam
873 1487 127 50 modo

196 1534 119 45 vnus
271 1534 134 45 finis
360 1534 179 45 tamtenm:
494 1534 179 45 secundum
628 1534 238 45 philosophum.
822 1534 119 45 iii.
882 1534 89 45 Topi

186 1576 112 48 corum
260 1576 161 48 dicentem.
384 1576 87 48 Vbi
434 1576 99 48 vnum
496 1576 137 48 propter
595 1576 149 48 alterum:
707 1576 87 48 ibi
757 1576 99 48 vnum
819 1576 149 48 tamtenm.
918 1576 50 48 Et

181 1622 117 50 sic
248 1622 167 50 duplex
365 1622 201 50 praemium
516 1622 184 50 accipit
650 1622 285 50 euangelizans:
868 1622 100 50 vnum

183 1669 194 49 temporale
333 1669 105 49 quo
392 1669 90 49 ad
437 1669 269 49 sustentationem
662 1669 75 49 a
692 1669 165 49 populo.
811 1669 75 49 &
826 1669 135 49 aliquod

187 1709 172 50 aeternum
316 1709 115 50 quod
387 1709 172 50 expectat
516 1709 72 50 a
545 1709 115 50 deo.
617 1709 115 50 Vnde
689 1709 129 50 super
775 1709 129 50 illud
846 1709 115 50 primae

187 1754 91 56 ad
232 1754 167 56 Timoth.
354 1754 91 56 v.
399 1754 106 56 Qui
460 1754 121 56 bene
536 1754 182 56 praesunt
673 1754 213 56 presbyteri
840 1754 106 56 &c.
885 1754 76 56 di-

183 1799 109 48 cit
246 1799 156 48 glossa
355 1799 219 48 Augustini.
527 1799 203 48 Accipiens
683 1799 281 48 sustentationem
902 1799 62 48 ne

189 1844 217 47 cessitatis
359 1844 77 47 a
390 1844 170 47 populo:
513 1844 186 47 mercedem
653 1844 278 47 dispensationis
885 1844 77 47 a
900 1844 62 47 do

189 1892 135 50 mino.
279 1892 90 50 Ex
324 1892 120 50 isto
399 1892 135 50 patet
489 1892 120 50 quod
564 1892 120 50 quis
638 1892 150 50 potest
743 1892 210 50 religionem
893 1892 75 50 as-

195 1935 156 44 sumere
305 1935 94 44 vt
351 1935 281 44 sustentationem
585 1935 94 44 in
632 1935 94 44 ea
679 1935 171 44 habeat.
788 1935 171 44 Similiter

185 1977 128 57 velle
270 1977 113 57 esse
341 1977 184 57 sacerdos,
483 1977 85 57 vt
525 1977 199 57 beneficium
681 1977 184 57 obtineat:
823 1977 99 57 non
866 1977 99 57 tamen

200 2024 187 49 vltimate.
343 2024 72 49 ⁋
372 2024 101 49 Sed
430 2024 144 49 contra
530 2024 129 49 dicta
617 2024 129 49 forte
703 2024 187 49 obiicies.
847 2024 86 49 ex
876 2024 86 49 ista

185 2070 227 48 sextuplici
363 2070 259 48 distinctione
573 2070 97 48 ad
622 2070 227 48 solutionem
784 2070 178 48 argumenti

195 2112 190 57 praemissa
342 2112 132 57 datur
429 2112 190 57 palliatio
576 2112 190 57 simoniae.
722 2112 102 57 nam
780 2112 161 57 vendens
883 2112 73 57 be-

180 2159 187 46 neficium
321 2159 141 46 dicet
415 2159 94 46 se
461 2159 156 46 capere
571 2159 141 46 mille
664 2159 141 46 scuta
758 2159 94 46 in
789 2159 172 46 donatione

187 2201 181 53 beneficii
326 2201 97 53 non
382 2201 97 53 pro
437 2201 153 53 praecio
549 2201 195 53 adaequato:
702 2201 97 53 nec
757 2201 97 53 pro
813 2201 111 53 fine
869 2201 83 53 vlti

184 2245 104 51 mo:
244 2245 104 51 sed
303 2245 104 51 pro
363 2245 253 51 sustentatione
572 2245 75 51 /
601 2245 149 51 labore
706 2245 75 51 /
735 2245 104 51 vel
780 2245 179 51 huiusmodi.

182 2288 260 58 Respondetur.
393 2288 163 58 capere
507 2288 146 58 mille
604 2288 146 58 scuta
702 2288 98 58 in
751 2288 211 58 donatione
897 2288 65 58 be

190 2336 168 53 neficii
312 2336 107 53 non
373 2336 107 53 est
434 2336 152 53 medium
540 2336 91 53 ad
586 2336 107 53 hoc
647 2336 259 53 subordinatum.
861 2336 76 53 &
876 2336 76 53 est

176 2379 157 50 simile
286 2379 94 50 ac
333 2379 94 50 si
380 2379 188 50 diceres:
521 2379 125 50 volo
599 2379 188 50 occidere
740 2379 141 50 istum
818 2379 141 50 hominem

180 2424 162 53 propter
298 2424 162 53 gloriam
416 2424 118 53 dei.
490 2424 162 53 Aliquid
608 2424 118 53 enim
682 2424 103 53 est
741 2424 207 53 ordinabile
903 2424 89 53 in

187 2468 133 56 finem
276 2468 177 56 vltimum:
409 2468 163 56 aliquid
527 2468 118 56 vero
601 2468 118 56 non.
675 2468 89 56 Et
719 2468 133 56 licet
793 2468 163 56 versipel-

181 2513 101 44 lis
238 2513 173 44 collator
368 2513 144 44 dicat:
469 2513 130 44 capio
555 2513 130 44 mille
642 2513 130 44 scuta
728 2513 159 44 gratis:
844 2513 72 44 &
873 2513 86 44 do
901 2513 58 44 ei

187 2557 211 48 beneficium
353 2557 166 48 gratis:
473 2557 121 48 deus
549 2557 196 48 scrutatur
700 2557 136 48 corda
790 2557 75 48 &
820 2557 151 48 renes:
911 2557 45 48 &

176 2602 239 53 praesumptio
367 2602 207 53 capientem
526 2602 80 53 &
558 2602 159 53 dantem
670 2602 191 53 simoniae
813 2602 127 53 labe
876 2602 80 53 non

184 2643 115 52 tat.
256 2643 86 52 Et
299 2643 115 52 dato
371 2643 115 52 quod
443 2643 101 52 non
500 2643 130 52 esset
587 2643 158 52 simonia
702 2643 130 52 (quod
789 2643 101 52 est
832 2643 115 52 falsum

176 2689 188 55 peccaret
318 2689 141 55 alios
412 2689 282 55 scandalizando:
647 2689 78 55 &
679 2689 204 55 praeterea
835 2689 126 55 suam
898 2689 63 55 fa

177 2739 108 58 mam
238 2739 261 58 imputabiliter
453 2739 200 58 negligit.
607 2739 92 58 Et
653 2739 200 58 propterea
792 2739 169 58 praecipit

1037 335 219 49 Apostolus
1205 335 168 49 primae
1323 335 101 49 ad
1374 335 202 49 Thessal.
1525 335 168 49 vltimo
1643 335 185 49 dicens.
1761 335 67 49 Ab

1040 381 126 52 omni
1119 381 157 52 specie
1229 381 126 52 mala
1307 381 204 52 abstinete
1464 381 126 52 vos.
1543 381 110 52 nam
1605 381 204 52 contingit
1747 381 78 52 ali

1047 424 120 46 quid
1122 424 225 46 intrinsecus
1302 424 105 46 non
1362 424 120 46 esse
1437 424 150 46 malum:
1541 424 105 46 sed
1601 424 165 46 propter
1706 424 120 46 pelles

1046 470 111 50 seu
1110 470 253 50 inuolutionem
1315 470 190 50 malitiae
1458 470 127 50 esse
1537 470 158 50 malum.
1648 470 79 50 ⁋
1680 470 111 50 Sed
1727 470 95 50 con-

1044 518 104 52 tra
1103 518 104 52 hoc
1163 518 193 52 arguitur.
1311 518 148 52 quando
1414 518 133 52 vacat
1503 518 148 52 aliqua
1607 518 193 52 praebenda
1740 518 89 52 pin-

1040 563 128 47 guis
1120 563 239 47 conferenda:
1311 563 160 47 potest
1423 563 207 47 episcopus
1583 563 176 47 seruare
1710 563 96 47 ad
1742 563 80 47 tem

1035 607 106 52 pus
1095 607 106 52 pro
1156 607 152 52 aliqua
1262 607 136 52 patia
1353 607 136 52 causa
1444 607 167 52 aliquam
1565 607 197 52 portionem
1702 607 121 52 illius

1052 640 203 53 raebendae
1209 640 94 53 ad
1256 640 125 53 duos
1334 640 109 53 vel
1396 640 125 53 tres
1474 640 141 53 annos
1568 640 188 53 secundum
1693 640 141 53 exigen-

1051 686 118 55 tiam
1125 686 235 55 occurrentem.
1316 686 162 55 ponamus
1434 686 118 55 quod
1507 686 162 55 fructus
1625 686 118 55 isti
1684 686 147 55 recipien

1048 732 93 52 di
1094 732 93 52 ad
1140 732 139 52 mille
1233 732 170 52 francos
1356 732 93 52 se
1403 732 216 52 extendant.
1573 732 108 52 hoc
1634 732 201 52 supposito
1773 732 62 52 ar

1038 782 150 52 guitur
1143 782 120 52 sic:
1218 782 195 52 episcopus
1368 782 150 52 potest
1474 782 210 52 beneficium
1639 782 180 52 habituro
1759 782 60 52 di

1044 826 135 49 cere:
1134 826 105 49 des
1194 826 135 49 mille
1284 826 165 49 francos
1404 826 90 49 in
1448 826 165 49 promptu
1568 826 75 49 &
1598 826 210 49 beneficium
1748 826 75 49 li-

1031 866 128 43 bere
1111 866 128 43 tibi
1190 866 143 43 dabo:
1286 866 112 43 cum
1350 866 175 43 omnibus
1477 866 207 43 fructibus
1637 866 143 43 eius:
1732 866 80 43 &
1748 866 80 43 mil

1042 907 91 54 le
1087 907 168 54 francos
1209 907 122 54 tuos
1286 907 198 54 applicabo
1438 907 244 54 instructioni
1636 907 168 54 templi,
1743 907 76 54 vel

1032 951 207 56 hospitalis
1195 951 237 56 reparationi:
1388 951 89 56 si
1432 951 148 56 potest
1536 951 207 56 successiue
1699 951 104 56 hos
1743 951 74 56 fru

1031 999 113 54 ctus
1102 999 199 54 colligere:
1258 999 128 54 quare
1343 999 99 54 non
1400 999 142 54 potest
1499 999 99 54 eos
1556 999 156 54 capere?
1669 999 184 54 Responde,

1029 1047 112 47 tur
1093 1047 145 47 illam
1190 1047 273 47 suppositionem
1414 1047 241 47 concedendo,
1607 1047 80 47 &
1623 1047 193 47 potissimum

1038 1087 130 54 post
1119 1087 292 54 consultationem
1362 1087 178 54 habitam
1492 1087 113 54 cum
1556 1087 259 54 sapientibus:
1751 1087 81 54 iam

1035 1132 118 52 enim
1109 1132 103 52 non
1168 1132 118 52 erit
1241 1132 132 52 vmbra
1329 1132 191 52 simoniae.
1476 1132 103 52 sed
1535 1132 103 52 non
1594 1132 132 52 licet
1682 1132 132 52 illas
1755 1132 59 52 pe

1031 1176 164 57 cunias
1145 1176 98 57 in
1194 1176 180 57 promptu
1325 1176 180 57 capere:
1456 1176 115 57 cum
1521 1176 213 57 nesciatur
1685 1176 98 57 an
1718 1176 98 57 cofe

1030 1225 123 56 rens
1107 1225 185 56 morietur
1245 1225 123 56 ante
1322 1225 169 56 fructus
1445 1225 200 56 receptos:
1599 1225 108 56 tum
1660 1225 138 56 etiam
1737 1225 77 56 pro

1027 1261 131 54 pter
1108 1261 180 54 speciem
1223 1261 114 54 mali.

1029 1320 104 62 ⁋
1071 1320 208 62 Tertio
1216 1320 271 62 arguitur.
1425 1320 187 62 licet
1549 1320 229 62 vendere
1695 1320 125 62 inus

1028 1374 240 56 patronatus:
1220 1374 80 56 &
1252 1374 144 56 tamen
1348 1374 112 56 ius
1412 1374 224 56 patronatus
1587 1374 112 56 est
1651 1374 128 56 quid
1715 1374 96 56 spi-

1029 1419 162 58 rituali
1147 1419 162 58 annexum
1265 1419 250 58 antecedenteri
1471 1419 103 58 cum
1530 1419 192 58 ordinetur
1677 1419 88 58 ad
1707 1419 103 58 prae-

1028 1461 178 49 sentandum
1165 1461 165 49 clericum
1289 1461 82 49 ad
1330 1461 192 49 beneficium
1481 1461 261 49 ecclesiasticum.
1687 1461 123 49 igitur.

1028 1504 196 69 probatur
1175 1504 163 69 maior.
1289 1504 180 69 vendens
1419 1504 196 69 dominium
1566 1504 98 69 in
1615 1504 114 69 quo
1680 1504 114 69 est
1729 1504 82 69 ius

1030 1549 217 64 patronatus
1200 1549 78 64 /
1231 1549 93 64 in
1278 1549 186 64 emptorem
1417 1549 109 64 ius
1479 1549 217 64 patronatus
1634 1549 186 64 transfert,

1030 1595 115 49 nisi
1101 1595 187 49 specialis
1245 1595 144 49 fuerit
1346 1595 144 49 mentio
1446 1595 86 49 de
1489 1595 201 49 retentione
1648 1595 129 49 eius.
1734 1595 86 49 de
1763 1595 57 49 iu

1030 1641 88 61 re
1074 1641 146 61 patro.
1177 1641 102 61 ca.
1235 1641 88 61 Ex
1279 1641 175 61 literis.
1410 1641 73 61 ⁋
1440 1641 219 61 Respondetur
1615 1641 161 61 negando
1717 1641 88 61 quod

1028 1683 221 53 vendatius
1198 1683 255 53 patronatus:
1402 1683 119 53 sed
1471 1683 153 53 ipsum
1573 1683 221 53 transfert
1726 1683 85 53 cum

1027 1728 212 53 colligantia
1196 1728 155 53 dominii
1309 1728 99 53 cui
1366 1728 212 53 annectitur.
1536 1728 85 53 Et
1578 1728 85 53 si
1620 1728 170 53 dominium
1733 1728 71 53 mil

1018 1775 92 51 le
1064 1775 153 51 libras
1171 1775 245 51 sterlingorum
1370 1775 153 51 valeat
1477 1775 123 51 sine
1554 1775 123 51 iure
1615 1775 199 51 patronatus,

1031 1815 200 67 vendendo
1181 1815 200 67 dominium
1331 1815 183 67 ratione
1464 1815 233 67 patronatus
1647 1815 117 67 non
1697 1815 117 67 licet

1019 1858 129 64 plus
1099 1858 209 64 accipere.
1260 1858 113 64 Sed
1325 1858 161 64 contra
1438 1858 113 64 hoc
1502 1858 209 64 arguitur.
1663 1858 129 64 Omne
1727 1858 81 64 ius

1024 1903 117 60 quod
1097 1903 175 60 venditor
1229 1903 131 60 habet
1316 1903 88 60 in
1360 1903 175 60 emptorem
1492 1903 190 60 transfert
1638 1903 146 60 titulo
1725 1903 88 60 enim

1024 1949 158 58 ptionis
1138 1949 72 58 &
1167 1949 230 58 venditionis.
1354 1949 100 58 Sed
1411 1949 115 58 quia
1483 1949 115 58 hanc
1555 1949 244 58 propositionem
1741 1949 72 58 ne-

1022 2001 118 56 gabis
1101 2001 66 56 &
1127 2001 118 56 bene:
1206 2001 184 56 quaeritur,
1351 2001 92 56 quo
1403 2001 132 56 titulo
1495 2001 79 56 in
1535 2001 118 56 alium
1614 2001 171 56 transfert
1732 2001 66 56 ius

1026 2035 226 68 patronatus?
1207 2035 226 68 Respondetur
1387 2035 151 68 titulo
1493 2035 256 68 colligantiae.
1704 2035 90 68 de
1734 2035 75 68 per

1017 2082 179 65 accidens
1152 2082 134 65 tamen
1241 2082 105 65 ius
1301 2082 209 65 patronatus
1465 2082 149 65 potest
1570 2082 75 65 a
1600 2082 164 65 dominio
1704 2082 105 65 sepa-

1025 2128 124 61 tari:
1108 2128 97 61 sed
1163 2128 97 61 non
1218 2128 110 61 nisi
1287 2128 83 61 in
1329 2128 110 61 casu
1398 2128 179 61 speciali.
1536 2128 124 61 sicut
1619 2128 152 61 vendens
1729 2128 97 61 ho-

1026 2177 156 55 minem,
1136 2177 141 55 bonum
1230 2177 172 55 angelum
1355 2177 78 55 &
1386 2177 141 55 malum
1480 2177 78 55 a
1511 2177 110 55 sua
1574 2177 125 55 domo
1637 2177 156 55 alienat.

1022 2215 97 55 sed
1078 2215 97 55 non
1133 2215 139 55 titulo
1230 2215 208 55 venditionis
1397 2215 111 55 nisi
1466 2215 83 55 de
1508 2215 97 55 per
1563 2215 180 55 accidens.
1688 2215 111 55 fateor

1013 2272 119 50 tamen
1092 2272 105 50 quod
1158 2272 158 50 venditio
1276 2272 92 50 est
1329 2272 119 50 causa
1408 2272 105 50 sine
1474 2272 92 50 qua
1527 2272 92 50 non
1579 2272 198 50 accessionis
1724 2272 66 50 iu-

1012 2317 113 61 ris
1060 2317 211 61 patronatus.

1019 2347 111 81 ⁋
1063 2347 222 81 Quarto
1218 2347 288 81 arguitur.
1440 2347 177 81 Quis
1551 2347 222 81 potest
1684 2347 111 81 eme

1018 2423 92 49 re
1064 2423 137 49 omnes
1155 2423 168 49 fructus
1277 2423 137 49 huius
1369 2423 198 49 beneficii
1521 2423 92 49 vt
1567 2423 183 49 decimas:
1704 2423 76 49 &
1720 2423 76 49 ta-

1015 2461 91 52 men
1067 2461 142 52 decimae
1170 2461 104 52 sunt
1235 2461 142 52 annexae
1339 2461 194 52 spirituali.
1494 2461 142 52 igitur.
1598 2461 104 52 quod
1663 2461 129 52 liceat
1740 2461 52 52 ma

1010 2509 165 51 nifestum
1134 2509 110 51 est:
1203 2509 96 51 cum
1257 2509 151 51 decimae
1367 2509 110 51 sunt
1436 2509 179 51 triticum,
1573 2509 124 51 agni,
1656 2509 151 51 caprae,
1752 2509 41 51 &

1013 2557 218 47 huiusmodi.
1185 2557 140 47 Forte
1278 2557 156 47 dicis.
1388 2557 140 47 licet
1481 2557 140 47 istas
1575 2557 172 47 decimas
1684 2557 109 47 emere

1008 2598 78 58 &
1040 2598 109 58 eas
1102 2598 187 58 vendere:
1242 2598 109 58 sed
1304 2598 109 58 non
1367 2598 140 58 licet
1460 2598 140 58 emere
1553 2598 109 58 ius
1600 2598 187 58 colligendi

1008 2639 185 54 decimas.
1147 2639 108 54 hoc
1208 2639 124 54 enim
1285 2639 93 54 ad
1332 2639 278 54 ecclesiasticum
1563 2639 170 54 spectat
1687 2639 108 54 qui
1733 2639 62 54 ha

1019 2687 110 51 bet
1082 2687 172 51 titulum
1207 2687 94 51 in
1254 2687 110 51 quo
1317 2687 188 51 fundatur
1457 2687 110 51 ius
1520 2687 235 51 colligendi.
1692 2687 94 51 Con-

1010 2730 116 67 tra
1077 2730 116 67 hoc
1143 2730 116 67 sic
1210 2730 249 67 argumentor.
1410 2730 116 67 lus
1476 2730 233 67 colligendi
1642 2730 150 67 decimat
