2324 3314
217 385 109 55 nec
280 385 109 55 est
342 385 203 55 discrimen
498 385 109 55 quo
561 385 187 55 seruitio
701 385 219 55 inseruiat:
857 385 141 55 dummodo

221 430 112 56 sit
285 430 192 56 idoneus,
429 430 80 56 &
461 430 176 56 honeste
589 430 208 56 honestate
749 430 160 56 morali
845 430 160 56 seruiat.

223 471 86 51 ⁋
257 471 155 51 Sexta
360 471 241 51 conclusio.
550 471 138 51 Dans
636 471 241 51 beneficium
825 471 172 51 famulo
928 471 69 51 in

222 522 230 50 subleuamen
403 522 82 50 &
435 522 296 50 compensationem
682 522 197 50 mercedis
814 522 181 50 reddendae

224 567 163 43 eidem,
338 567 196 43 simoniam
485 567 228 43 committit.
664 567 212 43 Probatur:
827 567 131 43 quia
893 567 114 43 capit

220 610 90 54 in
265 610 165 54 virtute
385 610 180 54 pecuniam
520 610 105 54 pro
580 610 210 54 spirituali
746 610 165 54 annexo:
866 610 120 54 ergo
926 610 75 54 con

220 654 152 50 mittit
326 654 198 50 simoniam.
478 654 106 50 nam
539 654 122 50 idem
615 654 106 50 est
676 654 198 50 remittere
828 654 152 50 centum
919 654 76 50 scu

214 701 83 48 ta
256 701 180 48 collatori
394 701 69 48 /
422 701 111 48 quae
491 701 125 48 debet
574 701 139 48 famulo
671 701 166 48 reddere:
796 701 69 48 &
824 701 111 48 illa
879 701 125 48 recepta

219 743 197 43 collatori
370 743 136 43 dare.
461 743 197 43 Propterea
613 743 152 43 dictum
719 743 212 43 Hostiensis
886 743 106 43 est
931 743 76 43 im-

229 785 149 49 ualidum
338 785 95 49 quo
392 785 136 49 dicit.
488 785 82 49 Si
528 785 177 49 episcopus
664 785 163 49 recipiat
787 785 163 49 clericum
909 785 82 49 in
936 785 68 49 ser

213 833 147 54 uitium
316 833 74 54 /
346 833 206 54 promittens
508 833 88 54 ei
552 833 177 54 salarium
685 833 177 54 annuatim
818 833 133 54 donec
906 833 88 54 ei
936 833 44 54 p

223 874 155 51 uideat
331 874 93 51 de
377 874 201 51 beneficio
532 874 232 51 competenti:
718 874 170 51 collato
827 874 170 51 beneficio

220 923 214 48 remittitur
388 923 184 48 salarium
526 923 77 48 /
556 923 77 48 &
587 923 107 48 non
648 923 107 48 est
709 923 184 48 simonia.
847 923 122 48 immo
908 923 77 48 est

214 966 114 54 quia
285 966 172 54 conuenit
414 966 129 54 inter
500 966 100 54 eos
557 966 114 54 quod
628 966 143 54 gratis
729 966 157 54 seruiat
843 966 72 54 /
857 966 129 54 benefi-

212 1016 109 51 cio
275 1016 172 51 adepto:
400 1016 140 51 quare
493 1016 234 51 virtualiter
680 1016 203 51 episcopus
836 1016 140 51 capit
914 1016 78 51 pe-

220 1056 150 46 cuniam
325 1056 120 46 quam
400 1056 165 46 deberet
520 1056 105 46 pro
580 1056 180 46 seruitio
715 1056 120 46 dare
790 1056 75 46 /
820 1056 165 46 ratione
925 1056 60 46 be

219 1103 179 52 neficii.
353 1103 75 52 &
383 1103 104 52 est
443 1103 119 52 vera
517 1103 179 52 simonia.
651 1103 134 52 Patet
741 1103 134 52 etiam
830 1103 104 52 per
875 1103 119 52 dictum

213 1142 173 53 commune
339 1142 95 53 de
387 1142 189 53 triplici
529 1142 173 53 munere,
655 1142 189 53 scilicet
797 1142 95 53 de
844 1142 158 53 munere
939 1142 47 53 a

211 1186 137 52 manu,
302 1186 168 52 lingua,
424 1186 76 52 &
455 1186 198 52 obsequio,
608 1186 92 52 ad
653 1186 183 52 simoniam
775 1186 214 52 incurrendam.

221 1229 72 64 ⁋
249 1229 159 64 Septima
365 1229 202 64 conclusio.
524 1229 101 64 Non
582 1229 144 64 refert
683 1229 87 64 in
726 1229 101 64 rei
784 1229 173 64 veritate
899 1229 87 64 quam

215 1276 124 55 parum
298 1276 166 55 collator
422 1276 152 55 capiat:
533 1276 110 55 quod
602 1276 97 55 est
657 1276 124 55 causa
740 1276 179 55 beneficii
864 1276 124 55 confere

207 1322 106 55 di:
267 1322 136 55 licet
358 1322 106 55 pro
419 1322 152 55 modico
525 1322 106 55 non
586 1322 227 55 praesumatur
768 1322 197 55 episcopus
904 1322 91 55 tor-

208 1363 134 45 tuose
297 1363 148 45 motus.
401 1363 193 45 Probatur.
550 1363 119 45 dare
624 1363 208 45 beneficium
787 1363 119 45 alio
847 1363 148 45 respectu

220 1404 111 60 quam
289 1404 208 60 idoneitatis
455 1404 69 60 &
483 1404 194 60 vtilitatis
635 1404 166 60 publicae
760 1404 97 60 est
815 1404 152 60 iniquum
926 1404 69 60 &
940 1404 55 60 ad

212 1457 217 54 acceptionem
385 1457 202 54 personarum
544 1457 173 54 spectat,
674 1457 87 54 ex
717 1457 231 54 distinctione
891 1457 101 54 prae-

213 1494 196 47 cedente:
360 1494 115 47 sed
425 1494 115 47 hoc
491 1494 115 47 est
556 1494 245 47 simoniacum.
753 1494 98 47 vt
802 1494 98 47 ex
834 1494 164 47 dicendis

208 1540 173 53 patebit.
338 1540 159 53 igitur.
453 1540 188 53 Praeterea
598 1540 145 53 paruum
699 1540 145 53 furtum
800 1540 87 53 ex
843 1540 130 53 parte
916 1540 72 53 obi

206 1586 154 45 recti
309 1586 154 45 furem
412 1586 206 45 mouentis
566 1586 103 45 ad
618 1586 206 45 furandum
772 1586 120 45 est
841 1586 172 45 furtum
944 1586 51 45 &

200 1628 188 51 peccatum
341 1628 78 51 /
372 1628 141 51 sicut
466 1628 156 51 furtum
576 1628 172 51 magnum:
701 1628 141 51 licet
794 1628 109 51 non
857 1628 109 51 ita
904 1628 78 51 gra

202 1675 104 51 ue:
262 1675 119 51 ergo
336 1675 149 51 paruum
441 1675 164 51 aliquid
560 1675 164 51 acceptu
679 1675 209 51 collatorem
843 1675 149 51 mouens
932 1675 60 51 ad

208 1716 211 51 tortuose
367 1716 264 51 conferendum
578 1716 123 51 est
648 1716 211 51 peccatum
806 1716 105 51 vt
841 1716 141 51 magnum

210 1763 153 53 ltem
305 1763 267 53 munusculum
516 1763 210 53 exiguum
668 1763 191 53 tantum
802 1763 172 53 mouet
898 1763 96 53 aua

199 1807 125 48 rum
270 1807 89 48 &
306 1807 267 48 imprudentem
520 1807 107 48 ad
573 1807 214 48 tortuose
734 1807 196 48 agendum
858 1807 125 48 quani

210 1850 146 46 tum
294 1850 209 46 magnum
440 1850 188 46 munus
565 1850 271 46 liberalem
773 1850 104 46 &
794 1850 188 46 pruden-

204 1892 150 53 tem.
298 1892 150 53 ergo
392 1892 113 53 ad
448 1892 300 53 magnitudinem
692 1892 206 53 obiecti
842 1892 131 53 non
898 1892 94 53 est

201 1937 269 48 respiciendum:
423 1937 111 48 sed
486 1937 95 48 ad
534 1937 158 48 animum
645 1937 158 48 illius
755 1937 111 48 qui
803 1937 174 48 flectitui

199 1982 219 50 sinistre.
368 1982 118 50 nam
435 1982 219 50 contingit
603 1982 135 50 vnum
688 1982 168 50 tantum
806 1982 168 50 moueri
907 1982 67 50 ob

198 2028 241 46 deauratam
384 2028 222 46 imaginem
551 2028 130 46 vix
625 2028 130 46 duo
699 2028 167 46 scuta
792 2028 185 46 valentem

204 2070 214 57 quantum
359 2070 175 57 alium
475 2070 214 57 propter
631 2070 214 57 optimum
766 2070 214 57 gradarium

189 2114 155 73 reginae.

198 2192 105 72 ⁋
240 2192 211 72 Contra
387 2192 190 72 dicta
514 2192 126 72 de
577 2192 253 72 triplici
766 2192 211 72 munere
893 2192 84 72 ar

211 2252 122 65 guitur
296 2252 97 65 sic:
357 2252 73 65 si
393 2252 195 65 conclusiones
551 2252 207 65 essentiverae:
722 2252 182 65 sequaeretur
868 2252 97 65 quod
916 2252 61 65 coi

201 2301 145 51 lator
298 2301 225 51 beneficium
475 2301 209 51 conferens
636 2301 258 51 consanguineo
829 2301 145 51 ratione

202 2342 304 52 consanguinitatis
460 2342 137 52 esset
551 2342 213 52 simoniacus
718 2342 76 52 /
748 2342 91 52 vt
794 2342 167 52 dicebat
900 2342 76 52 can

196 2389 108 50 tor
257 2389 248 50 Parisiensis,
459 2389 124 50 quod
536 2389 263 50 Altisiodorus:
753 2389 155 50 Beatus
846 2389 124 50 Thomas

195 2438 77 56 &
225 2438 231 56 posteriores
410 2438 138 56 omnes
502 2438 215 56 reprobant.
671 2438 92 56 Et
718 2438 123 56 quod
794 2438 185 56 sequatur
917 2438 62 56 pa

198 2479 125 49 tet:
277 2479 125 49 quia
355 2479 109 49 dat
417 2479 109 49 pro
480 2479 156 49 munere
589 2479 78 49 a
620 2479 203 49 sanguine.
777 2479 109 49 Sed
839 2479 141 49 dices
917 2479 63 49 si

198 2520 105 46 cut
258 2520 150 46 dicunt
363 2520 120 46 isti
437 2520 194 46 doctores.
587 2520 194 46 episcopus
737 2520 105 46 hic
796 2520 135 46 nihil
871 2520 105 46 acci-

198 2568 120 58 pit:
273 2568 75 58 &
303 2568 105 58 sic
363 2568 135 58 licet
453 2568 150 58 peccet
558 2568 225 58 aedificando
739 2568 120 58 Sion
814 2568 90 58 in
844 2568 135 58 sangui-

202 2611 149 60 nibus:
306 2611 104 60 non
366 2611 134 60 tamen
455 2611 194 60 committit
604 2611 194 60 simoniam.
753 2611 89 60 At
798 2611 134 60 probo
873 2611 89 60 quod

202 2659 119 55 isti
277 2659 194 55 repugnant
426 2659 119 55 sibi
500 2659 104 55 sic
560 2659 179 55 dicendo.
694 2659 119 55 quia
768 2659 104 55 nec
828 2659 134 55 capit
902 2659 75 55 pe-

197 2707 168 52 cuniam
315 2707 201 52 collator
465 2707 218 52 conferens
633 2707 235 52 beneficium
800 2707 168 52 inidonec

194 2749 104 56 vel
254 2749 149 56 idoneo
358 2749 74 56 /
387 2749 253 56 principaliter
595 2749 163 56 propter
714 2749 163 56 preces.
833 2749 119 56 ergo
893 2749 74 56 est

203 2790 233 66 repugnantia
390 2790 124 66 vnum
467 2790 233 66 concedendo,
654 2790 78 66 &
685 2790 124 66 illa
763 2790 171 66 ratione
871 2790 109 66 aliud

1056 379 197 80 negando.
1204 379 181 80 Dominus
1335 379 148 80 autem
1434 379 247 80 Innocentius
1631 379 99 80 in
1681 379 132 80 cap.
1746 379 99 80 Tuam

1065 437 76 63 de
1103 437 114 63 aeta.
1179 437 63 63 &
1204 437 126 63 quali.
1292 437 63 63 &
1318 437 88 63 or.
1368 437 114 63 prae.
1444 437 114 63 dicit
1520 437 101 63 quod
1583 437 126 63 preces
1671 437 139 63 ratione
1759 437 76 63 prae

1059 485 126 57 cum
1131 485 126 57 non
1203 485 198 57 causant
1347 485 234 57 simoniam:
1527 485 144 57 bene
1617 485 162 57 autem
1725 485 108 57 si
1761 485 72 57 ad

1058 532 204 50 pecuniam
1211 532 255 50 referantur.
1415 532 85 50 &
1449 532 136 50 hunc
1535 532 204 50 inieodem
1688 532 136 50 cap.
1756 532 85 50 Car

1063 579 165 55 dinalis
1183 579 224 55 insequitur.
1362 579 150 55 Contra
1467 579 105 55 hoc
1527 579 150 55 insto.
1632 579 120 55 isti
1691 579 150 55 doctores

1054 613 76 67 &
1084 613 212 67 communiter
1251 613 197 67 loquentes
1402 613 106 67 sic
1463 613 152 67 dicere
1569 613 197 67 nequeunt:
1721 613 121 67 quia
1781 613 61 67 eo

1054 669 117 51 modo
1128 669 117 51 ista
1201 669 206 51 distinctio
1363 669 132 51 esset
1451 669 147 51 nulla.
1553 669 117 51 ltem
1627 669 176 51 arguitur
1744 669 103 51 ratio

1052 705 111 61 ne.
1115 705 158 61 preces
1226 705 190 61 alicuius
1368 705 158 61 tantum
1479 705 158 61 mouent
1589 705 174 61 aliquem
1716 705 95 61 ad
1747 705 95 61 ini-

1056 747 131 64 que
1131 747 281 64 conferendum
1356 747 263 64 beneficium
1563 747 206 64 quantum
1694 747 150 64 ducen-

1060 800 86 52 ti
1103 800 100 52 vel
1160 800 171 52 trecenti
1288 800 157 52 ducati:
1402 800 71 52 &
1430 800 100 52 eis
1488 800 185 52 aequalent
1630 800 86 52 in
1659 800 185 52 appraehensi

1058 845 116 53 one
1125 845 265 53 conferentis.
1340 845 116 53 sed
1406 845 132 53 vnum
1489 845 199 53 sufficit
1637 845 99 53 ad
1671 845 165 53 simoniam

1065 882 127 56 ergo
1144 882 79 56 &
1176 882 206 56 reliquum.
1335 882 206 56 Propterea
1493 882 143 56 recte
1588 882 143 56 dicit
1683 882 159 56 Seneca
1779 882 63 56 de

1052 924 213 64 beneficiis
1219 924 137 64 libro
1311 924 183 64 secundo.
1448 924 107 64 Non
1509 924 137 64 tulit
1600 924 122 64 ille
1676 924 152 64 gratis
1768 924 76 64 qui

1050 976 104 54 cum
1110 976 179 54 rogasset
1244 976 179 54 accepit.
1378 976 164 54 Insuper
1498 976 134 54 nulla
1587 976 104 54 res
1647 976 164 54 charius
1751 976 90 54 con-

1055 1016 111 56 stat
1124 1016 166 56 quamquam
1249 1016 166 56 precibus
1373 1016 124 56 empta
1456 1016 111 56 est.
1525 1016 83 56 vt
1567 1016 124 56 patet
1650 1016 83 56 ex
1691 1016 111 56 cap.
1746 1016 97 56 Sunt.

1055 1060 184 53 nonnulli.
1197 1060 85 53 i.
1239 1060 113 53 qui.
1310 1060 85 53 i.
1352 1060 113 53 Sunt
1423 1060 170 53 nonnulli
1551 1060 156 53 (inquit
1664 1060 142 53 Beatus
1749 1060 85 53 Gre-

1052 1112 185 46 gorius)
1187 1112 135 46 quam
1271 1112 168 46 quidem
1389 1112 202 46 nummorum
1541 1112 185 46 praemia
1676 1112 101 46 ex
1709 1112 135 46 ordina

1057 1156 146 55 tione
1154 1156 114 55 non
1219 1156 227 55 accipiunt:
1398 1156 81 55 &
1430 1156 146 55 tamen
1528 1156 162 55 sacros
1641 1156 179 55 ordines
1755 1156 81 55 pro

1046 1191 158 61 humana
1157 1191 158 61 gratia
1267 1191 110 61 vel
1330 1191 142 61 laude
1424 1191 236 61 largiuntur:
1613 1191 142 61 atque
1708 1191 95 61 de
1739 1191 95 61 ipsa

1046 1235 218 51 largitate
1214 1235 168 51 laudis
1332 1235 218 51 solummodo
1499 1235 285 51 retributionem
1734 1235 134 51 quae

1057 1281 138 65 runt.
1148 1281 92 65 Hi
1194 1281 168 65 nimirum
1316 1281 122 65 quod
1393 1281 199 65 accipiunt
1546 1281 168 65 gratis,
1668 1281 153 65 gratis
1760 1281 76 65 non

1053 1332 221 41 retribuunt:
1230 1332 118 41 quia
1304 1332 88 41 de
1348 1332 162 41 impenso
1466 1332 162 41 officio
1584 1332 221 41 sanctitatis
1746 1332 88 41 nun-

1043 1375 126 56 mum
1115 1375 215 56 expetunt
1276 1375 215 56 fauoris.
1438 1375 143 56 Vnde
1527 1375 126 56 cum
1599 1375 161 56 virum
1689 1375 143 56 iustum

1056 1417 187 51 propheta
1196 1417 249 51 describeret,
1399 1417 124 51 ait.
1476 1417 156 51 Beatus
1585 1417 109 51 qui
1647 1417 171 51 excutit
1756 1417 78 51 ma-

1046 1454 117 62 nus
1113 1454 134 62 suas
1197 1454 101 62 ab
1247 1454 134 62 omni
1331 1454 184 62 munere,
1465 1454 117 62 non
1532 1454 151 62 dixit
1633 1454 151 62 solum
1733 1454 84 62 a
1750 1454 84 62 mu-

1048 1508 151 49 nere:
1149 1508 117 49 sed
1216 1508 100 49 ab
1266 1508 134 49 omni
1350 1508 184 49 munere.
1483 1508 134 49 quia
1567 1508 151 49 aliud
1668 1508 117 49 est
1718 1508 117 49 munus

1041 1555 97 43 ab
1089 1555 211 43 obsequio:
1252 1555 146 43 aliud
1349 1555 81 43 a
1381 1555 146 43 manu:
1478 1555 146 43 aliud
1576 1555 81 43 a
1608 1555 178 43 lingua.
1722 1555 113 43 Munus

1045 1590 101 58 ab
1096 1590 203 58 obsequio
1248 1590 118 58 est
1316 1590 203 58 seruitus
1468 1590 203 58 indebite
1620 1590 203 58 impensa.
1755 1590 85 58 Mu-

1056 1642 115 52 nus
1121 1642 82 52 a
1154 1642 148 52 manu,
1252 1642 180 52 pecunia
1383 1642 131 52 est.
1465 1642 148 52 Munus
1564 1642 82 52 a
1597 1642 164 52 lingua
1695 1642 131 52 fauor-

1054 1680 107 53 Sic
1115 1680 138 53 ille.
1207 1680 77 53 ⁋
1238 1680 138 53 Teneo
1329 1680 123 53 ergo
1406 1680 123 53 quod
1483 1680 138 53 munus
1575 1680 77 53 a
1605 1680 184 53 sanguine
1743 1680 77 53 /
1758 1680 77 53 hoc

1048 1728 109 57 est
1110 1728 186 57 carnalis
1249 1728 171 57 sanguis
1373 1728 140 57 virum
1466 1728 202 57 alliciens
1621 1728 93 57 ad
1668 1728 155 57 inique
1761 1728 78 57 con

1055 1770 205 61 ferendum
1208 1770 239 61 beneficium
1396 1770 170 61 causat
1515 1770 222 61 simoniam:
1686 1770 85 61 &
1720 1770 119 61 non
1771 1770 68 61 so

1052 1814 111 59 lum
1116 1814 191 59 sanguis:
1259 1814 111 59 sed
1323 1814 143 59 timor
1418 1814 191 59 incussus
1561 1814 80 59 a
1593 1814 191 59 tyranno:
1737 1814 80 59 &
1752 1814 80 59 cae

1052 1861 115 55 tera
1123 1861 86 55 id
1167 1861 144 55 genus:
1267 1861 201 55 quaecunque
1425 1861 172 55 fuerint,
1554 1861 101 55 nec
1612 1861 86 55 de
1655 1861 115 55 illa
1712 1861 115 55 distin

1045 1906 170 61 ctione
1164 1906 222 61 trimembri
1335 1906 205 61 curandum
1488 1906 136 61 est.
1573 1906 119 61 nam
1642 1906 153 61 plura
1727 1906 102 61 sunt

1059 1948 106 55 alia
1125 1948 145 55 membra.
1231 1948 119 55 Forte
1310 1948 132 55 dices,
1402 1948 132 55 quando
1495 1948 185 55 beneficium
1640 1948 159 55 cofertur
1746 1948 79 55 com-

1043 1998 193 56 sanguineo,
1195 1998 152 56 affini,
1305 1998 97 56 vel
1360 1998 152 56 alteri:
1471 1998 152 56 aliquis
1581 1998 165 56 loquitur
1705 1998 97 56 pro
1746 1998 83 56 con-

1046 2035 229 57 sanguineo,
1226 2035 115 57 vel
1291 2035 180 57 aliqua.
1422 2035 82 57 &
1455 2035 115 57 sic
1521 2035 115 57 per
1586 2035 147 57 munus
1685 2035 82 57 a
1701 2035 131 57 lingua

1056 2085 209 45 beneficium
1220 2085 149 45 tenet.
1324 2085 104 45 hoc
1384 2085 104 45 non
1444 2085 134 45 iuuat
1533 2085 224 45 aduersarios
1712 2085 89 45 de
1742 2085 89 45 san-

1042 2123 129 57 guine
1128 2123 187 57 loquentes
1272 2123 158 57 tanquam
1387 2123 86 57 ab
1430 2123 129 57 istis
1516 2123 144 57 tribus
1616 2123 187 57 separato.
1746 2123 86 57 Prae

1039 2176 138 53 terea
1131 2176 153 53 potest
1238 2176 184 53 collator
1375 2176 122 53 dare
1452 2176 214 53 beneficium
1620 2176 138 53 nullo
1697 2176 122 53 loquen

1045 2221 107 44 te:
1106 2221 138 44 solum
1198 2221 168 44 intuitu
1320 2221 199 44 sanguinis
1473 2221 107 44 vel
1534 2221 245 44 affinitatis.
1733 2221 77 44 ⁋
1749 2221 77 44 Sed

1052 2257 141 58 contra
1151 2257 127 58 istud
1236 2257 184 58 arguitur.
1377 2257 85 58 In
1419 2257 226 58 distinctione
1603 2257 212 58 praecedente
1758 2257 57 58 di

1044 2303 142 53 cebam
1139 2303 126 53 quod
1218 2303 205 53 inidoneus
1375 2303 95 53 ad
1423 2303 237 53 idoneitatem
1612 2303 189 53 accedens
1738 2303 79 53 non

1050 2352 147 50 tenetur
1156 2352 187 50 beneficium
1303 2352 107 50 sibi
1370 2352 160 50 collatum
1490 2352 200 50 restituere:
1650 2352 93 50 sed
1690 2352 133 50 quilibet

1050 2392 189 60 beneficium
1198 2392 135 60 habens
1292 2392 175 60 simoniace
1427 2392 67 60 /
1453 2392 189 60 beneficium
1602 2392 121 60 ipsum
1669 2392 148 60 resignare

1043 2439 157 50 tenetur.
1161 2439 144 50 igitur.
1266 2439 66 50 ⁋
1292 2439 144 50 Insuper
1397 2439 157 50 secundum
1515 2439 118 50 dicta
1593 2439 157 50 quilibet
1698 2439 118 50 peccans

1038 2485 229 46 conferendo
1217 2485 82 46 /
1250 2485 196 46 simoniam
1397 2485 261 46 committeret:
1610 2485 82 46 &
1642 2485 114 46 sic
1691 2485 131 46 colla-

1032 2523 106 51 tor
1092 2523 152 51 idoneo
1199 2523 212 51 beneficium
1365 2523 212 51 conferens,
1532 2523 167 51 relicto
1653 2523 136 51 magis
1744 2523 106 51 ido

1034 2574 109 46 neo
1097 2574 233 46 committeret
1283 2574 202 46 simoniam:
1438 2574 124 46 quod
1516 2574 109 46 est
1578 2574 202 46 absurdum.
1733 2574 78 46 ⁋
1749 2574 62 46 Ad

1036 2618 145 59 primum
1137 2618 159 59 concedo
1252 2618 173 59 maiorem:
1382 2618 101 59 sed
1440 2618 130 59 minor
1527 2618 101 59 est
1585 2618 145 59 falsa.
1686 2618 116 59 immo
1758 2618 87 59 in

1040 2656 125 52 casu
1119 2656 172 52 tertiae
1244 2656 251 52 conclusionis
1448 2656 219 52 beneficium
1620 2656 157 52 idoneo
1714 2656 94 52 simo

1034 2704 140 49 niace
1128 2704 218 49 confertur:
1299 2704 78 49 &
1331 2704 140 49 tamen
1424 2704 172 49 idoneus
1549 2704 125 49 ille
1627 2704 109 49 non
1674 2704 140 49 tenetur

1036 2746 205 50 beneficium
1197 2746 219 50 restituere:
1373 2746 102 50 cum
1431 2746 102 50 sit
1489 2746 146 50 capax:
1592 2746 73 50 &
1621 2746 175 50 collator
1738 2746 73 50 re-

1046 2795 109 68 uera
1114 2795 163 68 conferat
1236 2795 122 68 licet
1318 2795 149 68 propter
1426 2795 122 68 malum
1508 2795 136 68 finem:
1603 2795 95 68 hoc
1657 2795 109 68 enim
1725 2795 95 68 non
1766 2795 54 68 vi
