2295 3315
232 304 138 93 ditam:
329 304 110 93 quae
397 304 151 93 incipit
508 304 151 93 Multae.
618 304 83 93 in
659 304 96 93 qua
714 304 96 93 sic
769 304 138 93 dicit.
865 304 124 93 Sacro
934 304 69 93 apu

237 381 189 52 probante
379 381 189 52 concilio
521 381 221 52 declaramus
695 381 126 52 quod
774 381 189 52 ordinati
900 381 95 52 simo

230 430 140 46 niace
324 430 93 46 ab
370 430 217 46 executione
541 430 155 46 suorum
649 430 171 46 ordinum
773 430 124 46 sunt
851 430 124 46 ipso
913 430 93 46 iure

226 467 191 50 suspensi.
373 467 205 50 Electiones
534 467 132 50 autem
622 467 73 50 &
651 467 264 50 postulationes,
856 467 147 50 confirma

226 515 162 54 tiones:
344 515 74 54 &
374 515 147 54 quauis
477 515 221 54 prouisiones
653 515 206 54 simoniacae
801 515 191 54 ecclesiarum

227 559 291 53 monasteriorum,
470 559 243 53 dignitatum,
664 559 259 53 personatuum,
858 559 146 53 officio

223 614 112 46 rum
287 614 80 46 &
319 614 256 46 beneficiorum
527 614 256 46 quorumcumque
735 614 192 46 deinceps
863 614 144 46 factae,

226 648 124 62 nullae
312 648 99 62 sint
374 648 99 62 ipso
436 648 111 62 iure:
510 648 161 62 nullumque
633 648 86 62 per
683 648 111 62 illas
757 648 86 62 ius
806 648 136 62 cuiquam
893 648 111 62 acquira

228 690 123 48 tur.
305 690 108 48 Nec
366 690 185 48 promoti,
505 690 231 48 confirmati,
690 690 108 48 aut
751 690 169 48 prouisi
859 690 139 48 faciant

222 739 165 49 fructus
342 739 135 49 suos:
432 739 105 49 sed
492 739 90 49 ad
537 739 165 49 illorum
658 739 255 49 restitutionem
853 739 135 49 tanquam

231 780 177 58 iniuste
360 780 209 58 ablatorum
521 780 225 58 teneantur.
698 780 225 58 Statuentes
859 780 145 58 insuper

228 827 120 53 quod
303 827 150 53 dantes
408 827 75 53 &
439 827 226 53 recipientes
619 827 120 53 ipso
694 827 135 53 facto
784 827 211 53 sententiam
935 827 60 53 ex

222 869 308 56 communicationis
481 869 227 56 incurrant:
660 869 146 56 etiam
757 869 97 56 si
789 869 211 56 pontificali

228 917 112 54 aut
292 917 255 54 cardinalatus
499 917 255 54 praefulgeant
707 917 176 54 honore.
834 917 160 54 Reuera
930 917 64 54 ta

213 958 123 58 men
284 958 193 58 ordines
424 958 140 58 quis
512 958 228 58 simoniace
687 958 211 58 promotus
828 958 175 58 acquirit

217 1003 123 44 sed
288 1003 123 44 non
358 1003 193 44 ordinum
498 1003 281 44 executionem.
726 1003 123 44 hoc
796 1003 123 44 est
867 1003 123 44 non
919 1003 88 44 po-

226 1045 121 56 test
302 1045 182 56 exercere
438 1045 121 56 illa
514 1045 121 56 quae
590 1045 167 56 ordinis
712 1045 121 56 sunt
787 1045 106 56 sub
848 1045 137 56 poena
924 1045 76 56 moi

217 1088 138 69 talis
293 1088 153 69 peccati.

209 1147 111 84 ⁋
253 1147 221 84 Contra
408 1147 177 84 hanc
519 1147 354 84 conclusionem
785 1147 221 84 arguitur

226 1223 138 46 sic.
312 1223 138 46 Stat
398 1223 190 46 Romanum
537 1223 242 46 pontificem
727 1223 225 46 simoniace
899 1223 86 46 a
917 1223 86 46 car

225 1264 199 59 dinalibus
378 1264 153 59 eligi:
485 1264 77 59 &
516 1264 138 59 tamen
608 1264 138 59 verum
700 1264 107 59 ius
762 1264 184 59 acquirit
900 1264 92 59 in
930 1264 77 59 pon

226 1311 181 55 tificatu
362 1311 166 55 maximo:
482 1311 121 55 ergo
558 1311 196 55 conclusio
708 1311 151 55 falsa.
814 1311 136 55 nihil
889 1311 121 55 scrupu

224 1354 77 57 li
263 1354 141 57 videtur
365 1354 102 57 nisi
429 1354 77 57 in
467 1354 141 57 minore:
569 1354 102 57 quae
633 1354 166 57 probatur:
761 1354 102 57 quia
825 1354 102 57 dato
876 1354 128 57 opposito

231 1397 163 60 crebro
345 1397 196 60 incertum
492 1397 82 60 &
525 1397 163 60 dubium
639 1397 147 60 esset
737 1397 98 60 de
786 1397 163 60 capite
884 1397 114 60 eccle

218 1440 152 58 siae:
319 1440 135 58 quod
403 1440 118 58 est
471 1440 286 58 inconueniens.
707 1440 84 58 ⁋
740 1440 253 58 Respondetur
926 1440 84 58 con

229 1494 186 49 cedendo
364 1494 203 49 vtramque
517 1494 287 49 praemissarum:
753 1494 118 49 nam
821 1494 135 49 ipse
889 1494 118 49 solus

221 1527 200 53 excipitur.
378 1527 86 53 Et
421 1527 129 53 patet
506 1527 129 53 istud
592 1527 86 53 de
635 1527 143 53 elect.
735 1527 86 53 in
778 1527 114 53 cap.
849 1527 143 53 Licet.
935 1527 71 53 vbi

228 1575 113 46 sic
293 1575 178 46 scribit
422 1575 211 46 Alexander
584 1575 195 46 Tertius.
730 1575 146 46 Licet
828 1575 97 46 de
860 1575 146 46 vitanda

217 1619 218 48 discordia
385 1619 100 48 in
435 1619 218 48 electione
602 1619 167 48 Romani
719 1619 234 48 pontificis
887 1619 117 48 mani-

216 1665 136 54 festa
307 1665 136 54 satis
398 1665 76 54 a
428 1665 136 54 prae,
519 1665 106 54 no.
579 1665 212 54 constituta
746 1665 227 54 manauerint:
912 1665 91 54 quia

221 1710 145 53 tamen
318 1710 145 53 saepe
414 1710 129 53 post
495 1710 129 53 illa
575 1710 113 53 per
640 1710 193 53 improbae
785 1710 225 53 ambitionis
946 1710 64 53 au

222 1755 176 50 daciam,
350 1755 160 50 grauem
462 1755 144 50 passa
558 1755 112 50 est
623 1755 192 50 ecclesia
767 1755 224 50 scissuram:
927 1755 80 50 nos

221 1795 156 57 etiam
325 1795 104 57 ad
377 1795 156 57 malum
480 1795 121 57 hoc
550 1795 225 57 vitandum,
723 1795 104 57 de
775 1795 208 57 consilio
913 1795 87 57 fra

225 1838 141 57 trum
314 1838 229 57 nostrorum
490 1838 88 57 &
525 1838 159 57 sacri
631 1838 282 57 approbatione
842 1838 159 57 concili

225 1885 204 57 aliquid
374 1885 260 57 decreuimus
578 1885 297 57 adiungendum.
800 1885 204 57 Statuimus

229 1928 133 52 ergo
313 1928 100 52 vt
363 1928 100 52 si
413 1928 150 52 forte
512 1928 183 52 inimico
646 1928 167 52 homine
746 1928 266 52 superseminante

227 1982 212 47 zizaniam,
390 1982 147 47 inter
488 1982 228 47 cardinales
667 1982 98 47 de
716 1982 261 47 substituendo
912 1982 98 47 sum-

227 2022 95 53 mo
275 2022 206 53 pontifice
433 2022 111 53 non
496 2022 174 53 poterit
623 2022 127 53 esse
702 2022 143 53 plena
797 2022 222 53 concordia:
956 2022 48 53 &

221 2064 164 55 duabus
335 2064 197 55 partibus
483 2064 311 55 concordantibus,
745 2064 131 55 pars
827 2064 164 55 tertia
925 2064 82 55 com

235 2107 165 54 cordare
355 2107 195 54 noluerit:
505 2107 105 54 aut
565 2107 120 54 sibi
641 2107 135 54 alium
731 2107 255 54 praesumpserit
926 2107 75 54 non

222 2148 175 63 minare:
349 2148 127 63 ille
429 2148 159 63 absque
540 2148 127 63 vlla
620 2148 223 63 exceptione
794 2148 95 63 ab
826 2148 175 63 vniuersal

224 2198 205 53 ecclesia
378 2198 188 53 Romanus
514 2198 205 53 pontifex
668 2198 222 53 habeatur,
839 2198 120 53 qui
907 2198 85 53 a
925 2198 85 53 dua

221 2243 111 45 bus
285 2243 191 45 partibus
428 2243 175 45 electus
555 2243 159 45 fuerit
667 2243 80 45 &
699 2243 207 45 receptus.
858 2243 127 45 Ecce
921 2243 80 45 hit

223 2288 165 49 dicitur
343 2288 165 49 (absque
462 2288 120 49 vlla
537 2288 224 49 exceptione)
717 2288 105 49 hoc
777 2288 105 49 est
836 2288 135 49 iuris
911 2288 90 49 posi

235 2332 123 53 tiui
312 2332 169 53 humani.
435 2332 138 53 glos.
527 2332 138 53 tamen
619 2332 185 53 haeresim
758 2332 185 53 excipit.
896 2332 108 53 Sed
942 2332 62 53 di

232 2372 101 56 co
283 2372 152 56 illam
384 2372 253 56 exceptionem
586 2372 185 56 nullam.
721 2372 118 56 Nam
788 2372 185 56 propter
906 2372 101 56 hae-

221 2417 145 62 resim
318 2417 129 62 papa
398 2417 113 62 non
463 2417 145 62 cadit
560 2417 81 62 a
592 2417 210 62 dignitate
754 2417 178 62 papali:
883 2417 113 62 nec
931 2417 81 62 eum

218 2466 192 50 repugnat
362 2466 160 50 eligi:
473 2466 192 50 alioquin
617 2466 144 50 foret
713 2466 239 50 incertitudo
904 2466 96 50 in
936 2466 80 50 pon

228 2506 209 55 tificatum.
392 2506 194 55 Propterea
541 2506 134 55 licet
630 2506 134 55 esset
720 2506 209 55 coniugatus
884 2506 104 55 vel
928 2506 75 55 ho-

226 2549 188 56 micida,
363 2549 137 56 post
448 2549 171 56 duarum
568 2549 222 56 tertiarum
739 2549 239 56 electionem
909 2549 103 56 erit

231 2601 190 55 pontifex.
378 2601 73 55 &
407 2601 146 55 Panor.
509 2601 88 55 in
553 2601 117 55 cap.
626 2601 175 55 praefato
758 2601 146 55 infert
860 2601 117 55 quod
918 2601 88 55 lai-

225 2641 113 47 cus
289 2641 81 47 a
322 2641 161 47 duabus
435 2641 194 47 partibus
580 2641 178 47 electus
709 2641 129 47 erit
790 2641 210 47 pontifex.
935 2641 81 47 pro

221 2682 136 57 batio
312 2682 121 57 eius
388 2682 106 57 est
448 2682 91 57 de
494 2682 136 57 Petro
585 2682 106 57 qui
645 2682 121 57 erat
721 2682 152 57 primus
827 2682 121 57 papa
903 2682 76 57 &
918 2682 91 57 lai-

222 2728 119 66 cus.
296 2728 104 66 sed
356 2728 178 66 probatio
489 2728 104 66 est
549 2728 148 66 nulla.
653 2728 134 66 Licet
742 2728 119 66 enim
816 2728 178 66 Christus
935 2728 74 66 an

1073 306 95 75 te
1121 306 205 75 passionem
1278 306 221 75 promiserit
1452 306 95 75 ei
1499 306 268 75 pontificatum:
1720 306 95 75 vt
1752 306 110 75 patet

1069 379 148 61 Matth.
1173 379 119 61 xvi.
1247 379 74 61 &
1277 379 252 61 transumptiue.
1485 379 163 61 xxiiii.
1604 379 119 61 qui.
1678 379 89 61 i.
1708 379 148 61 Quodcun-

1070 429 125 49 quod
1148 429 140 49 tamen
1242 429 109 49 non
1304 429 125 49 erat
1382 429 171 49 maximus
1506 429 187 49 pontifex
1647 429 171 49 viuente
1756 429 93 49 Chri

1079 470 110 52 sto.
1148 470 96 52 sed
1203 470 110 52 illa
1271 470 165 52 potestas
1395 470 110 52 fuit
1464 470 82 52 ei
1505 470 151 52 collata
1615 470 110 52 post
1670 470 178 52 resurrectio

1070 517 126 42 nem.
1149 517 94 42 vt
1196 517 94 42 in
1243 517 204 42 distinct.
1400 517 236 42 praecedente
1589 517 189 42 diximus:
1730 517 79 42 &
1746 517 110 42 tamen

1071 556 122 49 erat
1147 556 183 49 sacerdos
1284 556 152 49 factus
1390 556 91 49 in
1436 556 152 49 vltima
1543 556 152 49 coena.
1649 556 137 49 quare
1725 556 122 49 falsum

1069 602 189 53 assumit
1207 602 103 53 in
1258 602 258 53 probatione,
1465 602 276 53 conclusionem
1689 602 155 53 tamen
1775 602 86 53 pu-

1074 648 91 55 to
1119 648 151 55 veram.
1225 648 106 55 Non
1286 648 121 55 enim
1362 648 136 55 credo
1452 648 91 55 de
1498 648 121 55 iure
1573 648 151 55 diuino
1679 648 121 55 esse
1740 648 106 55 requi

1060 697 159 49 situm
1166 697 106 49 ad
1219 697 123 49 hoc
1289 697 106 49 vt
1342 697 141 49 quis
1430 697 247 49 dignitatem
1624 697 194 49 papalem
1747 697 106 49 habe

1064 738 80 54 at
1104 738 67 54 /
1130 738 107 54 quod
1197 738 94 54 sit
1251 738 174 54 clericus.
1384 738 120 54 Vides
1465 738 120 54 sicut
1545 738 94 54 ius
1598 738 120 54 habet
1678 738 80 54 ab
1718 738 120 54 aliis
1785 738 67 54 pon

1065 779 199 56 tificibus
1217 779 214 56 separatum:
1385 779 107 56 ita
1447 779 137 56 aliam
1538 779 229 56 electionem.
1722 779 107 56 Nam
1767 779 92 56 alii

1070 823 186 53 episcopi
1210 823 202 53 eliguntur
1365 823 78 53 a
1396 823 155 53 maiore
1505 823 140 53 parte
1598 823 202 53 capituli:
1753 823 109 53 nec
1800 823 62 53 re

1064 872 190 52 quiritur
1207 872 206 52 consensus
1365 872 158 52 duarum
1475 872 221 52 tertiarum:
1649 872 111 52 sed
1697 872 158 52 sufficit

1072 915 205 52 pluralitas.
1236 915 82 52 vt
1277 915 150 52 dicitur
1387 915 96 52 in.
1441 915 82 52 S.
1482 915 82 52 Ex
1523 915 109 52 hoc.
1592 915 82 52 in
1633 915 123 52 dicto
1715 915 96 52 ca.
1756 915 109 52 Licet.

1066 957 133 58 Alii
1149 957 133 58 item
1232 957 199 58 episcopi
1381 957 265 58 confirmantur
1597 957 83 58 &
1613 957 249 58 consecrantur:

1072 1000 115 52 quod
1143 1000 86 52 in
1186 1000 86 52 eo
1230 1000 100 52 non
1287 1000 215 52 requiritur.
1459 1000 100 52 Nec
1517 1000 201 52 appellatur
1674 1000 158 52 dominus
1775 1000 86 52 ele-

1073 1027 156 62 ctus,
1177 1027 243 62 caeterorum
1367 1027 156 62 more:
1472 1027 121 62 sed
1541 1027 191 62 Romanus
1662 1027 191 62 pontifex.

1068 1090 250 43 Veruntamen
1265 1090 215 43 grauiter
1426 1090 179 43 peccat
1551 1090 215 43 pecuniam
1712 1090 143 43 dans
1783 1090 72 43 vt

1068 1130 192 56 eligatur:
1216 1130 74 56 &
1245 1130 148 56 magnae
1349 1130 207 56 ambitionis
1511 1130 103 56 est
1570 1130 133 56 nota:
1658 1130 74 56 &
1688 1130 133 56 aliis
1762 1130 103 56 prae-

1071 1177 159 50 latis
1178 1177 212 50 pessimum
1337 1177 195 50 praebet
1479 1177 230 50 exemplum.
1656 1177 195 50 Aliquos
1779 1177 89 50 ve-

1069 1223 92 56 ro
1115 1223 92 56 de
1161 1223 108 56 sui
1222 1223 200 56 electione
1376 1223 215 56 dubitantes
1545 1223 169 56 legimus
1668 1223 169 56 papatui
1776 1223 77 56 re-

1060 1264 235 48 nunciasse:
1245 1264 101 48 vt
1295 1264 168 48 Leonem
1413 1264 202 48 quartum:
1564 1264 84 48 &
1598 1264 202 48 Honorium
1732 1264 118 48 secun

1073 1308 137 56 dum.
1159 1308 240 56 Cardinales
1347 1308 154 56 tamen
1450 1308 103 56 ab
1502 1308 103 56 eo
1553 1308 257 56 accipientes
1742 1308 120 56 pecu-

1061 1361 131 47 niam
1143 1361 197 47 quatenus
1290 1361 115 47 eum
1356 1361 197 47 eligant,
1504 1361 197 47 tenentur
1652 1361 148 47 illam
1734 1361 131 47 resti-

1082 1401 142 43 tuere:
1181 1401 113 43 quia
1252 1401 170 43 generale
1380 1401 99 43 est
1436 1401 71 43 &
1465 1401 99 43 de.
1522 1401 113 43 iure
1592 1401 170 43 naturae:
1720 1401 113 43 quod
1777 1401 85 43 homo

1072 1444 119 44 non
1140 1444 203 44 acquirit
1292 1444 203 44 dominium
1445 1444 203 44 pecuniae
1598 1444 119 44 per
1665 1444 153 44 actum
1750 1444 102 44 quem

1074 1487 165 53 tenetur
1194 1487 150 53 gratis
1300 1487 196 53 exhibere.
1450 1487 90 53 vt
1495 1487 90 53 si
1540 1487 105 53 des
1600 1487 165 53 latroni
1706 1487 150 53 pecuniam

1072 1531 201 57 quatenus
1223 1531 100 57 te
1273 1531 117 57 non
1340 1531 201 57 occidat:
1491 1531 117 57 vel
1558 1531 201 57 debitori
1692 1531 167 57 pecuniam

1081 1576 86 54 vt
1124 1576 115 54 tibi
1196 1576 144 54 soluat
1296 1576 172 54 debitum:
1425 1576 101 54 nec
1483 1576 187 54 sicarius:
1626 1576 101 54 nec
1684 1576 158 54 debitor
1784 1576 72 54 il-

1077 1619 129 46 lius
1157 1619 193 46 pecuniae
1302 1619 193 46 acquirit
1447 1619 209 46 dominium:
1608 1619 113 46 sed
1672 1619 113 46 eam
1720 1619 145 46 restitu

1078 1664 103 59 ere
1137 1664 177 59 tenetur.
1270 1664 88 59 Et
1314 1664 133 59 ratio
1402 1664 118 59 est:
1476 1664 118 59 quia
1550 1664 162 59 tenetur
1668 1664 88 59 ad
1697 1664 162 59 oppositum

1076 1710 111 57 Sic
1140 1710 143 57 autem
1235 1710 111 57 est
1298 1710 95 57 in
1346 1710 222 57 proposito.
1521 1710 222 57 Cardinales
1695 1710 159 57 nanque
1791 1710 64 57 te

1074 1758 147 55 nentur
1177 1758 147 55 gratis
1280 1758 162 55 eligere
1398 1758 162 55 Romanum
1516 1758 221 55 pontificem,
1692 1758 88 55 si
1722 1758 147 55 eligant:

1069 1795 76 50 &
1099 1795 229 50 probibentur
1282 1795 122 50 tale
1359 1795 137 50 munus
1450 1795 198 50 accipere:
1603 1795 107 50 non
1664 1795 137 50 solum
1755 1795 92 50 de
1786 1795 76 50 iu-

1065 1837 98 60 re
1114 1837 196 60 positiuo
1261 1837 180 60 humano:
1391 1837 131 60 ergo
1473 1837 163 60 illius
1587 1837 196 60 pecuniae
1734 1837 114 60 non
1783 1837 82 60 ac-

1078 1884 182 58 quirunt
1211 1884 216 58 dominium:
1377 1884 116 58 sed
1443 1884 149 58 illam
1543 1884 199 58 pecuniam
1676 1884 182 58 restitue-

1074 1925 97 62 re
1122 1925 129 62 sunt
1203 1925 210 62 obligati.
1364 1925 161 62 Contra
1478 1925 113 62 hoc
1542 1925 161 62 dicis.
1655 1925 161 62 mulier
1752 1925 113 62 capit

1083 1973 191 49 pecuniam
1226 1973 111 49 pro
1290 1973 111 49 sui
1353 1973 191 49 corporis
1496 1973 143 49 turpi
1592 1973 223 49 locatione:
1767 1973 79 49 &
1783 1973 79 49 te-

1066 2017 147 63 netur
1163 2017 98 63 ad
1212 2017 228 63 oppositum:
1392 2017 163 63 nihilo
1506 2017 147 63 tamen
1603 2017 147 63 minus
1701 2017 163 63 illius
1799 2017 65 63 pe

1061 2066 159 49 cuniae
1172 2066 191 49 acquirit
1315 2066 207 49 dominium.
1474 2066 254 49 Respondetur.
1681 2066 159 49 mulier
1777 2066 79 49 non

1072 2102 151 60 tenetur
1182 2102 138 60 gratis
1279 2102 165 60 dominium
1402 2102 96 60 sui
1457 2102 165 60 corporis
1581 2102 138 60 alteri
1664 2102 193 60 communicaret

1070 2151 129 59 quia
1150 2151 145 59 nullo
1247 2151 129 59 modo
1328 2151 177 59 tenetur
1456 2151 129 59 vsum
1537 2151 113 59 sui
1601 2151 193 59 corporis
1730 2151 129 59 alteri

1069 2198 237 52 communicare.
1261 2198 104 52 sed
1321 2198 133 52 licet
1409 2198 133 52 talis
1498 2198 118 52 vsus
1572 2198 104 52 sit
1631 2198 89 52 ei
1661 2198 192 52 interdictus

1077 2238 185 58 acceptio
1216 2238 139 58 tamen
1308 2238 185 58 pecuniae
1447 2238 108 58 non
1509 2238 108 58 est
1571 2238 93 58 ei
1617 2238 170 58 vetita:
1741 2238 108 58 nec
1787 2238 62 58 ad

1077 2293 255 48 restitutionem
1287 2293 180 48 tenetur.
1422 2293 105 48 Nec
1483 2293 120 48 ipse
1558 2293 180 48 postquam
1693 2293 105 48 est
1738 2293 120 48 factus

1074 2339 199 44 pontifex,
1227 2339 153 44 potest
1334 2339 107 44 eis
1396 2339 138 44 illam
1488 2339 184 44 pecuniam
1626 2339 215 44 remittere:
1779 2339 77 44 sic

1067 2371 175 61 scilicet
1198 2371 87 61 vt
1242 2371 116 61 sint
1315 2371 131 61 salui
1402 2371 87 61 in
1446 2371 233 61 conscientia,
1620 2371 233 61 qualitercunque

1077 2415 133 53 illam
1166 2415 177 53 pecuniam
1299 2415 207 53 expendant.
1461 2415 118 53 Illa
1535 2415 118 53 enim
1608 2415 118 53 fuit
1682 2415 162 53 pecunia
1785 2415 74 53 ec-

1079 2464 194 48 clesiastica
1234 2464 65 48 /
1260 2464 78 48 vt
1299 2464 194 48 supponitur:
1454 2464 116 48 cuius
1532 2464 155 48 pontifex
1648 2464 91 48 non
1700 2464 91 48 est
1739 2464 116 48 dominus

1077 2506 109 47 sed
1140 2506 140 47 solum
1233 2506 171 47 fidelis
1357 2506 248 47 dispensator.
1558 2506 78 47 ⁋
1589 2506 109 47 Sed
1651 2506 155 47 contra
1744 2506 109 47 istud

1079 2550 165 51 arguitur
1203 2550 96 51 per
1258 2550 137 51 dictum
1353 2550 151 51 Nicolai
1463 2550 123 51 papae
1545 2550 110 51 quod
1614 2550 192 51 recitatur.
1751 2550 96 51 lxxix

1076 2598 157 56 distin.
1190 2598 114 56 cap.
1262 2598 86 56 Si
1304 2598 114 56 quis
1376 2598 172 56 pecunia.
1505 2598 100 56 vbi
1562 2598 100 56 sic
1619 2598 172 56 dicitur.
1748 2598 86 56 Si
1776 2598 86 56 quis

1070 2640 181 54 pecunia
1201 2640 115 54 vel
1267 2640 165 54 gratia
1383 2640 165 54 humana
1498 2640 82 54 /
1531 2640 115 54 aut
1597 2640 198 54 populari
1746 2640 115 54 seu
1795 2640 66 54 mi

1080 2680 160 53 litari
1192 2680 192 53 tumultu,
1336 2680 128 53 sine
1416 2680 192 53 concordi
1561 2680 80 53 &
1593 2680 192 53 canonica
1721 2680 144 53 electio

1070 2728 97 69 ne
1118 2728 80 69 &
1150 2728 241 69 cardinalium
1343 2728 80 69 &
1376 2728 225 69 sequentium
1552 2728 257 69 religiosorum
1745 2728 113 69 cleri
