<?xml version="1.0" encoding="UTF-8"?>
<alto xmlns:xsi="http://www.w3.org/2001/XMLSchema-instance"
      xmlns="http://www.loc.gov/standards/alto/ns-v2#"
      xmlns:page="http://schema.primaresearch.org/PAGE/gts/pagecontent/2013-07-15"
      xsi:schemaLocation="http://www.loc.gov/standards/alto/ns-v2# http://www.loc.gov/standards/alto/alto.xsd">
   <Description>
      <MeasurementUnit>pixel</MeasurementUnit>
      <OCRProcessing ID="IdOcr">
         <ocrProcessingStep>
            <processingDateTime>2020-06-19T10:10:21.319-04:00</processingDateTime>
            <processingSoftware>
               <softwareCreator>READ COOP</softwareCreator>
               <softwareName>Transkribus</softwareName>
            </processingSoftware>
         </ocrProcessingStep>
      </OCRProcessing>
   </Description>
   <Tags/>
   <Layout>
      <Page ID="Page1" PHYSICAL_IMG_NR="1" HEIGHT="3314" WIDTH="2310">
         <TopMargin HEIGHT="0" WIDTH="2310" VPOS="0" HPOS="0"/>
         <LeftMargin HEIGHT="3314" WIDTH="0" VPOS="0" HPOS="0"/>
         <RightMargin HEIGHT="3314" WIDTH="0" VPOS="0" HPOS="2310"/>
         <BottomMargin HEIGHT="0" WIDTH="2310" VPOS="3314" HPOS="0"/>
         <PrintSpace HEIGHT="3314" WIDTH="2310" VPOS="0" HPOS="0">
            <TextBlock ID="r1" HEIGHT="2498" WIDTH="762" VPOS="239" HPOS="498">
               <Shape>
                  <Polygon POINTS="498,239 498,2737 1260,2737 1260,239"/>
               </Shape>
               <TextLine ID="r1l2"
                         BASELINE="361"
                         HEIGHT="57"
                         WIDTH="748"
                         VPOS="304"
                         HPOS="508">
                  <String HEIGHT="57"
                          WIDTH="120"
                          VPOS="304"
                          HPOS="493"
                          CONTENT="modo"/>
                  <SP HEIGHT="57" WIDTH="15" VPOS="304" HPOS="613"/>
                  <String HEIGHT="57"
                          WIDTH="150"
                          VPOS="304"
                          HPOS="568"
                          CONTENT="varias"/>
                  <SP HEIGHT="57" WIDTH="15" VPOS="304" HPOS="717"/>
                  <String HEIGHT="57" WIDTH="75" VPOS="304" HPOS="673" CONTENT="("/>
                  <SP HEIGHT="57" WIDTH="15" VPOS="304" HPOS="747"/>
                  <String HEIGHT="57" WIDTH="90" VPOS="304" HPOS="702" CONTENT="vt"/>
                  <SP HEIGHT="57" WIDTH="15" VPOS="304" HPOS="792"/>
                  <String HEIGHT="57"
                          WIDTH="165"
                          VPOS="304"
                          HPOS="747"
                          CONTENT="dicunt)"/>
                  <SP HEIGHT="57" WIDTH="15" VPOS="304" HPOS="912"/>
                  <String HEIGHT="57"
                          WIDTH="180"
                          VPOS="304"
                          HPOS="867"
                          CONTENT="cautelas"/>
                  <SP HEIGHT="57" WIDTH="15" VPOS="304" HPOS="1047"/>
                  <String HEIGHT="57"
                          WIDTH="239"
                          VPOS="304"
                          HPOS="1002"
                          CONTENT="excogitarunt"/>
                  <SP HEIGHT="57" WIDTH="15" VPOS="304" HPOS="1241"/>
                  <String HEIGHT="57" WIDTH="75" VPOS="304" HPOS="1181" CONTENT="pro"/>
               </TextLine>
               <TextLine ID="r1l3"
                         BASELINE="405"
                         HEIGHT="46"
                         WIDTH="742"
                         VPOS="359"
                         HPOS="519">
                  <String HEIGHT="46"
                          WIDTH="165"
                          VPOS="359"
                          HPOS="505"
                          CONTENT="euitanda"/>
                  <SP HEIGHT="46" WIDTH="14" VPOS="359" HPOS="670"/>
                  <String HEIGHT="46"
                          WIDTH="165"
                          VPOS="359"
                          HPOS="629"
                          CONTENT="simonia:"/>
                  <SP HEIGHT="46" WIDTH="14" VPOS="359" HPOS="794"/>
                  <String HEIGHT="46" WIDTH="96" VPOS="359" HPOS="753" CONTENT="cum"/>
                  <SP HEIGHT="46" WIDTH="14" VPOS="359" HPOS="849"/>
                  <String HEIGHT="46" WIDTH="96" VPOS="359" HPOS="808" CONTENT="sit"/>
                  <SP HEIGHT="46" WIDTH="14" VPOS="359" HPOS="904"/>
                  <String HEIGHT="46"
                          WIDTH="124"
                          VPOS="359"
                          HPOS="863"
                          CONTENT="eadem"/>
                  <SP HEIGHT="46" WIDTH="14" VPOS="359" HPOS="986"/>
                  <String HEIGHT="46"
                          WIDTH="192"
                          VPOS="359"
                          HPOS="945"
                          CONTENT="sententia:"/>
                  <SP HEIGHT="46" WIDTH="14" VPOS="359" HPOS="1137"/>
                  <String HEIGHT="46" WIDTH="82" VPOS="359" HPOS="1096" CONTENT="vt"/>
                  <SP HEIGHT="46" WIDTH="14" VPOS="359" HPOS="1179"/>
                  <String HEIGHT="46"
                          WIDTH="137"
                          VPOS="359"
                          HPOS="1124"
                          CONTENT="cognosci"/>
               </TextLine>
               <TextLine ID="r1l4"
                         BASELINE="449"
                         HEIGHT="53"
                         WIDTH="751"
                         VPOS="396"
                         HPOS="510">
                  <String HEIGHT="53" WIDTH="107" VPOS="396" HPOS="495" CONTENT="tur"/>
                  <SP HEIGHT="53" WIDTH="15" VPOS="396" HPOS="602"/>
                  <String HEIGHT="53" WIDTH="92" VPOS="396" HPOS="556" CONTENT="ab"/>
                  <SP HEIGHT="53" WIDTH="15" VPOS="396" HPOS="648"/>
                  <String HEIGHT="53"
                          WIDTH="169"
                          VPOS="396"
                          HPOS="602"
                          CONTENT="hominum"/>
                  <SP HEIGHT="53" WIDTH="15" VPOS="396" HPOS="771"/>
                  <String HEIGHT="53"
                          WIDTH="261"
                          VPOS="396"
                          HPOS="725"
                          CONTENT="consuetudine:"/>
                  <SP HEIGHT="53" WIDTH="15" VPOS="396" HPOS="985"/>
                  <String HEIGHT="53" WIDTH="77" VPOS="396" HPOS="939" CONTENT="&amp;"/>
                  <SP HEIGHT="53" WIDTH="15" VPOS="396" HPOS="1016"/>
                  <String HEIGHT="53" WIDTH="107" VPOS="396" HPOS="970" CONTENT="hoc"/>
                  <SP HEIGHT="53" WIDTH="15" VPOS="396" HPOS="1077"/>
                  <String HEIGHT="53" WIDTH="92" VPOS="396" HPOS="1031" CONTENT="in"/>
                  <SP HEIGHT="53" WIDTH="15" VPOS="396" HPOS="1123"/>
                  <String HEIGHT="53"
                          WIDTH="123"
                          VPOS="396"
                          HPOS="1077"
                          CONTENT="foro"/>
                  <SP HEIGHT="53" WIDTH="15" VPOS="396" HPOS="1200"/>
                  <String HEIGHT="53"
                          WIDTH="123"
                          VPOS="396"
                          HPOS="1138"
                          CONTENT="contra"/>
               </TextLine>
               <TextLine ID="r1l5"
                         BASELINE="489"
                         HEIGHT="49"
                         WIDTH="737"
                         VPOS="440"
                         HPOS="516">
                  <String HEIGHT="49"
                          WIDTH="167"
                          VPOS="440"
                          HPOS="502"
                          CONTENT="dictorio"/>
                  <SP HEIGHT="49" WIDTH="14" VPOS="440" HPOS="669"/>
                  <String HEIGHT="49"
                          WIDTH="236"
                          VPOS="440"
                          HPOS="627"
                          CONTENT="declaratetur."/>
                  <SP HEIGHT="49" WIDTH="14" VPOS="440" HPOS="864"/>
                  <String HEIGHT="49" WIDTH="83" VPOS="440" HPOS="822" CONTENT="Si"/>
                  <SP HEIGHT="49" WIDTH="14" VPOS="440" HPOS="905"/>
                  <String HEIGHT="49"
                          WIDTH="125"
                          VPOS="440"
                          HPOS="864"
                          CONTENT="autem"/>
                  <SP HEIGHT="49" WIDTH="14" VPOS="440" HPOS="989"/>
                  <String HEIGHT="49"
                          WIDTH="167"
                          VPOS="440"
                          HPOS="947"
                          CONTENT="haeredes"/>
                  <SP HEIGHT="49" WIDTH="14" VPOS="440" HPOS="1114"/>
                  <String HEIGHT="49"
                          WIDTH="167"
                          VPOS="440"
                          HPOS="1072"
                          CONTENT="defuncti"/>
                  <SP HEIGHT="49" WIDTH="14" VPOS="440" HPOS="1239"/>
                  <String HEIGHT="49" WIDTH="70" VPOS="440" HPOS="1183" CONTENT="red"/>
               </TextLine>
               <TextLine ID="r1l6"
                         BASELINE="537"
                         HEIGHT="58"
                         WIDTH="750"
                         VPOS="479"
                         HPOS="510">
                  <String HEIGHT="58"
                          WIDTH="121"
                          VPOS="479"
                          HPOS="497"
                          CONTENT="ditus"/>
                  <SP HEIGHT="58" WIDTH="13" VPOS="479" HPOS="617"/>
                  <String HEIGHT="58"
                          WIDTH="188"
                          VPOS="479"
                          HPOS="577"
                          CONTENT="recuperare"/>
                  <SP HEIGHT="58" WIDTH="13" VPOS="479" HPOS="764"/>
                  <String HEIGHT="58"
                          WIDTH="161"
                          VPOS="479"
                          HPOS="724"
                          CONTENT="vellent:"/>
                  <SP HEIGHT="58" WIDTH="13" VPOS="479" HPOS="885"/>
                  <String HEIGHT="58" WIDTH="94" VPOS="479" HPOS="845" CONTENT="vel"/>
                  <SP HEIGHT="58" WIDTH="13" VPOS="479" HPOS="939"/>
                  <String HEIGHT="58" WIDTH="80" VPOS="479" HPOS="898" CONTENT="si"/>
                  <SP HEIGHT="58" WIDTH="13" VPOS="479" HPOS="979"/>
                  <String HEIGHT="58"
                          WIDTH="161"
                          VPOS="479"
                          HPOS="939"
                          CONTENT="ecclesia"/>
                  <SP HEIGHT="58" WIDTH="13" VPOS="479" HPOS="1099"/>
                  <String HEIGHT="58"
                          WIDTH="161"
                          VPOS="479"
                          HPOS="1059"
                          CONTENT="officium"/>
                  <SP HEIGHT="58" WIDTH="13" VPOS="479" HPOS="1220"/>
                  <String HEIGHT="58"
                          WIDTH="94"
                          VPOS="479"
                          HPOS="1166"
                          CONTENT="inium"/>
               </TextLine>
               <TextLine ID="r1l7"
                         BASELINE="587"
                         HEIGHT="59"
                         WIDTH="751"
                         VPOS="528"
                         HPOS="514">
                  <String HEIGHT="59" WIDTH="98" VPOS="528" HPOS="502" CONTENT="ctum"/>
                  <SP HEIGHT="59" WIDTH="12" VPOS="528" HPOS="600"/>
                  <String HEIGHT="59"
                          WIDTH="160"
                          VPOS="528"
                          HPOS="563"
                          CONTENT="perficere"/>
                  <SP HEIGHT="59" WIDTH="12" VPOS="528" HPOS="723"/>
                  <String HEIGHT="59"
                          WIDTH="135"
                          VPOS="528"
                          HPOS="686"
                          CONTENT="nollet:"/>
                  <SP HEIGHT="59" WIDTH="12" VPOS="528" HPOS="822"/>
                  <String HEIGHT="59"
                          WIDTH="123"
                          VPOS="528"
                          HPOS="785"
                          CONTENT="semper"/>
                  <SP HEIGHT="59" WIDTH="12" VPOS="528" HPOS="908"/>
                  <String HEIGHT="59"
                          WIDTH="135"
                          VPOS="528"
                          HPOS="871"
                          CONTENT="homines"/>
                  <SP HEIGHT="59" WIDTH="12" VPOS="528" HPOS="1006"/>
                  <String HEIGHT="59"
                          WIDTH="185"
                          VPOS="528"
                          HPOS="970"
                          CONTENT="intelligunt"/>
                  <SP HEIGHT="59" WIDTH="12" VPOS="528" HPOS="1154"/>
                  <String HEIGHT="59"
                          WIDTH="98"
                          VPOS="528"
                          HPOS="1117"
                          CONTENT="quod"/>
                  <SP HEIGHT="59" WIDTH="12" VPOS="528" HPOS="1216"/>
                  <String HEIGHT="59"
                          WIDTH="111"
                          VPOS="528"
                          HPOS="1179"
                          CONTENT="illud"/>
                  <SP HEIGHT="59" WIDTH="12" VPOS="528" HPOS="1290"/>
                  <String HEIGHT="59" WIDTH="25" VPOS="528" HPOS="1240" CONTENT=""/>
               </TextLine>
               <TextLine ID="r1l8"
                         BASELINE="629"
                         HEIGHT="53"
                         WIDTH="742"
                         VPOS="576"
                         HPOS="510">
                  <String HEIGHT="53"
                          WIDTH="179"
                          VPOS="576"
                          HPOS="497"
                          CONTENT="spirituale"/>
                  <SP HEIGHT="53" WIDTH="13" VPOS="576" HPOS="676"/>
                  <String HEIGHT="53"
                          WIDTH="154"
                          VPOS="576"
                          HPOS="638"
                          CONTENT="officium"/>
                  <SP HEIGHT="53" WIDTH="13" VPOS="576" HPOS="791"/>
                  <String HEIGHT="53" WIDTH="90" VPOS="576" HPOS="753" CONTENT="non"/>
                  <SP HEIGHT="53" WIDTH="13" VPOS="576" HPOS="843"/>
                  <String HEIGHT="53"
                          WIDTH="115"
                          VPOS="576"
                          HPOS="804"
                          CONTENT="datur"/>
                  <SP HEIGHT="53" WIDTH="13" VPOS="576" HPOS="919"/>
                  <String HEIGHT="53" WIDTH="90" VPOS="576" HPOS="881" CONTENT="pro"/>
                  <SP HEIGHT="53" WIDTH="13" VPOS="576" HPOS="971"/>
                  <String HEIGHT="53"
                          WIDTH="115"
                          VPOS="576"
                          HPOS="932"
                          CONTENT="illis"/>
                  <SP HEIGHT="53" WIDTH="13" VPOS="576" HPOS="1047"/>
                  <String HEIGHT="53"
                          WIDTH="205"
                          VPOS="576"
                          HPOS="1009"
                          CONTENT="temporalibus"/>
                  <SP HEIGHT="53" WIDTH="13" VPOS="576" HPOS="1214"/>
                  <String HEIGHT="53"
                          WIDTH="90"
                          VPOS="576"
                          HPOS="1162"
                          CONTENT="bonis"/>
               </TextLine>
               <TextLine ID="r1l9"
                         BASELINE="666"
                         HEIGHT="43"
                         WIDTH="754"
                         VPOS="623"
                         HPOS="510">
                  <String HEIGHT="43"
                          WIDTH="177"
                          VPOS="623"
                          HPOS="495"
                          CONTENT="vltimate"/>
                  <SP HEIGHT="43" WIDTH="15" VPOS="623" HPOS="673"/>
                  <String HEIGHT="43" WIDTH="74" VPOS="623" HPOS="628" CONTENT="&amp;"/>
                  <SP HEIGHT="43" WIDTH="15" VPOS="623" HPOS="702"/>
                  <String HEIGHT="43" WIDTH="103" VPOS="623" HPOS="658" CONTENT="pro"/>
                  <SP HEIGHT="43" WIDTH="15" VPOS="623" HPOS="761"/>
                  <String HEIGHT="43"
                          WIDTH="163"
                          VPOS="623"
                          HPOS="717"
                          CONTENT="praecio"/>
                  <SP HEIGHT="43" WIDTH="15" VPOS="623" HPOS="880"/>
                  <String HEIGHT="43"
                          WIDTH="207"
                          VPOS="623"
                          HPOS="835"
                          CONTENT="adaequato."/>
                  <SP HEIGHT="43" WIDTH="15" VPOS="623" HPOS="1042"/>
                  <String HEIGHT="43" WIDTH="103" VPOS="623" HPOS="998" CONTENT="Nec"/>
                  <SP HEIGHT="43" WIDTH="15" VPOS="623" HPOS="1101"/>
                  <String HEIGHT="43"
                          WIDTH="177"
                          VPOS="623"
                          HPOS="1057"
                          CONTENT="damnandi"/>
                  <SP HEIGHT="43" WIDTH="15" VPOS="623" HPOS="1234"/>
                  <String HEIGHT="43"
                          WIDTH="89"
                          VPOS="623"
                          HPOS="1175"
                          CONTENT="sunt"/>
               </TextLine>
               <TextLine ID="r1l10"
                         BASELINE="714"
                         HEIGHT="55"
                         WIDTH="754"
                         VPOS="659"
                         HPOS="504">
                  <String HEIGHT="55"
                          WIDTH="189"
                          VPOS="659"
                          HPOS="490"
                          CONTENT="simplices"/>
                  <SP HEIGHT="55" WIDTH="15" VPOS="659" HPOS="678"/>
                  <String HEIGHT="55"
                          WIDTH="189"
                          VPOS="659"
                          HPOS="635"
                          CONTENT="quocumque"/>
                  <SP HEIGHT="55" WIDTH="15" VPOS="659" HPOS="823"/>
                  <String HEIGHT="55"
                          WIDTH="116"
                          VPOS="659"
                          HPOS="780"
                          CONTENT="modo"/>
                  <SP HEIGHT="55" WIDTH="15" VPOS="659" HPOS="896"/>
                  <String HEIGHT="55"
                          WIDTH="160"
                          VPOS="659"
                          HPOS="852"
                          CONTENT="loqundi"/>
                  <SP HEIGHT="55" WIDTH="15" VPOS="659" HPOS="1012"/>
                  <String HEIGHT="55"
                          WIDTH="174"
                          VPOS="659"
                          HPOS="968"
                          CONTENT="vtantur:"/>
                  <SP HEIGHT="55" WIDTH="15" VPOS="659" HPOS="1142"/>
                  <String HEIGHT="55"
                          WIDTH="116"
                          VPOS="659"
                          HPOS="1099"
                          CONTENT="suam"/>
                  <SP HEIGHT="55" WIDTH="15" VPOS="659" HPOS="1215"/>
                  <String HEIGHT="55"
                          WIDTH="102"
                          VPOS="659"
                          HPOS="1157"
                          CONTENT="fidem"/>
               </TextLine>
               <TextLine ID="r1l11"
                         BASELINE="759"
                         HEIGHT="51"
                         WIDTH="752"
                         VPOS="708"
                         HPOS="504">
                  <String HEIGHT="51" WIDTH="80" VPOS="708" HPOS="488" CONTENT="&amp;"/>
                  <SP HEIGHT="51" WIDTH="16" VPOS="708" HPOS="568"/>
                  <String HEIGHT="51"
                          WIDTH="144"
                          VPOS="708"
                          HPOS="520"
                          CONTENT="modum"/>
                  <SP HEIGHT="51" WIDTH="16" VPOS="708" HPOS="664"/>
                  <String HEIGHT="51"
                          WIDTH="240"
                          VPOS="708"
                          HPOS="616"
                          CONTENT="assentiendi"/>
                  <SP HEIGHT="51" WIDTH="16" VPOS="708" HPOS="856"/>
                  <String HEIGHT="51"
                          WIDTH="256"
                          VPOS="708"
                          HPOS="808"
                          CONTENT="conformantes"/>
                  <SP HEIGHT="51" WIDTH="16" VPOS="708" HPOS="1064"/>
                  <String HEIGHT="51"
                          WIDTH="224"
                          VPOS="708"
                          HPOS="1016"
                          CONTENT="formaliter"/>
                  <SP HEIGHT="51" WIDTH="16" VPOS="708" HPOS="1240"/>
                  <String HEIGHT="51" WIDTH="80" VPOS="708" HPOS="1176" CONTENT="vel"/>
               </TextLine>
               <TextLine ID="r1l12"
                         BASELINE="800"
                         HEIGHT="51"
                         WIDTH="731"
                         VPOS="749"
                         HPOS="521">
                  <String HEIGHT="51"
                          WIDTH="199"
                          VPOS="749"
                          HPOS="508"
                          CONTENT="virtualiter"/>
                  <SP HEIGHT="51" WIDTH="13" VPOS="749" HPOS="707"/>
                  <String HEIGHT="51"
                          WIDTH="186"
                          VPOS="749"
                          HPOS="667"
                          CONTENT="ecclesiae."/>
                  <SP HEIGHT="51" WIDTH="13" VPOS="749" HPOS="853"/>
                  <String HEIGHT="51" WIDTH="80" VPOS="749" HPOS="813" CONTENT="Si"/>
                  <SP HEIGHT="51" WIDTH="13" VPOS="749" HPOS="893"/>
                  <String HEIGHT="51"
                          WIDTH="106"
                          VPOS="749"
                          HPOS="853"
                          CONTENT="enim"/>
                  <SP HEIGHT="51" WIDTH="13" VPOS="749" HPOS="960"/>
                  <String HEIGHT="51"
                          WIDTH="133"
                          VPOS="749"
                          HPOS="920"
                          CONTENT="fieret"/>
                  <SP HEIGHT="51" WIDTH="13" VPOS="749" HPOS="1053"/>
                  <String HEIGHT="51" WIDTH="93" VPOS="749" HPOS="1013" CONTENT="eis"/>
                  <SP HEIGHT="51" WIDTH="13" VPOS="749" HPOS="1106"/>
                  <String HEIGHT="51"
                          WIDTH="159"
                          VPOS="749"
                          HPOS="1066"
                          CONTENT="obiectio"/>
                  <SP HEIGHT="51" WIDTH="13" VPOS="749" HPOS="1225"/>
                  <String HEIGHT="51"
                          WIDTH="80"
                          VPOS="749"
                          HPOS="1172"
                          CONTENT="quod"/>
               </TextLine>
               <TextLine ID="r1l13"
                         BASELINE="841"
                         HEIGHT="50"
                         WIDTH="752"
                         VPOS="791"
                         HPOS="504">
                  <String HEIGHT="50"
                          WIDTH="120"
                          VPOS="791"
                          HPOS="489"
                          CONTENT="male"/>
                  <SP HEIGHT="50" WIDTH="15" VPOS="791" HPOS="609"/>
                  <String HEIGHT="50"
                          WIDTH="211"
                          VPOS="791"
                          HPOS="564"
                          CONTENT="iudicarent"/>
                  <SP HEIGHT="50" WIDTH="15" VPOS="791" HPOS="775"/>
                  <String HEIGHT="50"
                          WIDTH="135"
                          VPOS="791"
                          HPOS="730"
                          CONTENT="illic"/>
                  <SP HEIGHT="50" WIDTH="15" VPOS="791" HPOS="865"/>
                  <String HEIGHT="50"
                          WIDTH="120"
                          VPOS="791"
                          HPOS="820"
                          CONTENT="esse"/>
                  <SP HEIGHT="50" WIDTH="15" VPOS="791" HPOS="940"/>
                  <String HEIGHT="50"
                          WIDTH="196"
                          VPOS="791"
                          HPOS="895"
                          CONTENT="emptionem"/>
                  <SP HEIGHT="50" WIDTH="15" VPOS="791" HPOS="1091"/>
                  <String HEIGHT="50"
                          WIDTH="105"
                          VPOS="791"
                          HPOS="1045"
                          CONTENT="vel"/>
                  <SP HEIGHT="50" WIDTH="15" VPOS="791" HPOS="1151"/>
                  <String HEIGHT="50"
                          WIDTH="165"
                          VPOS="791"
                          HPOS="1091"
                          CONTENT="huiusmodi"/>
               </TextLine>
               <TextLine ID="r1l14"
                         BASELINE="890"
                         HEIGHT="52"
                         WIDTH="739"
                         VPOS="838"
                         HPOS="514">
                  <String HEIGHT="52"
                          WIDTH="156"
                          VPOS="838"
                          HPOS="501"
                          CONTENT="dicerent"/>
                  <SP HEIGHT="52" WIDTH="13" VPOS="838" HPOS="657"/>
                  <String HEIGHT="52" WIDTH="78" VPOS="838" HPOS="618" CONTENT="se"/>
                  <SP HEIGHT="52" WIDTH="13" VPOS="838" HPOS="696"/>
                  <String HEIGHT="52"
                          WIDTH="130"
                          VPOS="838"
                          HPOS="657"
                          CONTENT="putare"/>
                  <SP HEIGHT="52" WIDTH="13" VPOS="838" HPOS="786"/>
                  <String HEIGHT="52"
                          WIDTH="130"
                          VPOS="838"
                          HPOS="747"
                          CONTENT="habere"/>
                  <SP HEIGHT="52" WIDTH="13" VPOS="838" HPOS="877"/>
                  <String HEIGHT="52"
                          WIDTH="143"
                          VPOS="838"
                          HPOS="838"
                          CONTENT="melius,"/>
                  <SP HEIGHT="52" WIDTH="13" VPOS="838" HPOS="981"/>
                  <String HEIGHT="52"
                          WIDTH="156"
                          VPOS="838"
                          HPOS="942"
                          CONTENT="scilicet"/>
                  <SP HEIGHT="52" WIDTH="13" VPOS="838" HPOS="1097"/>
                  <String HEIGHT="52"
                          WIDTH="182"
                          VPOS="838"
                          HPOS="1059"
                          CONTENT="spirituale"/>
                  <SP HEIGHT="52" WIDTH="13" VPOS="838" HPOS="1240"/>
                  <String HEIGHT="52" WIDTH="65" VPOS="838" HPOS="1188" CONTENT="pro"/>
               </TextLine>
               <TextLine ID="r1l15"
                         BASELINE="935"
                         HEIGHT="51"
                         WIDTH="749"
                         VPOS="884"
                         HPOS="513">
                  <String HEIGHT="51"
                          WIDTH="198"
                          VPOS="884"
                          HPOS="499"
                          CONTENT="temporali:"/>
                  <SP HEIGHT="51" WIDTH="14" VPOS="884" HPOS="697"/>
                  <String HEIGHT="51" WIDTH="71" VPOS="884" HPOS="654" CONTENT="&amp;"/>
                  <SP HEIGHT="51" WIDTH="14" VPOS="884" HPOS="725"/>
                  <String HEIGHT="51" WIDTH="85" VPOS="884" HPOS="683" CONTENT="ad"/>
                  <SP HEIGHT="51" WIDTH="14" VPOS="884" HPOS="767"/>
                  <String HEIGHT="51"
                          WIDTH="155"
                          VPOS="884"
                          HPOS="725"
                          CONTENT="gloriam"/>
                  <SP HEIGHT="51" WIDTH="14" VPOS="884" HPOS="880"/>
                  <String HEIGHT="51" WIDTH="99" VPOS="884" HPOS="838" CONTENT="dei"/>
                  <SP HEIGHT="51" WIDTH="14" VPOS="884" HPOS="937"/>
                  <String HEIGHT="51" WIDTH="71" VPOS="884" HPOS="895" CONTENT="&amp;"/>
                  <SP HEIGHT="51" WIDTH="14" VPOS="884" HPOS="965"/>
                  <String HEIGHT="51" WIDTH="85" VPOS="884" HPOS="923" CONTENT="ad"/>
                  <SP HEIGHT="51" WIDTH="14" VPOS="884" HPOS="1008"/>
                  <String HEIGHT="51"
                          WIDTH="155"
                          VPOS="884"
                          HPOS="965"
                          CONTENT="salutem"/>
                  <SP HEIGHT="51" WIDTH="14" VPOS="884" HPOS="1121"/>
                  <String HEIGHT="51"
                          WIDTH="170"
                          VPOS="884"
                          HPOS="1078"
                          CONTENT="animarum"/>
                  <SP HEIGHT="51" WIDTH="14" VPOS="884" HPOS="1248"/>
                  <String HEIGHT="51" WIDTH="71" VPOS="884" HPOS="1191" CONTENT="sua"/>
               </TextLine>
               <TextLine ID="r1l16"
                         BASELINE="981"
                         HEIGHT="52"
                         WIDTH="743"
                         VPOS="929"
                         HPOS="516">
                  <String HEIGHT="52" WIDTH="95" VPOS="929" HPOS="502" CONTENT="tum"/>
                  <SP HEIGHT="52" WIDTH="14" VPOS="929" HPOS="597"/>
                  <String HEIGHT="52" WIDTH="68" VPOS="929" HPOS="557" CONTENT="&amp;"/>
                  <SP HEIGHT="52" WIDTH="14" VPOS="929" HPOS="624"/>
                  <String HEIGHT="52"
                          WIDTH="176"
                          VPOS="929"
                          HPOS="584"
                          CONTENT="parentum,"/>
                  <SP HEIGHT="52" WIDTH="14" VPOS="929" HPOS="759"/>
                  <String HEIGHT="52"
                          WIDTH="108"
                          VPOS="929"
                          HPOS="719"
                          CONTENT="haec"/>
                  <SP HEIGHT="52" WIDTH="14" VPOS="929" HPOS="827"/>
                  <String HEIGHT="52"
                          WIDTH="189"
                          VPOS="929"
                          HPOS="786"
                          CONTENT="factitare:"/>
                  <SP HEIGHT="52" WIDTH="14" VPOS="929" HPOS="975"/>
                  <String HEIGHT="52" WIDTH="68" VPOS="929" HPOS="935" CONTENT="&amp;"/>
                  <SP HEIGHT="52" WIDTH="14" VPOS="929" HPOS="1002"/>
                  <String HEIGHT="52"
                          WIDTH="108"
                          VPOS="929"
                          HPOS="962"
                          CONTENT="sibi"/>
                  <SP HEIGHT="52" WIDTH="14" VPOS="929" HPOS="1070"/>
                  <String HEIGHT="52"
                          WIDTH="149"
                          VPOS="929"
                          HPOS="1029"
                          CONTENT="ostendi"/>
                  <SP HEIGHT="52" WIDTH="14" VPOS="929" HPOS="1178"/>
                  <String HEIGHT="52"
                          WIDTH="135"
                          VPOS="929"
                          HPOS="1124"
                          CONTENT="cuperent"/>
               </TextLine>
               <TextLine ID="r1l17"
                         BASELINE="1020"
                         HEIGHT="54"
                         WIDTH="750"
                         VPOS="966"
                         HPOS="505">
                  <String HEIGHT="54"
                          WIDTH="184"
                          VPOS="966"
                          HPOS="490"
                          CONTENT="qualiter"/>
                  <SP HEIGHT="54" WIDTH="15" VPOS="966" HPOS="673"/>
                  <String HEIGHT="54"
                          WIDTH="138"
                          VPOS="966"
                          HPOS="627"
                          CONTENT="loqui"/>
                  <SP HEIGHT="54" WIDTH="15" VPOS="966" HPOS="765"/>
                  <String HEIGHT="54" WIDTH="92" VPOS="966" HPOS="719" CONTENT="in"/>
                  <SP HEIGHT="54" WIDTH="15" VPOS="966" HPOS="811"/>
                  <String HEIGHT="54" WIDTH="107" VPOS="966" HPOS="765" CONTENT="hac"/>
                  <SP HEIGHT="54" WIDTH="15" VPOS="966" HPOS="872"/>
                  <String HEIGHT="54"
                          WIDTH="138"
                          VPOS="966"
                          HPOS="826"
                          CONTENT="parte"/>
                  <SP HEIGHT="54" WIDTH="15" VPOS="966" HPOS="964"/>
                  <String HEIGHT="54"
                          WIDTH="199"
                          VPOS="966"
                          HPOS="918"
                          CONTENT="oporteat."/>
                  <SP HEIGHT="54" WIDTH="15" VPOS="966" HPOS="1117"/>
                  <String HEIGHT="54"
                          WIDTH="122"
                          VPOS="966"
                          HPOS="1071"
                          CONTENT="Immo"/>
                  <SP HEIGHT="54" WIDTH="15" VPOS="966" HPOS="1194"/>
                  <String HEIGHT="54"
                          WIDTH="122"
                          VPOS="966"
                          HPOS="1133"
                          CONTENT="aliqui"/>
               </TextLine>
               <TextLine ID="r1l18"
                         BASELINE="1070"
                         HEIGHT="47"
                         WIDTH="752"
                         VPOS="1023"
                         HPOS="510">
                  <String HEIGHT="47"
                          WIDTH="169"
                          VPOS="1023"
                          HPOS="495"
                          CONTENT="fundant"/>
                  <SP HEIGHT="47" WIDTH="15" VPOS="1023" HPOS="663"/>
                  <String HEIGHT="47"
                          WIDTH="153"
                          VPOS="1023"
                          HPOS="617"
                          CONTENT="obitus"/>
                  <SP HEIGHT="47" WIDTH="15" VPOS="1023" HPOS="771"/>
                  <String HEIGHT="47"
                          WIDTH="200"
                          VPOS="1023"
                          HPOS="725"
                          CONTENT="plurimos,"/>
                  <SP HEIGHT="47" WIDTH="15" VPOS="1023" HPOS="924"/>
                  <String HEIGHT="47"
                          WIDTH="230"
                          VPOS="1023"
                          HPOS="878"
                          CONTENT="assignantes"/>
                  <SP HEIGHT="47" WIDTH="15" VPOS="1023" HPOS="1109"/>
                  <String HEIGHT="47"
                          WIDTH="184"
                          VPOS="1023"
                          HPOS="1062"
                          CONTENT="redditus"/>
                  <SP HEIGHT="47" WIDTH="15" VPOS="1023" HPOS="1247"/>
                  <String HEIGHT="47"
                          WIDTH="77"
                          VPOS="1023"
                          HPOS="1185"
                          CONTENT="fra"/>
               </TextLine>
               <TextLine ID="r1l19"
                         BASELINE="1116"
                         HEIGHT="56"
                         WIDTH="767"
                         VPOS="1060"
                         HPOS="498">
                  <String HEIGHT="56"
                          WIDTH="160"
                          VPOS="1060"
                          HPOS="482"
                          CONTENT="tribus"/>
                  <SP HEIGHT="56" WIDTH="16" VPOS="1060" HPOS="642"/>
                  <String HEIGHT="56"
                          WIDTH="208"
                          VPOS="1060"
                          HPOS="594"
                          CONTENT="minoribus"/>
                  <SP HEIGHT="56" WIDTH="16" VPOS="1060" HPOS="802"/>
                  <String HEIGHT="56"
                          WIDTH="240"
                          VPOS="1060"
                          HPOS="754"
                          CONTENT="peccantibus"/>
                  <SP HEIGHT="56" WIDTH="16" VPOS="1060" HPOS="993"/>
                  <String HEIGHT="56"
                          WIDTH="144"
                          VPOS="1060"
                          HPOS="945"
                          CONTENT="illos"/>
                  <SP HEIGHT="56" WIDTH="16" VPOS="1060" HPOS="1089"/>
                  <String HEIGHT="56"
                          WIDTH="192"
                          VPOS="1060"
                          HPOS="1041"
                          CONTENT="redditus"/>
                  <SP HEIGHT="56" WIDTH="16" VPOS="1060" HPOS="1233"/>
                  <String HEIGHT="56"
                          WIDTH="96"
                          VPOS="1060"
                          HPOS="1169"
                          CONTENT="assu"/>
               </TextLine>
               <TextLine ID="r1l20"
                         BASELINE="1159"
                         HEIGHT="50"
                         WIDTH="749"
                         VPOS="1109"
                         HPOS="510">
                  <String HEIGHT="50"
                          WIDTH="121"
                          VPOS="1109"
                          HPOS="498"
                          CONTENT="mendo,"/>
                  <SP HEIGHT="50" WIDTH="12" VPOS="1109" HPOS="619"/>
                  <String HEIGHT="50" WIDTH="85" VPOS="1109" HPOS="582" CONTENT="cum"/>
                  <SP HEIGHT="50" WIDTH="12" VPOS="1109" HPOS="667"/>
                  <String HEIGHT="50" WIDTH="85" VPOS="1109" HPOS="631" CONTENT="sit"/>
                  <SP HEIGHT="50" WIDTH="12" VPOS="1109" HPOS="715"/>
                  <String HEIGHT="50"
                          WIDTH="121"
                          VPOS="1109"
                          HPOS="679"
                          CONTENT="contra"/>
                  <SP HEIGHT="50" WIDTH="12" VPOS="1109" HPOS="800"/>
                  <String HEIGHT="50"
                          WIDTH="109"
                          VPOS="1109"
                          HPOS="764"
                          CONTENT="eorum"/>
                  <SP HEIGHT="50" WIDTH="12" VPOS="1109" HPOS="872"/>
                  <String HEIGHT="50"
                          WIDTH="205"
                          VPOS="1109"
                          HPOS="836"
                          CONTENT="professionem."/>
                  <SP HEIGHT="50" WIDTH="12" VPOS="1109" HPOS="1042"/>
                  <String HEIGHT="50"
                          WIDTH="109"
                          VPOS="1109"
                          HPOS="1005"
                          CONTENT="absit"/>
                  <SP HEIGHT="50" WIDTH="12" VPOS="1109" HPOS="1114"/>
                  <String HEIGHT="50"
                          WIDTH="109"
                          VPOS="1109"
                          HPOS="1078"
                          CONTENT="autem"/>
                  <SP HEIGHT="50" WIDTH="12" VPOS="1109" HPOS="1187"/>
                  <String HEIGHT="50"
                          WIDTH="97"
                          VPOS="1109"
                          HPOS="1150"
                          CONTENT="quod"/>
                  <SP HEIGHT="50" WIDTH="12" VPOS="1109" HPOS="1247"/>
                  <String HEIGHT="50"
                          WIDTH="60"
                          VPOS="1109"
                          HPOS="1199"
                          CONTENT="pie"/>
               </TextLine>
               <TextLine ID="r1l21"
                         BASELINE="1201"
                         HEIGHT="52"
                         WIDTH="760"
                         VPOS="1149"
                         HPOS="501">
                  <String HEIGHT="52"
                          WIDTH="182"
                          VPOS="1149"
                          HPOS="486"
                          CONTENT="redditus"/>
                  <SP HEIGHT="52" WIDTH="15" VPOS="1149" HPOS="668"/>
                  <String HEIGHT="52"
                          WIDTH="198"
                          VPOS="1149"
                          HPOS="623"
                          CONTENT="fundantes"/>
                  <SP HEIGHT="52" WIDTH="15" VPOS="1149" HPOS="820"/>
                  <String HEIGHT="52"
                          WIDTH="198"
                          VPOS="1149"
                          HPOS="775"
                          CONTENT="peccarent"/>
                  <SP HEIGHT="52" WIDTH="15" VPOS="1149" HPOS="972"/>
                  <String HEIGHT="52"
                          WIDTH="122"
                          VPOS="1149"
                          HPOS="927"
                          CONTENT="nisi"/>
                  <SP HEIGHT="52" WIDTH="15" VPOS="1149" HPOS="1048"/>
                  <String HEIGHT="52"
                          WIDTH="137"
                          VPOS="1149"
                          HPOS="1003"
                          CONTENT="super"/>
                  <SP HEIGHT="52" WIDTH="15" VPOS="1149" HPOS="1139"/>
                  <String HEIGHT="52"
                          WIDTH="106"
                          VPOS="1149"
                          HPOS="1094"
                          CONTENT="hoc"/>
                  <SP HEIGHT="52" WIDTH="15" VPOS="1149" HPOS="1200"/>
                  <String HEIGHT="52"
                          WIDTH="122"
                          VPOS="1149"
                          HPOS="1139"
                          CONTENT="essent"/>
               </TextLine>
               <TextLine ID="r1l22"
                         BASELINE="1246"
                         HEIGHT="56"
                         WIDTH="757"
                         VPOS="1190"
                         HPOS="508">
                  <String HEIGHT="56"
                          WIDTH="173"
                          VPOS="1190"
                          HPOS="492"
                          CONTENT="edocti:"/>
                  <SP HEIGHT="56" WIDTH="16" VPOS="1190" HPOS="666"/>
                  <String HEIGHT="56"
                          WIDTH="237"
                          VPOS="1190"
                          HPOS="618"
                          CONTENT="quemadmodum"/>
                  <SP HEIGHT="56" WIDTH="16" VPOS="1190" HPOS="855"/>
                  <String HEIGHT="56"
                          WIDTH="158"
                          VPOS="1190"
                          HPOS="808"
                          CONTENT="vulgus"/>
                  <SP HEIGHT="56" WIDTH="16" VPOS="1190" HPOS="965"/>
                  <String HEIGHT="56"
                          WIDTH="126"
                          VPOS="1190"
                          HPOS="918"
                          CONTENT="dans"/>
                  <SP HEIGHT="56" WIDTH="16" VPOS="1190" HPOS="1044"/>
                  <String HEIGHT="56"
                          WIDTH="110"
                          VPOS="1190"
                          HPOS="997"
                          CONTENT="eis"/>
                  <SP HEIGHT="56" WIDTH="16" VPOS="1190" HPOS="1107"/>
                  <String HEIGHT="56"
                          WIDTH="189"
                          VPOS="1190"
                          HPOS="1060"
                          CONTENT="pecuniam"/>
                  <SP HEIGHT="56" WIDTH="16" VPOS="1190" HPOS="1249"/>
                  <String HEIGHT="56"
                          WIDTH="79"
                          VPOS="1190"
                          HPOS="1186"
                          CONTENT="non"/>
               </TextLine>
               <TextLine ID="r1l23"
                         BASELINE="1291"
                         HEIGHT="48"
                         WIDTH="754"
                         VPOS="1243"
                         HPOS="504">
                  <String HEIGHT="48"
                          WIDTH="156"
                          VPOS="1243"
                          HPOS="490"
                          CONTENT="peccat:"/>
                  <SP HEIGHT="48" WIDTH="14" VPOS="1243" HPOS="646"/>
                  <String HEIGHT="48"
                          WIDTH="114"
                          VPOS="1243"
                          HPOS="604"
                          CONTENT="quia"/>
                  <SP HEIGHT="48" WIDTH="14" VPOS="1243" HPOS="717"/>
                  <String HEIGHT="48"
                          WIDTH="100"
                          VPOS="1243"
                          HPOS="675"
                          CONTENT="non"/>
                  <SP HEIGHT="48" WIDTH="14" VPOS="1243" HPOS="774"/>
                  <String HEIGHT="48"
                          WIDTH="185"
                          VPOS="1243"
                          HPOS="732"
                          CONTENT="cognoscit"/>
                  <SP HEIGHT="48" WIDTH="14" VPOS="1243" HPOS="917"/>
                  <String HEIGHT="48"
                          WIDTH="128"
                          VPOS="1243"
                          HPOS="874"
                          CONTENT="eorum"/>
                  <SP HEIGHT="48" WIDTH="14" VPOS="1243" HPOS="1002"/>
                  <String HEIGHT="48"
                          WIDTH="156"
                          VPOS="1243"
                          HPOS="959"
                          CONTENT="regulam"/>
                  <SP HEIGHT="48" WIDTH="14" VPOS="1243" HPOS="1116"/>
                  <String HEIGHT="48"
                          WIDTH="100"
                          VPOS="1243"
                          HPOS="1073"
                          CONTENT="nec"/>
                  <SP HEIGHT="48" WIDTH="14" VPOS="1243" HPOS="1173"/>
                  <String HEIGHT="48"
                          WIDTH="128"
                          VPOS="1243"
                          HPOS="1130"
                          CONTENT="scire"/>
                  <SP HEIGHT="48" WIDTH="14" VPOS="1243" HPOS="1258"/>
                  <String HEIGHT="48" WIDTH="57" VPOS="1243" HPOS="1201" CONTENT="te"/>
               </TextLine>
               <TextLine ID="r1l24"
                         BASELINE="1332"
                         HEIGHT="49"
                         WIDTH="763"
                         VPOS="1283"
                         HPOS="498">
                  <String HEIGHT="49"
                          WIDTH="159"
                          VPOS="1283"
                          HPOS="482"
                          CONTENT="netur."/>
                  <SP HEIGHT="49" WIDTH="16" VPOS="1283" HPOS="641"/>
                  <String HEIGHT="49"
                          WIDTH="143"
                          VPOS="1283"
                          HPOS="593"
                          CONTENT="Secus"/>
                  <SP HEIGHT="49" WIDTH="16" VPOS="1283" HPOS="736"/>
                  <String HEIGHT="49"
                          WIDTH="111"
                          VPOS="1283"
                          HPOS="689"
                          CONTENT="est"/>
                  <SP HEIGHT="49" WIDTH="16" VPOS="1283" HPOS="800"/>
                  <String HEIGHT="49" WIDTH="95" VPOS="1283" HPOS="752" CONTENT="de"/>
                  <SP HEIGHT="49" WIDTH="16" VPOS="1283" HPOS="848"/>
                  <String HEIGHT="49"
                          WIDTH="143"
                          VPOS="1283"
                          HPOS="800"
                          CONTENT="docto"/>
                  <SP HEIGHT="49" WIDTH="16" VPOS="1283" HPOS="943"/>
                  <String HEIGHT="49"
                          WIDTH="111"
                          VPOS="1283"
                          HPOS="895"
                          CONTENT="qui"/>
                  <SP HEIGHT="49" WIDTH="16" VPOS="1283" HPOS="1007"/>
                  <String HEIGHT="49"
                          WIDTH="175"
                          VPOS="1283"
                          HPOS="959"
                          CONTENT="peccat,"/>
                  <SP HEIGHT="49" WIDTH="16" VPOS="1283" HPOS="1134"/>
                  <String HEIGHT="49"
                          WIDTH="127"
                          VPOS="1283"
                          HPOS="1086"
                          CONTENT="quia"/>
                  <SP HEIGHT="49" WIDTH="16" VPOS="1283" HPOS="1213"/>
                  <String HEIGHT="49"
                          WIDTH="111"
                          VPOS="1283"
                          HPOS="1150"
                          CONTENT="pecca"/>
               </TextLine>
               <TextLine ID="r1l25"
                         BASELINE="1381"
                         HEIGHT="56"
                         WIDTH="764"
                         VPOS="1325"
                         HPOS="498">
                  <String HEIGHT="56" WIDTH="94" VPOS="1325" HPOS="482" CONTENT="to"/>
                  <SP HEIGHT="56" WIDTH="16" VPOS="1325" HPOS="576"/>
                  <String HEIGHT="56"
                          WIDTH="234"
                          VPOS="1325"
                          HPOS="529"
                          CONTENT="recipientum"/>
                  <SP HEIGHT="56" WIDTH="16" VPOS="1325" HPOS="763"/>
                  <String HEIGHT="56"
                          WIDTH="218"
                          VPOS="1325"
                          HPOS="716"
                          CONTENT="cooperatur"/>
                  <SP HEIGHT="56" WIDTH="16" VPOS="1325" HPOS="935"/>
                  <String HEIGHT="56"
                          WIDTH="187"
                          VPOS="1325"
                          HPOS="888"
                          CONTENT="scienter"/>
                  <SP HEIGHT="56" WIDTH="16" VPOS="1325" HPOS="1075"/>
                  <String HEIGHT="56"
                          WIDTH="109"
                          VPOS="1325"
                          HPOS="1028"
                          CONTENT="vel"/>
                  <SP HEIGHT="56" WIDTH="16" VPOS="1325" HPOS="1137"/>
                  <String HEIGHT="56"
                          WIDTH="187"
                          VPOS="1325"
                          HPOS="1075"
                          CONTENT="ignoranter"/>
               </TextLine>
               <TextLine ID="r1l26"
                         BASELINE="1426"
                         HEIGHT="55"
                         WIDTH="752"
                         VPOS="1371"
                         HPOS="504">
                  <String HEIGHT="55"
                          WIDTH="237"
                          VPOS="1371"
                          HPOS="490"
                          CONTENT="vincibiliter,"/>
                  <SP HEIGHT="55" WIDTH="14" VPOS="1371" HPOS="727"/>
                  <String HEIGHT="55"
                          WIDTH="111"
                          VPOS="1371"
                          HPOS="685"
                          CONTENT="quod"/>
                  <SP HEIGHT="55" WIDTH="14" VPOS="1371" HPOS="796"/>
                  <String HEIGHT="55"
                          WIDTH="111"
                          VPOS="1371"
                          HPOS="755"
                          CONTENT="enim"/>
                  <SP HEIGHT="55" WIDTH="14" VPOS="1371" HPOS="866"/>
                  <String HEIGHT="55" WIDTH="97" VPOS="1371" HPOS="824" CONTENT="vni"/>
                  <SP HEIGHT="55" WIDTH="14" VPOS="1371" HPOS="922"/>
                  <String HEIGHT="55" WIDTH="97" VPOS="1371" HPOS="880" CONTENT="est"/>
                  <SP HEIGHT="55" WIDTH="14" VPOS="1371" HPOS="977"/>
                  <String HEIGHT="55"
                          WIDTH="195"
                          VPOS="1371"
                          HPOS="936"
                          CONTENT="ignorantia"/>
                  <SP HEIGHT="55" WIDTH="14" VPOS="1371" HPOS="1131"/>
                  <String HEIGHT="55"
                          WIDTH="181"
                          VPOS="1371"
                          HPOS="1075"
                          CONTENT="vincibilis:"/>
               </TextLine>
               <TextLine ID="r1l27"
                         BASELINE="1470"
                         HEIGHT="60"
                         WIDTH="335"
                         VPOS="1410"
                         HPOS="504">
                  <String HEIGHT="60"
                          WIDTH="140"
                          VPOS="1410"
                          HPOS="490"
                          CONTENT="alteri"/>
                  <SP HEIGHT="60" WIDTH="14" VPOS="1410" HPOS="630"/>
                  <String HEIGHT="60" WIDTH="98" VPOS="1410" HPOS="588" CONTENT="est"/>
                  <SP HEIGHT="60" WIDTH="14" VPOS="1410" HPOS="685"/>
                  <String HEIGHT="60"
                          WIDTH="209"
                          VPOS="1410"
                          HPOS="630"
                          CONTENT="inuincibilis."/>
               </TextLine>
               <TextLine ID="r1l28"
                         BASELINE="1556"
                         HEIGHT="98"
                         WIDTH="757"
                         VPOS="1458"
                         HPOS="501">
                  <String HEIGHT="98" WIDTH="115" VPOS="1458" HPOS="478" CONTENT=""/>
                  <SP HEIGHT="98" WIDTH="23" VPOS="1458" HPOS="593"/>
                  <String HEIGHT="98"
                          WIDTH="390"
                          VPOS="1458"
                          HPOS="524"
                          CONTENT="Distinctionis"/>
                  <SP HEIGHT="98" WIDTH="23" VPOS="1458" HPOS="914"/>
                  <String HEIGHT="98"
                          WIDTH="298"
                          VPOS="1458"
                          HPOS="845"
                          CONTENT="Vigesimae"/>
                  <SP HEIGHT="98" WIDTH="23" VPOS="1458" HPOS="1143"/>
                  <String HEIGHT="98"
                          WIDTH="206"
                          VPOS="1458"
                          HPOS="1052"
                          CONTENT="quintae"/>
               </TextLine>
               <TextLine ID="r1l30"
                         BASELINE="1619"
                         HEIGHT="83"
                         WIDTH="409"
                         VPOS="1536"
                         HPOS="676">
                  <String HEIGHT="83"
                          WIDTH="289"
                          VPOS="1536"
                          HPOS="652"
                          CONTENT="Quaestio"/>
                  <SP HEIGHT="83" WIDTH="24" VPOS="1536" HPOS="941"/>
                  <String HEIGHT="83"
                          WIDTH="241"
                          VPOS="1536"
                          HPOS="844"
                          CONTENT="Septima."/>
               </TextLine>
               <TextLine ID="line_1592175684194_1539"
                         BASELINE="1685"
                         HEIGHT="89"
                         WIDTH="424"
                         VPOS="1596"
                         HPOS="838">
                  <String HEIGHT="89"
                          WIDTH="283"
                          VPOS="1596"
                          HPOS="810"
                          CONTENT="Eptimo"/>
                  <SP HEIGHT="89" WIDTH="28" VPOS="1596" HPOS="1092"/>
                  <String HEIGHT="89" WIDTH="141" VPOS="1596" HPOS="1008" CONTENT="&amp;"/>
                  <SP HEIGHT="89" WIDTH="28" VPOS="1596" HPOS="1149"/>
                  <String HEIGHT="89"
                          WIDTH="226"
                          VPOS="1596"
                          HPOS="1036"
                          CONTENT="vltimo"/>
               </TextLine>
               <TextLine ID="r1l33"
                         BASELINE="1727"
                         HEIGHT="66"
                         WIDTH="419"
                         VPOS="1661"
                         HPOS="834">
                  <String HEIGHT="66"
                          WIDTH="126"
                          VPOS="1661"
                          HPOS="820"
                          CONTENT="circa"/>
                  <SP HEIGHT="66" WIDTH="14" VPOS="1661" HPOS="946"/>
                  <String HEIGHT="66"
                          WIDTH="112"
                          VPOS="1661"
                          HPOS="904"
                          CONTENT="hanc"/>
                  <SP HEIGHT="66" WIDTH="14" VPOS="1661" HPOS="1016"/>
                  <String HEIGHT="66"
                          WIDTH="168"
                          VPOS="1661"
                          HPOS="974"
                          CONTENT="materiam"/>
                  <SP HEIGHT="66" WIDTH="14" VPOS="1661" HPOS="1141"/>
                  <String HEIGHT="66"
                          WIDTH="168"
                          VPOS="1661"
                          HPOS="1085"
                          CONTENT="quaerituri"/>
               </TextLine>
               <TextLine ID="r1l34"
                         BASELINE="1770"
                         HEIGHT="59"
                         WIDTH="402"
                         VPOS="1711"
                         HPOS="847">
                  <String HEIGHT="59"
                          WIDTH="119"
                          VPOS="1711"
                          HPOS="832"
                          CONTENT="quae"/>
                  <SP HEIGHT="59" WIDTH="15" VPOS="1711" HPOS="951"/>
                  <String HEIGHT="59"
                          WIDTH="104"
                          VPOS="1711"
                          HPOS="907"
                          CONTENT="sit"/>
                  <SP HEIGHT="59" WIDTH="15" VPOS="1711" HPOS="1011"/>
                  <String HEIGHT="59"
                          WIDTH="134"
                          VPOS="1711"
                          HPOS="966"
                          CONTENT="poena"/>
                  <SP HEIGHT="59" WIDTH="15" VPOS="1711" HPOS="1100"/>
                  <String HEIGHT="59"
                          WIDTH="208"
                          VPOS="1711"
                          HPOS="1041"
                          CONTENT="simoniacorum"/>
               </TextLine>
               <TextLine ID="r1l35"
                         BASELINE="1815"
                         HEIGHT="60"
                         WIDTH="422"
                         VPOS="1755"
                         HPOS="837">
                  <String HEIGHT="60"
                          WIDTH="234"
                          VPOS="1755"
                          HPOS="821"
                          CONTENT="Respodetur."/>
                  <SP HEIGHT="60" WIDTH="16" VPOS="1755" HPOS="1056"/>
                  <String HEIGHT="60"
                          WIDTH="141"
                          VPOS="1755"
                          HPOS="1009"
                          CONTENT="licet"/>
                  <SP HEIGHT="60" WIDTH="16" VPOS="1755" HPOS="1150"/>
                  <String HEIGHT="60"
                          WIDTH="172"
                          VPOS="1755"
                          HPOS="1087"
                          CONTENT="multipli"
                          SUBS_TYPE="HypPart1"
                          SUBS_CONTENT="multiplices"/>
                  <HYP CONTENT="-"/>
               </TextLine>
               <TextLine ID="r1l36"
                         BASELINE="1860"
                         HEIGHT="60"
                         WIDTH="419"
                         VPOS="1800"
                         HPOS="834">
                  <String HEIGHT="60"
                          WIDTH="95"
                          VPOS="1800"
                          HPOS="820"
                          CONTENT="ces"
                          SUBS_TYPE="HypPart2"
                          SUBS_CONTENT="multiplices"/>
                  <SP HEIGHT="60" WIDTH="14" VPOS="1800" HPOS="915"/>
                  <String HEIGHT="60"
                          WIDTH="108"
                          VPOS="1800"
                          HPOS="875"
                          CONTENT="sint"/>
                  <SP HEIGHT="60" WIDTH="14" VPOS="1800" HPOS="983"/>
                  <String HEIGHT="60"
                          WIDTH="122"
                          VPOS="1800"
                          HPOS="942"
                          CONTENT="eorum"/>
                  <SP HEIGHT="60" WIDTH="14" VPOS="1800" HPOS="1064"/>
                  <String HEIGHT="60"
                          WIDTH="149"
                          VPOS="1800"
                          HPOS="1023"
                          CONTENT="poenae:"/>
                  <SP HEIGHT="60" WIDTH="14" VPOS="1800" HPOS="1172"/>
                  <String HEIGHT="60"
                          WIDTH="122"
                          VPOS="1800"
                          HPOS="1131"
                          CONTENT="tamen"/>
                  <SP HEIGHT="60" WIDTH="14" VPOS="1800" HPOS="1253"/>
                  <String HEIGHT="60" WIDTH="54" VPOS="1800" HPOS="1199" CONTENT="de"/>
               </TextLine>
               <TextLine ID="r1l38"
                         BASELINE="1902"
                         HEIGHT="60"
                         WIDTH="416"
                         VPOS="1842"
                         HPOS="837">
                  <String HEIGHT="60"
                          WIDTH="250"
                          VPOS="1842"
                          HPOS="820"
                          CONTENT="grauioribus"/>
                  <SP HEIGHT="60" WIDTH="17" VPOS="1842" HPOS="1070"/>
                  <String HEIGHT="60"
                          WIDTH="150"
                          VPOS="1842"
                          HPOS="1020"
                          CONTENT="solum"/>
                  <SP HEIGHT="60" WIDTH="17" VPOS="1842" HPOS="1170"/>
                  <String HEIGHT="60"
                          WIDTH="150"
                          VPOS="1842"
                          HPOS="1103"
                          CONTENT="loquar"
                          SUBS_TYPE="HypPart1"
                          SUBS_CONTENT="loquarVna"/>
                  <HYP CONTENT="-"/>
               </TextLine>
               <TextLine ID="r1l40"
                         BASELINE="1948"
                         HEIGHT="61"
                         WIDTH="427"
                         VPOS="1887"
                         HPOS="837">
                  <String HEIGHT="61"
                          WIDTH="111"
                          VPOS="1887"
                          HPOS="821"
                          CONTENT="Vna"
                          SUBS_TYPE="HypPart2"
                          SUBS_CONTENT="loquarVna"/>
                  <SP HEIGHT="61" WIDTH="16" VPOS="1887" HPOS="932"/>
                  <String HEIGHT="61"
                          WIDTH="142"
                          VPOS="1887"
                          HPOS="884"
                          CONTENT="poena"/>
                  <SP HEIGHT="61" WIDTH="16" VPOS="1887" HPOS="1027"/>
                  <String HEIGHT="61"
                          WIDTH="111"
                          VPOS="1887"
                          HPOS="979"
                          CONTENT="est"/>
                  <SP HEIGHT="61" WIDTH="16" VPOS="1887" HPOS="1090"/>
                  <String HEIGHT="61"
                          WIDTH="127"
                          VPOS="1887"
                          HPOS="1043"
                          CONTENT="quod"/>
                  <SP HEIGHT="61" WIDTH="16" VPOS="1887" HPOS="1169"/>
                  <String HEIGHT="61"
                          WIDTH="158"
                          VPOS="1887"
                          HPOS="1106"
                          CONTENT="simonia"
                          SUBS_TYPE="HypPart1"
                          SUBS_CONTENT="simoniaci"/>
                  <HYP CONTENT="-"/>
               </TextLine>
               <TextLine ID="r1l41"
                         BASELINE="1977"
                         HEIGHT="43"
                         WIDTH="758"
                         VPOS="1934"
                         HPOS="501">
                  <String HEIGHT="43"
                          WIDTH="91"
                          VPOS="1934"
                          HPOS="486"
                          CONTENT="ci"
                          SUBS_TYPE="HypPart2"
                          SUBS_CONTENT="simoniaci"/>
                  <SP HEIGHT="43" WIDTH="15" VPOS="1934" HPOS="577"/>
                  <String HEIGHT="43" WIDTH="91" VPOS="1934" HPOS="531" CONTENT="in"/>
                  <SP HEIGHT="43" WIDTH="15" VPOS="1934" HPOS="622"/>
                  <String HEIGHT="43"
                          WIDTH="152"
                          VPOS="1934"
                          HPOS="577"
                          CONTENT="ordine"/>
                  <SP HEIGHT="43" WIDTH="15" VPOS="1934" HPOS="728"/>
                  <String HEIGHT="43"
                          WIDTH="106"
                          VPOS="1934"
                          HPOS="683"
                          CONTENT="vel"/>
                  <SP HEIGHT="43" WIDTH="15" VPOS="1934" HPOS="789"/>
                  <String HEIGHT="43"
                          WIDTH="197"
                          VPOS="1934"
                          HPOS="744"
                          CONTENT="beneficio"/>
                  <SP HEIGHT="43" WIDTH="15" VPOS="1934" HPOS="941"/>
                  <String HEIGHT="43"
                          WIDTH="121"
                          VPOS="1934"
                          HPOS="895"
                          CONTENT="sunt"/>
                  <SP HEIGHT="43" WIDTH="15" VPOS="1934" HPOS="1016"/>
                  <String HEIGHT="43"
                          WIDTH="273"
                          VPOS="1934"
                          HPOS="971"
                          CONTENT="excommunicati:"/>
                  <SP HEIGHT="43" WIDTH="15" VPOS="1934" HPOS="1244"/>
                  <String HEIGHT="43"
                          WIDTH="76"
                          VPOS="1934"
                          HPOS="1183"
                          CONTENT="nec"/>
               </TextLine>
               <TextLine ID="r1l42"
                         BASELINE="2032"
                         HEIGHT="55"
                         WIDTH="757"
                         VPOS="1977"
                         HPOS="498">
                  <String HEIGHT="55"
                          WIDTH="102"
                          VPOS="1977"
                          HPOS="483"
                          CONTENT="ius"/>
                  <SP HEIGHT="55" WIDTH="15" VPOS="1977" HPOS="585"/>
                  <String HEIGHT="55"
                          WIDTH="189"
                          VPOS="1977"
                          HPOS="542"
                          CONTENT="acquirunt"/>
                  <SP HEIGHT="55" WIDTH="15" VPOS="1977" HPOS="731"/>
                  <String HEIGHT="55" WIDTH="87" VPOS="1977" HPOS="687" CONTENT="in"/>
                  <SP HEIGHT="55" WIDTH="15" VPOS="1977" HPOS="775"/>
                  <String HEIGHT="55"
                          WIDTH="204"
                          VPOS="1977"
                          HPOS="731"
                          CONTENT="beneficio."/>
                  <SP HEIGHT="55" WIDTH="15" VPOS="1977" HPOS="935"/>
                  <String HEIGHT="55"
                          WIDTH="102"
                          VPOS="1977"
                          HPOS="891"
                          CONTENT="Hoc"/>
                  <SP HEIGHT="55" WIDTH="15" VPOS="1977" HPOS="993"/>
                  <String HEIGHT="55"
                          WIDTH="204"
                          VPOS="1977"
                          HPOS="949"
                          CONTENT="quaestione"/>
                  <SP HEIGHT="55" WIDTH="15" VPOS="1977" HPOS="1153"/>
                  <String HEIGHT="55"
                          WIDTH="146"
                          VPOS="1977"
                          HPOS="1109"
                          CONTENT="quinta"/>
                  <SP HEIGHT="55" WIDTH="15" VPOS="1977" HPOS="1255"/>
                  <String HEIGHT="55" WIDTH="58" VPOS="1977" HPOS="1197" CONTENT="in"/>
               </TextLine>
               <TextLine ID="r1l43"
                         BASELINE="2074"
                         HEIGHT="55"
                         WIDTH="744"
                         VPOS="2019"
                         HPOS="508">
                  <String HEIGHT="55"
                          WIDTH="237"
                          VPOS="2019"
                          HPOS="491"
                          CONTENT="probatione"/>
                  <SP HEIGHT="55" WIDTH="17" VPOS="2019" HPOS="728"/>
                  <String HEIGHT="55"
                          WIDTH="271"
                          VPOS="2019"
                          HPOS="677"
                          CONTENT="conclusionis"/>
                  <SP HEIGHT="55" WIDTH="17" VPOS="2019" HPOS="948"/>
                  <String HEIGHT="55"
                          WIDTH="203"
                          VPOS="2019"
                          HPOS="897"
                          CONTENT="diximus."/>
                  <SP HEIGHT="55" WIDTH="17" VPOS="2019" HPOS="1100"/>
                  <String HEIGHT="55"
                          WIDTH="101"
                          VPOS="2019"
                          HPOS="1049"
                          CONTENT="Et"/>
                  <SP HEIGHT="55" WIDTH="17" VPOS="2019" HPOS="1151"/>
                  <String HEIGHT="55"
                          WIDTH="169"
                          VPOS="2019"
                          HPOS="1083"
                          CONTENT="Martinus"/>
               </TextLine>
               <TextLine ID="r1l44"
                         BASELINE="2123"
                         HEIGHT="59"
                         WIDTH="755"
                         VPOS="2064"
                         HPOS="501">
                  <String HEIGHT="59"
                          WIDTH="177"
                          VPOS="2064"
                          HPOS="485"
                          CONTENT="Quintus"/>
                  <SP HEIGHT="59" WIDTH="16" VPOS="2064" HPOS="662"/>
                  <String HEIGHT="59" WIDTH="96" VPOS="2064" HPOS="613" CONTENT="in"/>
                  <SP HEIGHT="59" WIDTH="16" VPOS="2064" HPOS="710"/>
                  <String HEIGHT="59"
                          WIDTH="129"
                          VPOS="2064"
                          HPOS="662"
                          CONTENT="alia"/>
                  <SP HEIGHT="59" WIDTH="16" VPOS="2064" HPOS="790"/>
                  <String HEIGHT="59"
                          WIDTH="257"
                          VPOS="2064"
                          HPOS="742"
                          CONTENT="extrauagante"/>
                  <SP HEIGHT="59" WIDTH="16" VPOS="2064" HPOS="999"/>
                  <String HEIGHT="59"
                          WIDTH="145"
                          VPOS="2064"
                          HPOS="951"
                          CONTENT="facta"/>
                  <SP HEIGHT="59" WIDTH="16" VPOS="2064" HPOS="1095"/>
                  <String HEIGHT="59"
                          WIDTH="129"
                          VPOS="2064"
                          HPOS="1047"
                          CONTENT="anno"/>
                  <SP HEIGHT="59" WIDTH="16" VPOS="2064" HPOS="1176"/>
                  <String HEIGHT="59"
                          WIDTH="145"
                          VPOS="2064"
                          HPOS="1111"
                          CONTENT="secundo"/>
               </TextLine>
               <TextLine ID="r1l45"
                         BASELINE="2165"
                         HEIGHT="56"
                         WIDTH="756"
                         VPOS="2109"
                         HPOS="502">
                  <String HEIGHT="56"
                          WIDTH="106"
                          VPOS="2109"
                          HPOS="487"
                          CONTENT="sui"/>
                  <SP HEIGHT="56" WIDTH="15" VPOS="2109" HPOS="593"/>
                  <String HEIGHT="56"
                          WIDTH="242"
                          VPOS="2109"
                          HPOS="547"
                          CONTENT="pontificatus"/>
                  <SP HEIGHT="56" WIDTH="15" VPOS="2109" HPOS="789"/>
                  <String HEIGHT="56"
                          WIDTH="181"
                          VPOS="2109"
                          HPOS="744"
                          CONTENT="Mantuae,"/>
                  <SP HEIGHT="56" WIDTH="15" VPOS="2109" HPOS="925"/>
                  <String HEIGHT="56"
                          WIDTH="121"
                          VPOS="2109"
                          HPOS="880"
                          CONTENT="quae"/>
                  <SP HEIGHT="56" WIDTH="15" VPOS="2109" HPOS="1001"/>
                  <String HEIGHT="56"
                          WIDTH="166"
                          VPOS="2109"
                          HPOS="956"
                          CONTENT="incipit"/>
                  <SP HEIGHT="56" WIDTH="15" VPOS="2109" HPOS="1122"/>
                  <String HEIGHT="56"
                          WIDTH="197"
                          VPOS="2109"
                          HPOS="1061"
                          CONTENT="Damnabilem."/>
               </TextLine>
               <TextLine ID="r1l46"
                         BASELINE="2210"
                         HEIGHT="58"
                         WIDTH="742"
                         VPOS="2152"
                         HPOS="511">
                  <String HEIGHT="58"
                          WIDTH="201"
                          VPOS="2152"
                          HPOS="496"
                          CONTENT="confirmat"/>
                  <SP HEIGHT="58" WIDTH="15" VPOS="2152" HPOS="697"/>
                  <String HEIGHT="58"
                          WIDTH="139"
                          VPOS="2152"
                          HPOS="650"
                          CONTENT="omnes"/>
                  <SP HEIGHT="58" WIDTH="15" VPOS="2152" HPOS="789"/>
                  <String HEIGHT="58"
                          WIDTH="340"
                          VPOS="2152"
                          HPOS="743"
                          CONTENT="excommunicationes,"/>
                  <SP HEIGHT="58" WIDTH="15" VPOS="2152" HPOS="1083"/>
                  <String HEIGHT="58"
                          WIDTH="232"
                          VPOS="2152"
                          HPOS="1021"
                          CONTENT="suspensiones,"/>
               </TextLine>
               <TextLine ID="r1l47"
                         BASELINE="2255"
                         HEIGHT="54"
                         WIDTH="763"
                         VPOS="2201"
                         HPOS="498">
                  <String HEIGHT="54"
                          WIDTH="249"
                          VPOS="2201"
                          HPOS="482"
                          CONTENT="priuationes,"/>
                  <SP HEIGHT="54" WIDTH="16" VPOS="2201" HPOS="732"/>
                  <String HEIGHT="54" WIDTH="78" VPOS="2201" HPOS="685" CONTENT="&amp;"/>
                  <SP HEIGHT="54" WIDTH="16" VPOS="2201" HPOS="763"/>
                  <String HEIGHT="54"
                          WIDTH="234"
                          VPOS="2201"
                          HPOS="716"
                          CONTENT="interdicta,"/>
                  <SP HEIGHT="54" WIDTH="16" VPOS="2201" HPOS="950"/>
                  <String HEIGHT="54" WIDTH="78" VPOS="2201" HPOS="903" CONTENT="&amp;"/>
                  <SP HEIGHT="54" WIDTH="16" VPOS="2201" HPOS="981"/>
                  <String HEIGHT="54"
                          WIDTH="140"
                          VPOS="2201"
                          HPOS="934"
                          CONTENT="alias"/>
                  <SP HEIGHT="54" WIDTH="16" VPOS="2201" HPOS="1074"/>
                  <String HEIGHT="54"
                          WIDTH="187"
                          VPOS="2201"
                          HPOS="1027"
                          CONTENT="censuras"/>
                  <SP HEIGHT="54" WIDTH="16" VPOS="2201" HPOS="1214"/>
                  <String HEIGHT="54" WIDTH="78" VPOS="2201" HPOS="1168" CONTENT="a"/>
                  <SP HEIGHT="54" WIDTH="16" VPOS="2201" HPOS="1245"/>
                  <String HEIGHT="54"
                          WIDTH="78"
                          VPOS="2201"
                          HPOS="1183"
                          CONTENT="sum"/>
               </TextLine>
               <TextLine ID="r1l48"
                         BASELINE="2296"
                         HEIGHT="51"
                         WIDTH="759"
                         VPOS="2245"
                         HPOS="499">
                  <String HEIGHT="51"
                          WIDTH="104"
                          VPOS="2245"
                          HPOS="484"
                          CONTENT="mis"/>
                  <SP HEIGHT="51" WIDTH="15" VPOS="2245" HPOS="588"/>
                  <String HEIGHT="51"
                          WIDTH="238"
                          VPOS="2245"
                          HPOS="544"
                          CONTENT="pontificibus"/>
                  <SP HEIGHT="51" WIDTH="15" VPOS="2245" HPOS="782"/>
                  <String HEIGHT="51"
                          WIDTH="134"
                          VPOS="2245"
                          HPOS="737"
                          CONTENT="latas"/>
                  <SP HEIGHT="51" WIDTH="15" VPOS="2245" HPOS="871"/>
                  <String HEIGHT="51"
                          WIDTH="149"
                          VPOS="2245"
                          HPOS="826"
                          CONTENT="contra"/>
                  <SP HEIGHT="51" WIDTH="15" VPOS="2245" HPOS="975"/>
                  <String HEIGHT="51"
                          WIDTH="223"
                          VPOS="2245"
                          HPOS="931"
                          CONTENT="simoniacos:"/>
                  <SP HEIGHT="51" WIDTH="15" VPOS="2245" HPOS="1154"/>
                  <String HEIGHT="51"
                          WIDTH="119"
                          VPOS="2245"
                          HPOS="1109"
                          CONTENT="quas"/>
                  <SP HEIGHT="51" WIDTH="15" VPOS="2245" HPOS="1228"/>
                  <String HEIGHT="51"
                          WIDTH="89"
                          VPOS="2245"
                          HPOS="1169"
                          CONTENT="vult"/>
               </TextLine>
               <TextLine ID="r1l49"
                         BASELINE="2335"
                         HEIGHT="48"
                         WIDTH="748"
                         VPOS="2287"
                         HPOS="504">
                  <String HEIGHT="48"
                          WIDTH="211"
                          VPOS="2287"
                          HPOS="488"
                          CONTENT="incurrere"/>
                  <SP HEIGHT="48" WIDTH="16" VPOS="2287" HPOS="699"/>
                  <String HEIGHT="48"
                          WIDTH="130"
                          VPOS="2287"
                          HPOS="650"
                          CONTENT="ipso"/>
                  <SP HEIGHT="48" WIDTH="16" VPOS="2287" HPOS="780"/>
                  <String HEIGHT="48"
                          WIDTH="146"
                          VPOS="2287"
                          HPOS="732"
                          CONTENT="facto"/>
                  <SP HEIGHT="48" WIDTH="16" VPOS="2287" HPOS="878"/>
                  <String HEIGHT="48"
                          WIDTH="146"
                          VPOS="2287"
                          HPOS="829"
                          CONTENT="omnem"/>
                  <SP HEIGHT="48" WIDTH="16" VPOS="2287" HPOS="976"/>
                  <String HEIGHT="48"
                          WIDTH="228"
                          VPOS="2287"
                          HPOS="927"
                          CONTENT="simoniacum"/>
                  <SP HEIGHT="48" WIDTH="16" VPOS="2287" HPOS="1154"/>
                  <String HEIGHT="48"
                          WIDTH="163"
                          VPOS="2287"
                          HPOS="1089"
                          CONTENT="occultum"/>
               </TextLine>
               <TextLine ID="r1l50"
                         BASELINE="2393"
                         HEIGHT="56"
                         WIDTH="760"
                         VPOS="2337"
                         HPOS="499">
                  <String HEIGHT="56"
                          WIDTH="102"
                          VPOS="2337"
                          HPOS="484"
                          CONTENT="vel"/>
                  <SP HEIGHT="56" WIDTH="15" VPOS="2337" HPOS="587"/>
                  <String HEIGHT="56"
                          WIDTH="219"
                          VPOS="2337"
                          HPOS="543"
                          CONTENT="manifestum,"/>
                  <SP HEIGHT="56" WIDTH="15" VPOS="2337" HPOS="762"/>
                  <String HEIGHT="56"
                          WIDTH="190"
                          VPOS="2337"
                          HPOS="718"
                          CONTENT="vbicumque"/>
                  <SP HEIGHT="56" WIDTH="15" VPOS="2337" HPOS="908"/>
                  <String HEIGHT="56"
                          WIDTH="175"
                          VPOS="2337"
                          HPOS="864"
                          CONTENT="simoniam"/>
                  <SP HEIGHT="56" WIDTH="15" VPOS="2337" HPOS="1040"/>
                  <String HEIGHT="56"
                          WIDTH="219"
                          VPOS="2337"
                          HPOS="996"
                          CONTENT="commiserit:"/>
                  <SP HEIGHT="56" WIDTH="15" VPOS="2337" HPOS="1215"/>
                  <String HEIGHT="56"
                          WIDTH="102"
                          VPOS="2337"
                          HPOS="1157"
                          CONTENT="cuius"/>
               </TextLine>
               <TextLine ID="r1l51"
                         BASELINE="2433"
                         HEIGHT="50"
                         WIDTH="763"
                         VPOS="2383"
                         HPOS="499">
                  <String HEIGHT="50"
                          WIDTH="144"
                          VPOS="2383"
                          HPOS="485"
                          CONTENT="cumque"/>
                  <SP HEIGHT="50" WIDTH="14" VPOS="2383" HPOS="629"/>
                  <String HEIGHT="50"
                          WIDTH="158"
                          VPOS="2383"
                          HPOS="585"
                          CONTENT="status:"/>
                  <SP HEIGHT="50" WIDTH="14" VPOS="2383" HPOS="744"/>
                  <String HEIGHT="50"
                          WIDTH="130"
                          VPOS="2383"
                          HPOS="701"
                          CONTENT="etiam"/>
                  <SP HEIGHT="50" WIDTH="14" VPOS="2383" HPOS="830"/>
                  <String HEIGHT="50" WIDTH="86" VPOS="2383" HPOS="787" CONTENT="si"/>
                  <SP HEIGHT="50" WIDTH="14" VPOS="2383" HPOS="873"/>
                  <String HEIGHT="50"
                          WIDTH="216"
                          VPOS="2383"
                          HPOS="830"
                          CONTENT="episcopatus"/>
                  <SP HEIGHT="50" WIDTH="14" VPOS="2383" HPOS="1046"/>
                  <String HEIGHT="50"
                          WIDTH="101"
                          VPOS="2383"
                          HPOS="1003"
                          CONTENT="aut"/>
                  <SP HEIGHT="50" WIDTH="14" VPOS="2383" HPOS="1104"/>
                  <String HEIGHT="50"
                          WIDTH="216"
                          VPOS="2383"
                          HPOS="1046"
                          CONTENT="cardinalatus,"/>
               </TextLine>
               <TextLine ID="r1l52"
                         BASELINE="2478"
                         HEIGHT="52"
                         WIDTH="745"
                         VPOS="2426"
                         HPOS="508">
                  <String HEIGHT="52" WIDTH="95" VPOS="2426" HPOS="494" CONTENT="vel"/>
                  <SP HEIGHT="52" WIDTH="14" VPOS="2426" HPOS="589"/>
                  <String HEIGHT="52"
                          WIDTH="135"
                          VPOS="2426"
                          HPOS="549"
                          CONTENT="quauis"/>
                  <SP HEIGHT="52" WIDTH="14" VPOS="2426" HPOS="684"/>
                  <String HEIGHT="52"
                          WIDTH="108"
                          VPOS="2426"
                          HPOS="643"
                          CONTENT="alia"/>
                  <SP HEIGHT="52" WIDTH="14" VPOS="2426" HPOS="752"/>
                  <String HEIGHT="52"
                          WIDTH="230"
                          VPOS="2426"
                          HPOS="711"
                          CONTENT="ecclesiastica"/>
                  <SP HEIGHT="52" WIDTH="14" VPOS="2426" HPOS="941"/>
                  <String HEIGHT="52" WIDTH="95" VPOS="2426" HPOS="901" CONTENT="vel"/>
                  <SP HEIGHT="52" WIDTH="14" VPOS="2426" HPOS="996"/>
                  <String HEIGHT="52"
                          WIDTH="176"
                          VPOS="2426"
                          HPOS="955"
                          CONTENT="temporali"/>
                  <SP HEIGHT="52" WIDTH="14" VPOS="2426" HPOS="1131"/>
                  <String HEIGHT="52"
                          WIDTH="176"
                          VPOS="2426"
                          HPOS="1077"
                          CONTENT="praefulgeat"/>
               </TextLine>
               <TextLine ID="r1l53"
                         BASELINE="2522"
                         HEIGHT="57"
                         WIDTH="759"
                         VPOS="2465"
                         HPOS="499">
                  <String HEIGHT="57"
                          WIDTH="208"
                          VPOS="2465"
                          HPOS="484"
                          CONTENT="dignitate:"/>
                  <SP HEIGHT="57" WIDTH="15" VPOS="2465" HPOS="692"/>
                  <String HEIGHT="57"
                          WIDTH="179"
                          VPOS="2465"
                          HPOS="648"
                          CONTENT="dictarum"/>
                  <SP HEIGHT="57" WIDTH="15" VPOS="2465" HPOS="826"/>
                  <String HEIGHT="57"
                          WIDTH="327"
                          VPOS="2465"
                          HPOS="782"
                          CONTENT="excommunicationum,"/>
                  <SP HEIGHT="57" WIDTH="15" VPOS="2465" HPOS="1109"/>
                  <String HEIGHT="57"
                          WIDTH="208"
                          VPOS="2465"
                          HPOS="1050"
                          CONTENT="suspensionum"/>
               </TextLine>
               <TextLine ID="r1l54"
                         BASELINE="2553"
                         HEIGHT="44"
                         WIDTH="754"
                         VPOS="2509"
                         HPOS="505">
                  <String HEIGHT="44" WIDTH="75" VPOS="2509" HPOS="490" CONTENT="&amp;"/>
                  <SP HEIGHT="44" WIDTH="15" VPOS="2509" HPOS="565"/>
                  <String HEIGHT="44"
                          WIDTH="181"
                          VPOS="2509"
                          HPOS="520"
                          CONTENT="poenarum"/>
                  <SP HEIGHT="44" WIDTH="15" VPOS="2509" HPOS="701"/>
                  <String HEIGHT="44"
                          WIDTH="241"
                          VPOS="2509"
                          HPOS="656"
                          CONTENT="absolutionem"/>
                  <SP HEIGHT="44" WIDTH="15" VPOS="2509" HPOS="897"/>
                  <String HEIGHT="44"
                          WIDTH="121"
                          VPOS="2509"
                          HPOS="852"
                          CONTENT="sibi"/>
                  <SP HEIGHT="44" WIDTH="15" VPOS="2509" HPOS="972"/>
                  <String HEIGHT="44"
                          WIDTH="196"
                          VPOS="2509"
                          HPOS="927"
                          CONTENT="reseruans"/>
                  <SP HEIGHT="44" WIDTH="15" VPOS="2509" HPOS="1123"/>
                  <String HEIGHT="44"
                          WIDTH="121"
                          VPOS="2509"
                          HPOS="1078"
                          CONTENT="nisi"/>
                  <SP HEIGHT="44" WIDTH="15" VPOS="2509" HPOS="1199"/>
                  <String HEIGHT="44" WIDTH="90" VPOS="2509" HPOS="1153" CONTENT="in"/>
                  <SP HEIGHT="44" WIDTH="15" VPOS="2509" HPOS="1244"/>
                  <String HEIGHT="44"
                          WIDTH="75"
                          VPOS="2509"
                          HPOS="1184"
                          CONTENT="mor"/>
               </TextLine>
               <TextLine ID="r1l55"
                         BASELINE="2616"
                         HEIGHT="64"
                         WIDTH="754"
                         VPOS="2552"
                         HPOS="508">
                  <String HEIGHT="64" WIDTH="98" VPOS="2552" HPOS="494" CONTENT="tis"/>
                  <SP HEIGHT="64" WIDTH="14" VPOS="2552" HPOS="592"/>
                  <String HEIGHT="64"
                          WIDTH="182"
                          VPOS="2552"
                          HPOS="550"
                          CONTENT="articulo,"/>
                  <SP HEIGHT="64" WIDTH="14" VPOS="2552" HPOS="731"/>
                  <String HEIGHT="64" WIDTH="98" VPOS="2552" HPOS="690" CONTENT="nec"/>
                  <SP HEIGHT="64" WIDTH="14" VPOS="2552" HPOS="787"/>
                  <String HEIGHT="64"
                          WIDTH="112"
                          VPOS="2552"
                          HPOS="745"
                          CONTENT="vult"/>
                  <SP HEIGHT="64" WIDTH="14" VPOS="2552" HPOS="857"/>
                  <String HEIGHT="64"
                          WIDTH="112"
                          VPOS="2552"
                          HPOS="815"
                          CONTENT="quod"/>
                  <SP HEIGHT="64" WIDTH="14" VPOS="2552" HPOS="927"/>
                  <String HEIGHT="64"
                          WIDTH="154"
                          VPOS="2552"
                          HPOS="885"
                          CONTENT="virtute"/>
                  <SP HEIGHT="64" WIDTH="14" VPOS="2552" HPOS="1039"/>
                  <String HEIGHT="64"
                          WIDTH="223"
                          VPOS="2552"
                          HPOS="997"
                          CONTENT="concessionis"/>
                  <SP HEIGHT="64" WIDTH="14" VPOS="2552" HPOS="1220"/>
                  <String HEIGHT="64"
                          WIDTH="98"
                          VPOS="2552"
                          HPOS="1164"
                          CONTENT="indul"/>
               </TextLine>
               <TextLine ID="r1l56"
                         BASELINE="2655"
                         HEIGHT="58"
                         WIDTH="760"
                         VPOS="2597"
                         HPOS="499">
                  <String HEIGHT="58" WIDTH="84" VPOS="2597" HPOS="485" CONTENT="ti"/>
                  <SP HEIGHT="58" WIDTH="14" VPOS="2597" HPOS="569"/>
                  <String HEIGHT="58" WIDTH="99" VPOS="2597" HPOS="527" CONTENT="aut"/>
                  <SP HEIGHT="58" WIDTH="14" VPOS="2597" HPOS="626"/>
                  <String HEIGHT="58"
                          WIDTH="211"
                          VPOS="2597"
                          HPOS="583"
                          CONTENT="cuiuscumque"/>
                  <SP HEIGHT="58" WIDTH="14" VPOS="2597" HPOS="795"/>
                  <String HEIGHT="58"
                          WIDTH="197"
                          VPOS="2597"
                          HPOS="752"
                          CONTENT="facultatis"/>
                  <SP HEIGHT="58" WIDTH="14" VPOS="2597" HPOS="949"/>
                  <String HEIGHT="58"
                          WIDTH="197"
                          VPOS="2597"
                          HPOS="907"
                          CONTENT="absoluendi"/>
                  <SP HEIGHT="58" WIDTH="14" VPOS="2597" HPOS="1104"/>
                  <String HEIGHT="58"
                          WIDTH="183"
                          VPOS="2597"
                          HPOS="1062"
                          CONTENT="concessae"/>
                  <SP HEIGHT="58" WIDTH="14" VPOS="2597" HPOS="1245"/>
                  <String HEIGHT="58"
                          WIDTH="70"
                          VPOS="2597"
                          HPOS="1189"
                          CONTENT="vel"/>
               </TextLine>
               <TextLine ID="r1l57"
                         BASELINE="2690"
                         HEIGHT="50"
                         WIDTH="773"
                         VPOS="2640"
                         HPOS="493">
                  <String HEIGHT="50"
                          WIDTH="227"
                          VPOS="2640"
                          HPOS="478"
                          CONTENT="concedendae"/>
                  <SP HEIGHT="50" WIDTH="15" VPOS="2640" HPOS="705"/>
                  <String HEIGHT="50" WIDTH="76" VPOS="2640" HPOS="660" CONTENT="a"/>
                  <SP HEIGHT="50" WIDTH="15" VPOS="2640" HPOS="736"/>
                  <String HEIGHT="50"
                          WIDTH="121"
                          VPOS="2640"
                          HPOS="690"
                          CONTENT="sede"/>
                  <SP HEIGHT="50" WIDTH="15" VPOS="2640" HPOS="811"/>
                  <String HEIGHT="50"
                          WIDTH="212"
                          VPOS="2640"
                          HPOS="766"
                          CONTENT="apostolica"/>
                  <SP HEIGHT="50" WIDTH="15" VPOS="2640" HPOS="978"/>
                  <String HEIGHT="50"
                          WIDTH="167"
                          VPOS="2640"
                          HPOS="933"
                          CONTENT="possint"/>
                  <SP HEIGHT="50" WIDTH="15" VPOS="2640" HPOS="1099"/>
                  <String HEIGHT="50"
                          WIDTH="182"
                          VPOS="2640"
                          HPOS="1054"
                          CONTENT="absolui:"/>
                  <SP HEIGHT="50" WIDTH="15" VPOS="2640" HPOS="1236"/>
                  <String HEIGHT="50"
                          WIDTH="91"
                          VPOS="2640"
                          HPOS="1175"
                          CONTENT="nisi"/>
               </TextLine>
               <TextLine ID="r1l58"
                         BASELINE="2764"
                         HEIGHT="79"
                         WIDTH="759"
                         VPOS="2685"
                         HPOS="498">
                  <String HEIGHT="79"
                          WIDTH="223"
                          VPOS="2685"
                          HPOS="483"
                          CONTENT="specialiter"/>
                  <SP HEIGHT="79" WIDTH="15" VPOS="2685" HPOS="706"/>
                  <String HEIGHT="79" WIDTH="89" VPOS="2685" HPOS="662" CONTENT="de"/>
                  <SP HEIGHT="79" WIDTH="15" VPOS="2685" HPOS="751"/>
                  <String HEIGHT="79"
                          WIDTH="164"
                          VPOS="2685"
                          HPOS="706"
                          CONTENT="peccato"/>
                  <SP HEIGHT="79" WIDTH="15" VPOS="2685" HPOS="870"/>
                  <String HEIGHT="79"
                          WIDTH="179"
                          VPOS="2685"
                          HPOS="825"
                          CONTENT="simoniae"/>
                  <SP HEIGHT="79" WIDTH="15" VPOS="2685" HPOS="1004"/>
                  <String HEIGHT="79"
                          WIDTH="238"
                          VPOS="2685"
                          HPOS="959"
                          CONTENT="auctoritatem"/>
                  <SP HEIGHT="79" WIDTH="15" VPOS="2685" HPOS="1197"/>
                  <String HEIGHT="79"
                          WIDTH="119"
                          VPOS="2685"
                          HPOS="1138"
                          CONTENT="absol"/>
               </TextLine>
            </TextBlock>
            <TextBlock ID="r2" HEIGHT="2506" WIDTH="852" VPOS="239" HPOS="1260">
               <Shape>
                  <Polygon POINTS="1260,239 1260,2745 2112,2745 2112,239"/>
               </Shape>
               <TextLine ID="r2l2"
                         BASELINE="357"
                         HEIGHT="70"
                         WIDTH="767"
                         VPOS="287"
                         HPOS="1338">
                  <String HEIGHT="70"
                          WIDTH="141"
                          VPOS="287"
                          HPOS="1322"
                          CONTENT="uendi"/>
                  <SP HEIGHT="70" WIDTH="16" VPOS="287" HPOS="1463"/>
                  <String HEIGHT="70"
                          WIDTH="235"
                          VPOS="287"
                          HPOS="1416"
                          CONTENT="contineant."/>
                  <SP HEIGHT="70" WIDTH="16" VPOS="287" HPOS="1651"/>
                  <String HEIGHT="70"
                          WIDTH="110"
                          VPOS="287"
                          HPOS="1604"
                          CONTENT="Hoc"/>
                  <SP HEIGHT="70" WIDTH="16" VPOS="287" HPOS="1714"/>
                  <String HEIGHT="70"
                          WIDTH="125"
                          VPOS="287"
                          HPOS="1667"
                          CONTENT="idem"/>
                  <SP HEIGHT="70" WIDTH="16" VPOS="287" HPOS="1792"/>
                  <String HEIGHT="70"
                          WIDTH="157"
                          VPOS="287"
                          HPOS="1745"
                          CONTENT="voluit"/>
                  <SP HEIGHT="70" WIDTH="16" VPOS="287" HPOS="1902"/>
                  <String HEIGHT="70"
                          WIDTH="188"
                          VPOS="287"
                          HPOS="1855"
                          CONTENT="Eugenius"/>
                  <SP HEIGHT="70" WIDTH="16" VPOS="287" HPOS="2042"/>
                  <String HEIGHT="70"
                          WIDTH="141"
                          VPOS="287"
                          HPOS="1995"
                          CONTENT="Quai-"/>
                  <SP HEIGHT="70" WIDTH="16" VPOS="287" HPOS="2136"/>
                  <String HEIGHT="70" WIDTH="31" VPOS="287" HPOS="2074" CONTENT=""/>
               </TextLine>
               <TextLine ID="r2l3"
                         BASELINE="400"
                         HEIGHT="48"
                         WIDTH="769"
                         VPOS="352"
                         HPOS="1335">
                  <String HEIGHT="48"
                          WIDTH="108"
                          VPOS="352"
                          HPOS="1320"
                          CONTENT="tus"/>
                  <SP HEIGHT="48" WIDTH="15" VPOS="352" HPOS="1427"/>
                  <String HEIGHT="48" WIDTH="92" VPOS="352" HPOS="1381" CONTENT="in"/>
                  <SP HEIGHT="48" WIDTH="15" VPOS="352" HPOS="1473"/>
                  <String HEIGHT="48"
                          WIDTH="246"
                          VPOS="352"
                          HPOS="1427"
                          CONTENT="extrauagante"/>
                  <SP HEIGHT="48" WIDTH="15" VPOS="352" HPOS="1673"/>
                  <String HEIGHT="48"
                          WIDTH="123"
                          VPOS="352"
                          HPOS="1627"
                          CONTENT="quae"/>
                  <SP HEIGHT="48" WIDTH="15" VPOS="352" HPOS="1750"/>
                  <String HEIGHT="48"
                          WIDTH="185"
                          VPOS="352"
                          HPOS="1704"
                          CONTENT="incipit."/>
                  <SP HEIGHT="48" WIDTH="15" VPOS="352" HPOS="1889"/>
                  <String HEIGHT="48"
                          WIDTH="108"
                          VPOS="352"
                          HPOS="1843"
                          CONTENT="Cum"/>
                  <SP HEIGHT="48" WIDTH="15" VPOS="352" HPOS="1950"/>
                  <String HEIGHT="48"
                          WIDTH="215"
                          VPOS="352"
                          HPOS="1889"
                          CONTENT="detestabile."/>
               </TextLine>
               <TextLine ID="r2l4"
                         BASELINE="448"
                         HEIGHT="55"
                         WIDTH="759"
                         VPOS="393"
                         HPOS="1339">
                  <String HEIGHT="55" WIDTH="81" VPOS="393" HPOS="1323" CONTENT="&amp;"/>
                  <SP HEIGHT="55" WIDTH="16" VPOS="393" HPOS="1404"/>
                  <String HEIGHT="55"
                          WIDTH="161"
                          VPOS="393"
                          HPOS="1355"
                          CONTENT="Paulus"/>
                  <SP HEIGHT="55" WIDTH="16" VPOS="393" HPOS="1517"/>
                  <String HEIGHT="55"
                          WIDTH="194"
                          VPOS="393"
                          HPOS="1468"
                          CONTENT="Secundus"/>
                  <SP HEIGHT="55" WIDTH="16" VPOS="393" HPOS="1662"/>
                  <String HEIGHT="55" WIDTH="97" VPOS="393" HPOS="1614" CONTENT="in"/>
                  <SP HEIGHT="55" WIDTH="16" VPOS="393" HPOS="1710"/>
                  <String HEIGHT="55"
                          WIDTH="194"
                          VPOS="393"
                          HPOS="1662"
                          CONTENT="processu"/>
                  <SP HEIGHT="55" WIDTH="16" VPOS="393" HPOS="1856"/>
                  <String HEIGHT="55"
                          WIDTH="129"
                          VPOS="393"
                          HPOS="1807"
                          CONTENT="quem"/>
                  <SP HEIGHT="55" WIDTH="16" VPOS="393" HPOS="1937"/>
                  <String HEIGHT="55" WIDTH="97" VPOS="393" HPOS="1888" CONTENT="in"/>
                  <SP HEIGHT="55" WIDTH="16" VPOS="393" HPOS="1985"/>
                  <String HEIGHT="55"
                          WIDTH="113"
                          VPOS="393"
                          HPOS="1937"
                          CONTENT="die"/>
                  <SP HEIGHT="55" WIDTH="16" VPOS="393" HPOS="2050"/>
                  <String HEIGHT="55"
                          WIDTH="113"
                          VPOS="393"
                          HPOS="1985"
                          CONTENT="louis"/>
               </TextLine>
               <TextLine ID="r2l5"
                         BASELINE="489"
                         HEIGHT="50"
                         WIDTH="760"
                         VPOS="439"
                         HPOS="1338">
                  <String HEIGHT="50"
                          WIDTH="165"
                          VPOS="439"
                          HPOS="1321"
                          CONTENT="sancta"/>
                  <SP HEIGHT="50" WIDTH="17" VPOS="439" HPOS="1487"/>
                  <String HEIGHT="50"
                          WIDTH="165"
                          VPOS="439"
                          HPOS="1437"
                          CONTENT="fecit."/>
                  <SP HEIGHT="50" WIDTH="17" VPOS="439" HPOS="1602"/>
                  <String HEIGHT="50" WIDTH="83" VPOS="439" HPOS="1553" CONTENT="&amp;"/>
                  <SP HEIGHT="50" WIDTH="17" VPOS="439" HPOS="1635"/>
                  <String HEIGHT="50"
                          WIDTH="165"
                          VPOS="439"
                          HPOS="1586"
                          CONTENT="Sixtus"/>
                  <SP HEIGHT="50" WIDTH="17" VPOS="439" HPOS="1751"/>
                  <String HEIGHT="50"
                          WIDTH="198"
                          VPOS="439"
                          HPOS="1701"
                          CONTENT="Quartus."/>
                  <SP HEIGHT="50" WIDTH="17" VPOS="439" HPOS="1900"/>
                  <String HEIGHT="50" WIDTH="83" VPOS="439" HPOS="1850" CONTENT=""/>
                  <SP HEIGHT="50" WIDTH="17" VPOS="439" HPOS="1933"/>
                  <String HEIGHT="50"
                          WIDTH="182"
                          VPOS="439"
                          HPOS="1883"
                          CONTENT="Secunda"/>
                  <SP HEIGHT="50" WIDTH="17" VPOS="439" HPOS="2065"/>
                  <String HEIGHT="50"
                          WIDTH="99"
                          VPOS="439"
                          HPOS="1999"
                          CONTENT="poe"
                          SUBS_TYPE="HypPart1"
                          SUBS_CONTENT="poena"/>
                  <HYP CONTENT="-"/>
               </TextLine>
               <TextLine ID="r2l6"
                         BASELINE="528"
                         HEIGHT="46"
                         WIDTH="773"
                         VPOS="482"
                         HPOS="1335">
                  <String HEIGHT="46"
                          WIDTH="89"
                          VPOS="482"
                          HPOS="1320"
                          CONTENT="na"
                          SUBS_TYPE="HypPart2"
                          SUBS_CONTENT="poena"/>
                  <SP HEIGHT="46" WIDTH="15" VPOS="482" HPOS="1409"/>
                  <String HEIGHT="46"
                          WIDTH="104"
                          VPOS="482"
                          HPOS="1365"
                          CONTENT="est"/>
                  <SP HEIGHT="46" WIDTH="15" VPOS="482" HPOS="1469"/>
                  <String HEIGHT="46"
                          WIDTH="104"
                          VPOS="482"
                          HPOS="1424"
                          CONTENT="quo"/>
                  <SP HEIGHT="46" WIDTH="15" VPOS="482" HPOS="1528"/>
                  <String HEIGHT="46" WIDTH="89" VPOS="482" HPOS="1484" CONTENT="ad"/>
                  <SP HEIGHT="46" WIDTH="15" VPOS="482" HPOS="1573"/>
                  <String HEIGHT="46"
                          WIDTH="253"
                          VPOS="482"
                          HPOS="1528"
                          CONTENT="restitutione,"/>
                  <SP HEIGHT="46" WIDTH="15" VPOS="482" HPOS="1781"/>
                  <String HEIGHT="46"
                          WIDTH="119"
                          VPOS="482"
                          HPOS="1736"
                          CONTENT="quae"/>
                  <SP HEIGHT="46" WIDTH="15" VPOS="482" HPOS="1855"/>
                  <String HEIGHT="46"
                          WIDTH="104"
                          VPOS="482"
                          HPOS="1811"
                          CONTENT="est"/>
                  <SP HEIGHT="46" WIDTH="15" VPOS="482" HPOS="1915"/>
                  <String HEIGHT="46"
                          WIDTH="193"
                          VPOS="482"
                          HPOS="1870"
                          CONTENT="onerosior"/>
                  <SP HEIGHT="46" WIDTH="15" VPOS="482" HPOS="2063"/>
                  <String HEIGHT="46" WIDTH="89" VPOS="482" HPOS="2019" CONTENT="in"/>
                  <SP HEIGHT="46" WIDTH="15" VPOS="482" HPOS="2108"/>
                  <String HEIGHT="46" WIDTH="59" VPOS="482" HPOS="2049" CONTENT="fo"/>
               </TextLine>
               <TextLine ID="r2l7"
                         BASELINE="573"
                         HEIGHT="46"
                         WIDTH="757"
                         VPOS="527"
                         HPOS="1338">
                  <String HEIGHT="46" WIDTH="91" VPOS="527" HPOS="1323" CONTENT="ro"/>
                  <SP HEIGHT="46" WIDTH="15" VPOS="527" HPOS="1414"/>
                  <String HEIGHT="46"
                          WIDTH="167"
                          VPOS="527"
                          HPOS="1368"
                          CONTENT="animae."/>
                  <SP HEIGHT="46" WIDTH="15" VPOS="527" HPOS="1535"/>
                  <String HEIGHT="46"
                          WIDTH="167"
                          VPOS="527"
                          HPOS="1489"
                          CONTENT="Dicitur"/>
                  <SP HEIGHT="46" WIDTH="15" VPOS="527" HPOS="1656"/>
                  <String HEIGHT="46"
                          WIDTH="121"
                          VPOS="527"
                          HPOS="1611"
                          CONTENT="quod"/>
                  <SP HEIGHT="46" WIDTH="15" VPOS="527" HPOS="1732"/>
                  <String HEIGHT="46" WIDTH="91" VPOS="527" HPOS="1686" CONTENT="ab"/>
                  <SP HEIGHT="46" WIDTH="15" VPOS="527" HPOS="1777"/>
                  <String HEIGHT="46"
                          WIDTH="167"
                          VPOS="527"
                          HPOS="1732"
                          CONTENT="omnibus"/>
                  <SP HEIGHT="46" WIDTH="15" VPOS="527" HPOS="1898"/>
                  <String HEIGHT="46"
                          WIDTH="151"
                          VPOS="527"
                          HPOS="1853"
                          CONTENT="poenis"/>
                  <SP HEIGHT="46" WIDTH="15" VPOS="527" HPOS="2004"/>
                  <String HEIGHT="46" WIDTH="76" VPOS="527" HPOS="1959" CONTENT="a"/>
                  <SP HEIGHT="46" WIDTH="15" VPOS="527" HPOS="2034"/>
                  <String HEIGHT="46"
                          WIDTH="121"
                          VPOS="527"
                          HPOS="1974"
                          CONTENT="canone"/>
               </TextLine>
               <TextLine ID="r2l8"
                         BASELINE="623"
                         HEIGHT="55"
                         WIDTH="759"
                         VPOS="568"
                         HPOS="1339">
                  <String HEIGHT="55"
                          WIDTH="146"
                          VPOS="568"
                          HPOS="1324"
                          CONTENT="latis,"/>
                  <SP HEIGHT="55" WIDTH="15" VPOS="568" HPOS="1470"/>
                  <String HEIGHT="55"
                          WIDTH="234"
                          VPOS="568"
                          HPOS="1427"
                          CONTENT="suspensione,"/>
                  <SP HEIGHT="55" WIDTH="15" VPOS="568" HPOS="1660"/>
                  <String HEIGHT="55"
                          WIDTH="277"
                          VPOS="568"
                          HPOS="1616"
                          CONTENT="irregularitate,"/>
                  <SP HEIGHT="55" WIDTH="15" VPOS="568" HPOS="1894"/>
                  <String HEIGHT="55"
                          WIDTH="175"
                          VPOS="568"
                          HPOS="1850"
                          CONTENT="infamia,"/>
                  <SP HEIGHT="55" WIDTH="15" VPOS="568" HPOS="2025"/>
                  <String HEIGHT="55"
                          WIDTH="131"
                          VPOS="568"
                          HPOS="1967"
                          CONTENT="excommu"/>
               </TextLine>
               <TextLine ID="r2l9"
                         BASELINE="665"
                         HEIGHT="48"
                         WIDTH="769"
                         VPOS="617"
                         HPOS="1333">
                  <String HEIGHT="48"
                          WIDTH="215"
                          VPOS="617"
                          HPOS="1318"
                          CONTENT="nicatione,"/>
                  <SP HEIGHT="48" WIDTH="15" VPOS="617" HPOS="1533"/>
                  <String HEIGHT="48"
                          WIDTH="185"
                          VPOS="617"
                          HPOS="1487"
                          CONTENT="pontifex"/>
                  <SP HEIGHT="48" WIDTH="15" VPOS="617" HPOS="1671"/>
                  <String HEIGHT="48"
                          WIDTH="215"
                          VPOS="617"
                          HPOS="1625"
                          CONTENT="dispensare"/>
                  <SP HEIGHT="48" WIDTH="15" VPOS="617" HPOS="1841"/>
                  <String HEIGHT="48"
                          WIDTH="169"
                          VPOS="617"
                          HPOS="1794"
                          CONTENT="potest."/>
                  <SP HEIGHT="48" WIDTH="15" VPOS="617" HPOS="1964"/>
                  <String HEIGHT="48" WIDTH="92" VPOS="617" HPOS="1917" CONTENT="Et"/>
                  <SP HEIGHT="48" WIDTH="15" VPOS="617" HPOS="2010"/>
                  <String HEIGHT="48"
                          WIDTH="123"
                          VPOS="617"
                          HPOS="1964"
                          CONTENT="haec"/>
                  <SP HEIGHT="48" WIDTH="15" VPOS="617" HPOS="2087"/>
                  <String HEIGHT="48" WIDTH="77" VPOS="617" HPOS="2025" CONTENT="sit"/>
               </TextLine>
               <TextLine ID="r2l10"
                         BASELINE="720"
                         HEIGHT="60"
                         WIDTH="750"
                         VPOS="660"
                         HPOS="1345">
                  <String HEIGHT="60" WIDTH="88" VPOS="660" HPOS="1333" CONTENT="vna"/>
                  <SP HEIGHT="60" WIDTH="13" VPOS="660" HPOS="1420"/>
                  <String HEIGHT="60"
                          WIDTH="175"
                          VPOS="660"
                          HPOS="1383"
                          CONTENT="propositio"/>
                  <SP HEIGHT="60" WIDTH="13" VPOS="660" HPOS="1558"/>
                  <String HEIGHT="60"
                          WIDTH="100"
                          VPOS="660"
                          HPOS="1520"
                          CONTENT="siue"/>
                  <SP HEIGHT="60" WIDTH="13" VPOS="660" HPOS="1620"/>
                  <String HEIGHT="60"
                          WIDTH="175"
                          VPOS="660"
                          HPOS="1583"
                          CONTENT="conclusio,"/>
                  <SP HEIGHT="60" WIDTH="13" VPOS="660" HPOS="1758"/>
                  <String HEIGHT="60"
                          WIDTH="113"
                          VPOS="660"
                          HPOS="1720"
                          CONTENT="cuius"/>
                  <SP HEIGHT="60" WIDTH="13" VPOS="660" HPOS="1833"/>
                  <String HEIGHT="60"
                          WIDTH="113"
                          VPOS="660"
                          HPOS="1795"
                          CONTENT="ratio"/>
                  <SP HEIGHT="60" WIDTH="13" VPOS="660" HPOS="1908"/>
                  <String HEIGHT="60"
                          WIDTH="100"
                          VPOS="660"
                          HPOS="1870"
                          CONTENT="est:"/>
                  <SP HEIGHT="60" WIDTH="13" VPOS="660" HPOS="1970"/>
                  <String HEIGHT="60"
                          WIDTH="100"
                          VPOS="660"
                          HPOS="1933"
                          CONTENT="quia"/>
                  <SP HEIGHT="60" WIDTH="13" VPOS="660" HPOS="2033"/>
                  <String HEIGHT="60" WIDTH="88" VPOS="660" HPOS="1995" CONTENT="non"/>
                  <SP HEIGHT="60" WIDTH="13" VPOS="660" HPOS="2083"/>
                  <String HEIGHT="60" WIDTH="63" VPOS="660" HPOS="2033" CONTENT="est"/>
               </TextLine>
               <TextLine ID="r2l11"
                         BASELINE="762"
                         HEIGHT="60"
                         WIDTH="764"
                         VPOS="702"
                         HPOS="1339">
                  <String HEIGHT="60"
                          WIDTH="168"
                          VPOS="702"
                          HPOS="1324"
                          CONTENT="aliquod"/>
                  <SP HEIGHT="60" WIDTH="15" VPOS="702" HPOS="1492"/>
                  <String HEIGHT="60"
                          WIDTH="183"
                          VPOS="702"
                          HPOS="1446"
                          CONTENT="statutum"/>
                  <SP HEIGHT="60" WIDTH="15" VPOS="702" HPOS="1629"/>
                  <String HEIGHT="60"
                          WIDTH="122"
                          VPOS="702"
                          HPOS="1583"
                          CONTENT="pure"/>
                  <SP HEIGHT="60" WIDTH="15" VPOS="702" HPOS="1706"/>
                  <String HEIGHT="60"
                          WIDTH="153"
                          VPOS="702"
                          HPOS="1660"
                          CONTENT="papale"/>
                  <SP HEIGHT="60" WIDTH="15" VPOS="702" HPOS="1813"/>
                  <String HEIGHT="60"
                          WIDTH="122"
                          VPOS="702"
                          HPOS="1767"
                          CONTENT="quod"/>
                  <SP HEIGHT="60" WIDTH="15" VPOS="702" HPOS="1889"/>
                  <String HEIGHT="60"
                          WIDTH="153"
                          VPOS="702"
                          HPOS="1843"
                          CONTENT="possit"/>
                  <SP HEIGHT="60" WIDTH="15" VPOS="702" HPOS="1996"/>
                  <String HEIGHT="60" WIDTH="92" VPOS="702" HPOS="1950" CONTENT="eu"/>
                  <SP HEIGHT="60" WIDTH="15" VPOS="702" HPOS="2042"/>
                  <String HEIGHT="60"
                          WIDTH="122"
                          VPOS="702"
                          HPOS="1981"
                          CONTENT="obliga"/>
               </TextLine>
               <TextLine ID="r2l12"
                         BASELINE="805"
                         HEIGHT="51"
                         WIDTH="760"
                         VPOS="754"
                         HPOS="1339">
                  <String HEIGHT="51" WIDTH="97" VPOS="754" HPOS="1325" CONTENT="re."/>
                  <SP HEIGHT="51" WIDTH="14" VPOS="754" HPOS="1422"/>
                  <String HEIGHT="51"
                          WIDTH="124"
                          VPOS="754"
                          HPOS="1380"
                          CONTENT="sicut"/>
                  <SP HEIGHT="51" WIDTH="14" VPOS="754" HPOS="1505"/>
                  <String HEIGHT="51"
                          WIDTH="111"
                          VPOS="754"
                          HPOS="1463"
                          CONTENT="enim"/>
                  <SP HEIGHT="51" WIDTH="14" VPOS="754" HPOS="1574"/>
                  <String HEIGHT="51" WIDTH="97" VPOS="754" HPOS="1532" CONTENT="par"/>
                  <SP HEIGHT="51" WIDTH="14" VPOS="754" HPOS="1629"/>
                  <String HEIGHT="51" WIDTH="83" VPOS="754" HPOS="1588" CONTENT="in"/>
                  <SP HEIGHT="51" WIDTH="14" VPOS="754" HPOS="1671"/>
                  <String HEIGHT="51"
                          WIDTH="124"
                          VPOS="754"
                          HPOS="1629"
                          CONTENT="parem"/>
                  <SP HEIGHT="51" WIDTH="14" VPOS="754" HPOS="1754"/>
                  <String HEIGHT="51" WIDTH="97" VPOS="754" HPOS="1712" CONTENT="non"/>
                  <SP HEIGHT="51" WIDTH="14" VPOS="754" HPOS="1809"/>
                  <String HEIGHT="51"
                          WIDTH="124"
                          VPOS="754"
                          HPOS="1767"
                          CONTENT="habet"/>
                  <SP HEIGHT="51" WIDTH="14" VPOS="754" HPOS="1892"/>
                  <String HEIGHT="51"
                          WIDTH="235"
                          VPOS="754"
                          HPOS="1850"
                          CONTENT="auctoritatem:"/>
                  <SP HEIGHT="51" WIDTH="14" VPOS="754" HPOS="2085"/>
                  <String HEIGHT="51" WIDTH="69" VPOS="754" HPOS="2030" CONTENT="ita"/>
               </TextLine>
               <TextLine ID="r2l13"
                         BASELINE="839"
                         HEIGHT="46"
                         WIDTH="750"
                         VPOS="793"
                         HPOS="1348">
                  <String HEIGHT="46"
                          WIDTH="101"
                          VPOS="793"
                          HPOS="1334"
                          CONTENT="nec"/>
                  <SP HEIGHT="46" WIDTH="14" VPOS="793" HPOS="1435"/>
                  <String HEIGHT="46"
                          WIDTH="115"
                          VPOS="793"
                          HPOS="1391"
                          CONTENT="idem"/>
                  <SP HEIGHT="46" WIDTH="14" VPOS="793" HPOS="1507"/>
                  <String HEIGHT="46" WIDTH="87" VPOS="793" HPOS="1463" CONTENT="in"/>
                  <SP HEIGHT="46" WIDTH="14" VPOS="793" HPOS="1550"/>
                  <String HEIGHT="46"
                          WIDTH="173"
                          VPOS="793"
                          HPOS="1507"
                          CONTENT="seipsum."/>
                  <SP HEIGHT="46" WIDTH="14" VPOS="793" HPOS="1680"/>
                  <String HEIGHT="46" WIDTH="72" VPOS="793" HPOS="1636" CONTENT=""/>
                  <SP HEIGHT="46" WIDTH="14" VPOS="793" HPOS="1709"/>
                  <String HEIGHT="46"
                          WIDTH="159"
                          VPOS="793"
                          HPOS="1665"
                          CONTENT="Secunda"/>
                  <SP HEIGHT="46" WIDTH="14" VPOS="793" HPOS="1824"/>
                  <String HEIGHT="46"
                          WIDTH="202"
                          VPOS="793"
                          HPOS="1781"
                          CONTENT="conclusio."/>
                  <SP HEIGHT="46" WIDTH="14" VPOS="793" HPOS="1983"/>
                  <String HEIGHT="46"
                          WIDTH="101"
                          VPOS="793"
                          HPOS="1939"
                          CONTENT="Non"/>
                  <SP HEIGHT="46" WIDTH="14" VPOS="793" HPOS="2040"/>
                  <String HEIGHT="46"
                          WIDTH="115"
                          VPOS="793"
                          HPOS="1983"
                          CONTENT="potest"/>
               </TextLine>
               <TextLine ID="r2l14"
                         BASELINE="881"
                         HEIGHT="43"
                         WIDTH="758"
                         VPOS="838"
                         HPOS="1338">
                  <String HEIGHT="43"
                          WIDTH="204"
                          VPOS="838"
                          HPOS="1323"
                          CONTENT="dispensare"/>
                  <SP HEIGHT="43" WIDTH="15" VPOS="838" HPOS="1528"/>
                  <String HEIGHT="43"
                          WIDTH="117"
                          VPOS="838"
                          HPOS="1484"
                          CONTENT="quin"/>
                  <SP HEIGHT="43" WIDTH="15" VPOS="838" HPOS="1600"/>
                  <String HEIGHT="43"
                          WIDTH="160"
                          VPOS="838"
                          HPOS="1557"
                          CONTENT="simonia"/>
                  <SP HEIGHT="43" WIDTH="15" VPOS="838" HPOS="1717"/>
                  <String HEIGHT="43"
                          WIDTH="146"
                          VPOS="838"
                          HPOS="1673"
                          CONTENT="contra"/>
                  <SP HEIGHT="43" WIDTH="15" VPOS="838" HPOS="1819"/>
                  <String HEIGHT="43"
                          WIDTH="102"
                          VPOS="838"
                          HPOS="1775"
                          CONTENT="ius"/>
                  <SP HEIGHT="43" WIDTH="15" VPOS="838" HPOS="1877"/>
                  <String HEIGHT="43"
                          WIDTH="175"
                          VPOS="838"
                          HPOS="1834"
                          CONTENT="diuinum,"/>
                  <SP HEIGHT="43" WIDTH="15" VPOS="838" HPOS="2009"/>
                  <String HEIGHT="43"
                          WIDTH="102"
                          VPOS="838"
                          HPOS="1965"
                          CONTENT="sit"/>
                  <SP HEIGHT="43" WIDTH="15" VPOS="838" HPOS="2067"/>
                  <String HEIGHT="43"
                          WIDTH="87"
                          VPOS="838"
                          HPOS="2009"
                          CONTENT="pec"
                          SUBS_TYPE="HypPart1"
                          SUBS_CONTENT="peccatum."/>
                  <HYP CONTENT="-"/>
               </TextLine>
               <TextLine ID="r2l15"
                         BASELINE="928"
                         HEIGHT="48"
                         WIDTH="765"
                         VPOS="880"
                         HPOS="1333">
                  <String HEIGHT="48"
                          WIDTH="144"
                          VPOS="880"
                          HPOS="1319"
                          CONTENT="catum."
                          SUBS_TYPE="HypPart2"
                          SUBS_CONTENT="peccatum."/>
                  <SP HEIGHT="48" WIDTH="14" VPOS="880" HPOS="1463"/>
                  <String HEIGHT="48"
                          WIDTH="188"
                          VPOS="880"
                          HPOS="1420"
                          CONTENT="probatur:"/>
                  <SP HEIGHT="48" WIDTH="14" VPOS="880" HPOS="1607"/>
                  <String HEIGHT="48"
                          WIDTH="115"
                          VPOS="880"
                          HPOS="1564"
                          CONTENT="quia"/>
                  <SP HEIGHT="48" WIDTH="14" VPOS="880" HPOS="1679"/>
                  <String HEIGHT="48"
                          WIDTH="173"
                          VPOS="880"
                          HPOS="1636"
                          CONTENT="inferior"/>
                  <SP HEIGHT="48" WIDTH="14" VPOS="880" HPOS="1809"/>
                  <String HEIGHT="48"
                          WIDTH="101"
                          VPOS="880"
                          HPOS="1766"
                          CONTENT="non"/>
                  <SP HEIGHT="48" WIDTH="14" VPOS="880" HPOS="1867"/>
                  <String HEIGHT="48"
                          WIDTH="144"
                          VPOS="880"
                          HPOS="1824"
                          CONTENT="potest"/>
                  <SP HEIGHT="48" WIDTH="14" VPOS="880" HPOS="1968"/>
                  <String HEIGHT="48"
                          WIDTH="130"
                          VPOS="880"
                          HPOS="1925"
                          CONTENT="legem"/>
                  <SP HEIGHT="48" WIDTH="14" VPOS="880" HPOS="2055"/>
                  <String HEIGHT="48"
                          WIDTH="101"
                          VPOS="880"
                          HPOS="1997"
                          CONTENT="supe"
                          SUBS_TYPE="HypPart1"
                          SUBS_CONTENT="superioris"/>
                  <HYP CONTENT="-"/>
               </TextLine>
               <TextLine ID="r2l16"
                         BASELINE="971"
                         HEIGHT="45"
                         WIDTH="769"
                         VPOS="926"
                         HPOS="1339">
                  <String HEIGHT="45"
                          WIDTH="140"
                          VPOS="926"
                          HPOS="1325"
                          CONTENT="rioris"
                          SUBS_TYPE="HypPart2"
                          SUBS_CONTENT="superioris"/>
                  <SP HEIGHT="45" WIDTH="14" VPOS="926" HPOS="1465"/>
                  <String HEIGHT="45"
                          WIDTH="182"
                          VPOS="926"
                          HPOS="1423"
                          CONTENT="reuocare."/>
                  <SP HEIGHT="45" WIDTH="14" VPOS="926" HPOS="1605"/>
                  <String HEIGHT="45" WIDTH="70" VPOS="926" HPOS="1563" CONTENT=""/>
                  <SP HEIGHT="45" WIDTH="14" VPOS="926" HPOS="1633"/>
                  <String HEIGHT="45"
                          WIDTH="140"
                          VPOS="926"
                          HPOS="1591"
                          CONTENT="Tertia"/>
                  <SP HEIGHT="45" WIDTH="14" VPOS="926" HPOS="1730"/>
                  <String HEIGHT="45"
                          WIDTH="210"
                          VPOS="926"
                          HPOS="1689"
                          CONTENT="propositio."/>
                  <SP HEIGHT="45" WIDTH="14" VPOS="926" HPOS="1898"/>
                  <String HEIGHT="45"
                          WIDTH="140"
                          VPOS="926"
                          HPOS="1856"
                          CONTENT="potest"/>
                  <SP HEIGHT="45" WIDTH="14" VPOS="926" HPOS="1996"/>
                  <String HEIGHT="45"
                          WIDTH="126"
                          VPOS="926"
                          HPOS="1954"
                          CONTENT="tamen"/>
                  <SP HEIGHT="45" WIDTH="14" VPOS="926" HPOS="2080"/>
                  <String HEIGHT="45"
                          WIDTH="84"
                          VPOS="926"
                          HPOS="2024"
                          CONTENT="face"/>
               </TextLine>
               <TextLine ID="r2l17"
                         BASELINE="1029"
                         HEIGHT="60"
                         WIDTH="766"
                         VPOS="969"
                         HPOS="1338">
                  <String HEIGHT="60" WIDTH="84" VPOS="969" HPOS="1324" CONTENT="re"/>
                  <SP HEIGHT="60" WIDTH="14" VPOS="969" HPOS="1408"/>
                  <String HEIGHT="60"
                          WIDTH="111"
                          VPOS="969"
                          HPOS="1366"
                          CONTENT="quod"/>
                  <SP HEIGHT="60" WIDTH="14" VPOS="969" HPOS="1477"/>
                  <String HEIGHT="60"
                          WIDTH="125"
                          VPOS="969"
                          HPOS="1435"
                          CONTENT="actus"/>
                  <SP HEIGHT="60" WIDTH="14" VPOS="969" HPOS="1561"/>
                  <String HEIGHT="60" WIDTH="97" VPOS="969" HPOS="1519" CONTENT="qui"/>
                  <SP HEIGHT="60" WIDTH="14" VPOS="969" HPOS="1617"/>
                  <String HEIGHT="60"
                          WIDTH="125"
                          VPOS="969"
                          HPOS="1575"
                          CONTENT="esset"/>
                  <SP HEIGHT="60" WIDTH="14" VPOS="969" HPOS="1700"/>
                  <String HEIGHT="60"
                          WIDTH="195"
                          VPOS="969"
                          HPOS="1658"
                          CONTENT="simoniacus"/>
                  <SP HEIGHT="60" WIDTH="14" VPOS="969" HPOS="1853"/>
                  <String HEIGHT="60"
                          WIDTH="153"
                          VPOS="969"
                          HPOS="1812"
                          CONTENT="propter"/>
                  <SP HEIGHT="60" WIDTH="14" VPOS="969" HPOS="1965"/>
                  <String HEIGHT="60"
                          WIDTH="111"
                          VPOS="969"
                          HPOS="1923"
                          CONTENT="suam"/>
                  <SP HEIGHT="60" WIDTH="14" VPOS="969" HPOS="2034"/>
                  <String HEIGHT="60"
                          WIDTH="125"
                          VPOS="969"
                          HPOS="1979"
                          CONTENT="prohibi"/>
               </TextLine>
               <TextLine ID="r2l18"
                         BASELINE="1066"
                         HEIGHT="54"
                         WIDTH="767"
                         VPOS="1012"
                         HPOS="1338">
                  <String HEIGHT="54"
                          WIDTH="145"
                          VPOS="1012"
                          HPOS="1324"
                          CONTENT="tionem"/>
                  <SP HEIGHT="54" WIDTH="14" VPOS="1012" HPOS="1468"/>
                  <String HEIGHT="54" WIDTH="87" VPOS="1012" HPOS="1425" CONTENT="in"/>
                  <SP HEIGHT="54" WIDTH="14" VPOS="1012" HPOS="1512"/>
                  <String HEIGHT="54"
                          WIDTH="203"
                          VPOS="1012"
                          HPOS="1468"
                          CONTENT="inferiori:"/>
                  <SP HEIGHT="54" WIDTH="14" VPOS="1012" HPOS="1671"/>
                  <String HEIGHT="54"
                          WIDTH="101"
                          VPOS="1012"
                          HPOS="1627"
                          CONTENT="sit"/>
                  <SP HEIGHT="54" WIDTH="14" VPOS="1012" HPOS="1729"/>
                  <String HEIGHT="54"
                          WIDTH="101"
                          VPOS="1012"
                          HPOS="1685"
                          CONTENT="non"/>
                  <SP HEIGHT="54" WIDTH="14" VPOS="1012" HPOS="1787"/>
                  <String HEIGHT="54"
                          WIDTH="217"
                          VPOS="1012"
                          HPOS="1743"
                          CONTENT="simoniacus."/>
                  <SP HEIGHT="54" WIDTH="14" VPOS="1012" HPOS="1960"/>
                  <String HEIGHT="54"
                          WIDTH="101"
                          VPOS="1012"
                          HPOS="1917"
                          CONTENT="hoc"/>
                  <SP HEIGHT="54" WIDTH="14" VPOS="1012" HPOS="2018"/>
                  <String HEIGHT="54"
                          WIDTH="145"
                          VPOS="1012"
                          HPOS="1960"
                          CONTENT="sequitur"/>
               </TextLine>
               <TextLine ID="r2l19"
                         BASELINE="1112"
                         HEIGHT="48"
                         WIDTH="759"
                         VPOS="1064"
                         HPOS="1339">
                  <String HEIGHT="48" WIDTH="83" VPOS="1064" HPOS="1325" CONTENT="ex"/>
                  <SP HEIGHT="48" WIDTH="14" VPOS="1064" HPOS="1408"/>
                  <String HEIGHT="48"
                          WIDTH="193"
                          VPOS="1064"
                          HPOS="1367"
                          CONTENT="probatione"/>
                  <SP HEIGHT="48" WIDTH="14" VPOS="1064" HPOS="1560"/>
                  <String HEIGHT="48"
                          WIDTH="138"
                          VPOS="1064"
                          HPOS="1518"
                          CONTENT="primae"/>
                  <SP HEIGHT="48" WIDTH="14" VPOS="1064" HPOS="1656"/>
                  <String HEIGHT="48"
                          WIDTH="248"
                          VPOS="1064"
                          HPOS="1615"
                          CONTENT="propositionis."/>
                  <SP HEIGHT="48" WIDTH="14" VPOS="1064" HPOS="1863"/>
                  <String HEIGHT="48"
                          WIDTH="97"
                          VPOS="1064"
                          HPOS="1822"
                          CONTENT="Non"/>
                  <SP HEIGHT="48" WIDTH="14" VPOS="1064" HPOS="1919"/>
                  <String HEIGHT="48"
                          WIDTH="124"
                          VPOS="1064"
                          HPOS="1877"
                          CONTENT="tamen"/>
                  <SP HEIGHT="48" WIDTH="14" VPOS="1064" HPOS="2001"/>
                  <String HEIGHT="48"
                          WIDTH="138"
                          VPOS="1064"
                          HPOS="1960"
                          CONTENT="potest"/>
                  <SP HEIGHT="48" WIDTH="14" VPOS="1064" HPOS="2098"/>
                  <String HEIGHT="48" WIDTH="55" VPOS="1064" HPOS="2043" CONTENT="fa"/>
               </TextLine>
               <TextLine ID="r2l20"
                         BASELINE="1146"
                         HEIGHT="46"
                         WIDTH="757"
                         VPOS="1100"
                         HPOS="1339">
                  <String HEIGHT="46"
                          WIDTH="114"
                          VPOS="1100"
                          HPOS="1325"
                          CONTENT="cere"/>
                  <SP HEIGHT="46" WIDTH="14" VPOS="1100" HPOS="1439"/>
                  <String HEIGHT="46"
                          WIDTH="114"
                          VPOS="1100"
                          HPOS="1396"
                          CONTENT="quod"/>
                  <SP HEIGHT="46" WIDTH="14" VPOS="1100" HPOS="1510"/>
                  <String HEIGHT="46"
                          WIDTH="129"
                          VPOS="1100"
                          HPOS="1468"
                          CONTENT="illud"/>
                  <SP HEIGHT="46" WIDTH="14" VPOS="1100" HPOS="1596"/>
                  <String HEIGHT="46"
                          WIDTH="114"
                          VPOS="1100"
                          HPOS="1553"
                          CONTENT="quod"/>
                  <SP HEIGHT="46" WIDTH="14" VPOS="1100" HPOS="1668"/>
                  <String HEIGHT="46" WIDTH="86" VPOS="1100" HPOS="1625" CONTENT="in"/>
                  <SP HEIGHT="46" WIDTH="14" VPOS="1100" HPOS="1710"/>
                  <String HEIGHT="46"
                          WIDTH="114"
                          VPOS="1100"
                          HPOS="1668"
                          CONTENT="tali"/>
                  <SP HEIGHT="46" WIDTH="14" VPOS="1100" HPOS="1782"/>
                  <String HEIGHT="46"
                          WIDTH="114"
                          VPOS="1100"
                          HPOS="1739"
                          CONTENT="actu"/>
                  <SP HEIGHT="46" WIDTH="14" VPOS="1100" HPOS="1853"/>
                  <String HEIGHT="46"
                          WIDTH="114"
                          VPOS="1100"
                          HPOS="1810"
                          CONTENT="fuit"/>
                  <SP HEIGHT="46" WIDTH="14" VPOS="1100" HPOS="1925"/>
                  <String HEIGHT="46"
                          WIDTH="186"
                          VPOS="1100"
                          HPOS="1882"
                          CONTENT="peccatum,"/>
                  <SP HEIGHT="46" WIDTH="14" VPOS="1100" HPOS="2067"/>
                  <String HEIGHT="46"
                          WIDTH="100"
                          VPOS="1100"
                          HPOS="2025"
                          CONTENT="non"/>
                  <SP HEIGHT="46" WIDTH="14" VPOS="1100" HPOS="2125"/>
                  <String HEIGHT="46" WIDTH="29" VPOS="1100" HPOS="2067" CONTENT=""/>
               </TextLine>
               <TextLine ID="r2l21"
                         BASELINE="1193"
                         HEIGHT="52"
                         WIDTH="773"
                         VPOS="1141"
                         HPOS="1332">
                  <String HEIGHT="52"
                          WIDTH="157"
                          VPOS="1141"
                          HPOS="1318"
                          CONTENT="fuisset"/>
                  <SP HEIGHT="52" WIDTH="14" VPOS="1141" HPOS="1475"/>
                  <String HEIGHT="52"
                          WIDTH="186"
                          VPOS="1141"
                          HPOS="1432"
                          CONTENT="peccatum:"/>
                  <SP HEIGHT="52" WIDTH="14" VPOS="1141" HPOS="1618"/>
                  <String HEIGHT="52"
                          WIDTH="115"
                          VPOS="1141"
                          HPOS="1575"
                          CONTENT="quia"/>
                  <SP HEIGHT="52" WIDTH="14" VPOS="1141" HPOS="1690"/>
                  <String HEIGHT="52" WIDTH="86" VPOS="1141" HPOS="1647" CONTENT="de"/>
                  <SP HEIGHT="52" WIDTH="14" VPOS="1141" HPOS="1733"/>
                  <String HEIGHT="52"
                          WIDTH="200"
                          VPOS="1141"
                          HPOS="1690"
                          CONTENT="praeterito"/>
                  <SP HEIGHT="52" WIDTH="14" VPOS="1141" HPOS="1890"/>
                  <String HEIGHT="52"
                          WIDTH="100"
                          VPOS="1141"
                          HPOS="1847"
                          CONTENT="non"/>
                  <SP HEIGHT="52" WIDTH="14" VPOS="1141" HPOS="1948"/>
                  <String HEIGHT="52"
                          WIDTH="143"
                          VPOS="1141"
                          HPOS="1905"
                          CONTENT="potest"/>
                  <SP HEIGHT="52" WIDTH="14" VPOS="1141" HPOS="2048"/>
                  <String HEIGHT="52"
                          WIDTH="115"
                          VPOS="1141"
                          HPOS="1990"
                          CONTENT="facere"/>
               </TextLine>
               <TextLine ID="r2l22"
                         BASELINE="1246"
                         HEIGHT="54"
                         WIDTH="779"
                         VPOS="1192"
                         HPOS="1335">
                  <String HEIGHT="54"
                          WIDTH="99"
                          VPOS="1192"
                          HPOS="1321"
                          CONTENT="non"/>
                  <SP HEIGHT="54" WIDTH="14" VPOS="1192" HPOS="1420"/>
                  <String HEIGHT="54"
                          WIDTH="227"
                          VPOS="1192"
                          HPOS="1377"
                          CONTENT="praeteritum:"/>
                  <SP HEIGHT="54" WIDTH="14" VPOS="1192" HPOS="1604"/>
                  <String HEIGHT="54"
                          WIDTH="113"
                          VPOS="1192"
                          HPOS="1562"
                          CONTENT="immo"/>
                  <SP HEIGHT="54" WIDTH="14" VPOS="1192" HPOS="1675"/>
                  <String HEIGHT="54"
                          WIDTH="99"
                          VPOS="1192"
                          HPOS="1632"
                          CONTENT="nec"/>
                  <SP HEIGHT="54" WIDTH="14" VPOS="1192" HPOS="1732"/>
                  <String HEIGHT="54"
                          WIDTH="127"
                          VPOS="1192"
                          HPOS="1689"
                          CONTENT="deus."/>
                  <SP HEIGHT="54" WIDTH="14" VPOS="1192" HPOS="1817"/>
                  <String HEIGHT="54"
                          WIDTH="99"
                          VPOS="1192"
                          HPOS="1774"
                          CONTENT="vi."/>
                  <SP HEIGHT="54" WIDTH="14" VPOS="1192" HPOS="1873"/>
                  <String HEIGHT="54"
                          WIDTH="198"
                          VPOS="1192"
                          HPOS="1831"
                          CONTENT="Ethicorum."/>
                  <SP HEIGHT="54" WIDTH="14" VPOS="1192" HPOS="2029"/>
                  <String HEIGHT="54" WIDTH="71" VPOS="1192" HPOS="1987" CONTENT=""/>
                  <SP HEIGHT="54" WIDTH="14" VPOS="1192" HPOS="2057"/>
                  <String HEIGHT="54"
                          WIDTH="127"
                          VPOS="1192"
                          HPOS="2015"
                          CONTENT="Quar-"/>
                  <SP HEIGHT="54" WIDTH="14" VPOS="1192" HPOS="2142"/>
                  <String HEIGHT="54" WIDTH="28" VPOS="1192" HPOS="2086" CONTENT=""/>
               </TextLine>
               <TextLine ID="r2l23"
                         BASELINE="1286"
                         HEIGHT="52"
                         WIDTH="767"
                         VPOS="1234"
                         HPOS="1332">
                  <String HEIGHT="52" WIDTH="94" VPOS="1234" HPOS="1316" CONTENT="ta"/>
                  <SP HEIGHT="52" WIDTH="16" VPOS="1234" HPOS="1410"/>
                  <String HEIGHT="52"
                          WIDTH="235"
                          VPOS="1234"
                          HPOS="1363"
                          CONTENT="propositio."/>
                  <SP HEIGHT="52" WIDTH="16" VPOS="1234" HPOS="1598"/>
                  <String HEIGHT="52"
                          WIDTH="157"
                          VPOS="1234"
                          HPOS="1551"
                          CONTENT="potest"/>
                  <SP HEIGHT="52" WIDTH="16" VPOS="1234" HPOS="1708"/>
                  <String HEIGHT="52"
                          WIDTH="219"
                          VPOS="1234"
                          HPOS="1661"
                          CONTENT="dispensare"/>
                  <SP HEIGHT="52" WIDTH="16" VPOS="1234" HPOS="1880"/>
                  <String HEIGHT="52"
                          WIDTH="110"
                          VPOS="1234"
                          HPOS="1833"
                          CONTENT="cum"/>
                  <SP HEIGHT="52" WIDTH="16" VPOS="1234" HPOS="1942"/>
                  <String HEIGHT="52"
                          WIDTH="203"
                          VPOS="1234"
                          HPOS="1896"
                          CONTENT="simoniaco"/>
                  <SP HEIGHT="52" WIDTH="16" VPOS="1234" HPOS="2099"/>
                  <String HEIGHT="52" WIDTH="63" VPOS="1234" HPOS="2036" CONTENT="pa"/>
               </TextLine>
               <TextLine ID="r2l24"
                         BASELINE="1324"
                         HEIGHT="46"
                         WIDTH="757"
                         VPOS="1278"
                         HPOS="1339">
                  <String HEIGHT="46"
                          WIDTH="168"
                          VPOS="1278"
                          HPOS="1325"
                          CONTENT="ctionali"/>
                  <SP HEIGHT="46" WIDTH="14" VPOS="1278" HPOS="1493"/>
                  <String HEIGHT="46"
                          WIDTH="182"
                          VPOS="1278"
                          HPOS="1451"
                          CONTENT="quacumque"/>
                  <SP HEIGHT="46" WIDTH="14" VPOS="1278" HPOS="1633"/>
                  <String HEIGHT="46"
                          WIDTH="154"
                          VPOS="1278"
                          HPOS="1591"
                          CONTENT="pecunia"/>
                  <SP HEIGHT="46" WIDTH="14" VPOS="1278" HPOS="1746"/>
                  <String HEIGHT="46"
                          WIDTH="126"
                          VPOS="1278"
                          HPOS="1703"
                          CONTENT="data,"/>
                  <SP HEIGHT="46" WIDTH="14" VPOS="1278" HPOS="1830"/>
                  <String HEIGHT="46"
                          WIDTH="112"
                          VPOS="1278"
                          HPOS="1788"
                          CONTENT="quod"/>
                  <SP HEIGHT="46" WIDTH="14" VPOS="1278" HPOS="1900"/>
                  <String HEIGHT="46"
                          WIDTH="140"
                          VPOS="1278"
                          HPOS="1858"
                          CONTENT="licite"/>
                  <SP HEIGHT="46" WIDTH="14" VPOS="1278" HPOS="1998"/>
                  <String HEIGHT="46"
                          WIDTH="140"
                          VPOS="1278"
                          HPOS="1956"
                          CONTENT="teneat"/>
                  <SP HEIGHT="46" WIDTH="14" VPOS="1278" HPOS="2096"/>
                  <String HEIGHT="46" WIDTH="56" VPOS="1278" HPOS="2040" CONTENT="be"/>
               </TextLine>
               <TextLine ID="r2l25"
                         BASELINE="1378"
                         HEIGHT="55"
                         WIDTH="766"
                         VPOS="1323"
                         HPOS="1333">
                  <String HEIGHT="55"
                          WIDTH="192"
                          VPOS="1323"
                          HPOS="1318"
                          CONTENT="neficium."/>
                  <SP HEIGHT="55" WIDTH="15" VPOS="1323" HPOS="1510"/>
                  <String HEIGHT="55"
                          WIDTH="192"
                          VPOS="1323"
                          HPOS="1466"
                          CONTENT="probatur."/>
                  <SP HEIGHT="55" WIDTH="15" VPOS="1323" HPOS="1657"/>
                  <String HEIGHT="55"
                          WIDTH="147"
                          VPOS="1323"
                          HPOS="1613"
                          CONTENT="potest"/>
                  <SP HEIGHT="55" WIDTH="15" VPOS="1323" HPOS="1760"/>
                  <String HEIGHT="55"
                          WIDTH="118"
                          VPOS="1323"
                          HPOS="1716"
                          CONTENT="dare"/>
                  <SP HEIGHT="55" WIDTH="15" VPOS="1323" HPOS="1834"/>
                  <String HEIGHT="55" WIDTH="88" VPOS="1323" HPOS="1790" CONTENT="ei"/>
                  <SP HEIGHT="55" WIDTH="15" VPOS="1323" HPOS="1878"/>
                  <String HEIGHT="55"
                          WIDTH="133"
                          VPOS="1323"
                          HPOS="1834"
                          CONTENT="nouam"/>
                  <SP HEIGHT="55" WIDTH="15" VPOS="1323" HPOS="1966"/>
                  <String HEIGHT="55"
                          WIDTH="192"
                          VPOS="1323"
                          HPOS="1908"
                          CONTENT="collationem"/>
               </TextLine>
               <TextLine ID="r2l26"
                         BASELINE="1413"
                         HEIGHT="44"
                         WIDTH="763"
                         VPOS="1369"
                         HPOS="1338">
                  <String HEIGHT="44"
                          WIDTH="141"
                          VPOS="1369"
                          HPOS="1324"
                          CONTENT="illius"/>
                  <SP HEIGHT="44" WIDTH="14" VPOS="1369" HPOS="1465"/>
                  <String HEIGHT="44"
                          WIDTH="198"
                          VPOS="1369"
                          HPOS="1423"
                          CONTENT="beneficii:"/>
                  <SP HEIGHT="44" WIDTH="14" VPOS="1369" HPOS="1621"/>
                  <String HEIGHT="44"
                          WIDTH="99"
                          VPOS="1369"
                          HPOS="1578"
                          CONTENT="nec"/>
                  <SP HEIGHT="44" WIDTH="14" VPOS="1369" HPOS="1677"/>
                  <String HEIGHT="44"
                          WIDTH="99"
                          VPOS="1369"
                          HPOS="1635"
                          CONTENT="ius"/>
                  <SP HEIGHT="44" WIDTH="14" VPOS="1369" HPOS="1734"/>
                  <String HEIGHT="44"
                          WIDTH="155"
                          VPOS="1369"
                          HPOS="1691"
                          CONTENT="naturae"/>
                  <SP HEIGHT="44" WIDTH="14" VPOS="1369" HPOS="1847"/>
                  <String HEIGHT="44"
                          WIDTH="99"
                          VPOS="1369"
                          HPOS="1804"
                          CONTENT="vel"/>
                  <SP HEIGHT="44" WIDTH="14" VPOS="1369" HPOS="1903"/>
                  <String HEIGHT="44"
                          WIDTH="155"
                          VPOS="1369"
                          HPOS="1861"
                          CONTENT="diuinum"/>
                  <SP HEIGHT="44" WIDTH="14" VPOS="1369" HPOS="2016"/>
                  <String HEIGHT="44"
                          WIDTH="141"
                          VPOS="1369"
                          HPOS="1960"
                          CONTENT="repugnat"/>
               </TextLine>
               <TextLine ID="r2l27"
                         BASELINE="1468"
                         HEIGHT="55"
                         WIDTH="767"
                         VPOS="1413"
                         HPOS="1341">
                  <String HEIGHT="55"
                          WIDTH="114"
                          VPOS="1413"
                          HPOS="1327"
                          CONTENT="quin"/>
                  <SP HEIGHT="55" WIDTH="14" VPOS="1413" HPOS="1440"/>
                  <String HEIGHT="55" WIDTH="85" VPOS="1413" HPOS="1398" CONTENT="is"/>
                  <SP HEIGHT="55" WIDTH="14" VPOS="1413" HPOS="1483"/>
                  <String HEIGHT="55"
                          WIDTH="99"
                          VPOS="1413"
                          HPOS="1440"
                          CONTENT="sit"/>
                  <SP HEIGHT="55" WIDTH="14" VPOS="1413" HPOS="1540"/>
                  <String HEIGHT="55"
                          WIDTH="142"
                          VPOS="1413"
                          HPOS="1497"
                          CONTENT="illius"/>
                  <SP HEIGHT="55" WIDTH="14" VPOS="1413" HPOS="1639"/>
                  <String HEIGHT="55"
                          WIDTH="185"
                          VPOS="1413"
                          HPOS="1597"
                          CONTENT="beneficii"/>
                  <SP HEIGHT="55" WIDTH="14" VPOS="1413" HPOS="1781"/>
                  <String HEIGHT="55"
                          WIDTH="142"
                          VPOS="1413"
                          HPOS="1739"
                          CONTENT="capax:"/>
                  <SP HEIGHT="55" WIDTH="14" VPOS="1413" HPOS="1881"/>
                  <String HEIGHT="55"
                          WIDTH="114"
                          VPOS="1413"
                          HPOS="1838"
                          CONTENT="ergo"/>
                  <SP HEIGHT="55" WIDTH="14" VPOS="1413" HPOS="1952"/>
                  <String HEIGHT="55"
                          WIDTH="142"
                          VPOS="1413"
                          HPOS="1909"
                          CONTENT="potest"/>
                  <SP HEIGHT="55" WIDTH="14" VPOS="1413" HPOS="2051"/>
                  <String HEIGHT="55" WIDTH="85" VPOS="1413" HPOS="2009" CONTENT="ei"/>
                  <SP HEIGHT="55" WIDTH="14" VPOS="1413" HPOS="2094"/>
                  <String HEIGHT="55"
                          WIDTH="71"
                          VPOS="1413"
                          HPOS="2037"
                          CONTENT="il"
                          SUBS_TYPE="HypPart1"
                          SUBS_CONTENT="illud"/>
                  <HYP CONTENT="-"/>
               </TextLine>
               <TextLine ID="r2l28"
                         BASELINE="1504"
                         HEIGHT="52"
                         WIDTH="761"
                         VPOS="1452"
                         HPOS="1341">
                  <String HEIGHT="52"
                          WIDTH="93"
                          VPOS="1452"
                          HPOS="1328"
                          CONTENT="lud"
                          SUBS_TYPE="HypPart2"
                          SUBS_CONTENT="illud"/>
                  <SP HEIGHT="52" WIDTH="13" VPOS="1452" HPOS="1421"/>
                  <String HEIGHT="52"
                          WIDTH="174"
                          VPOS="1452"
                          HPOS="1381"
                          CONTENT="conferre."/>
                  <SP HEIGHT="52" WIDTH="13" VPOS="1452" HPOS="1555"/>
                  <String HEIGHT="52"
                          WIDTH="120"
                          VPOS="1452"
                          HPOS="1515"
                          CONTENT="Satis"/>
                  <SP HEIGHT="52" WIDTH="13" VPOS="1452" HPOS="1635"/>
                  <String HEIGHT="52"
                          WIDTH="107"
                          VPOS="1452"
                          HPOS="1595"
                          CONTENT="enim"/>
                  <SP HEIGHT="52" WIDTH="13" VPOS="1452" HPOS="1701"/>
                  <String HEIGHT="52"
                          WIDTH="160"
                          VPOS="1452"
                          HPOS="1661"
                          CONTENT="purgatur"/>
                  <SP HEIGHT="52" WIDTH="13" VPOS="1452" HPOS="1822"/>
                  <String HEIGHT="52"
                          WIDTH="134"
                          VPOS="1452"
                          HPOS="1782"
                          CONTENT="vitium"/>
                  <SP HEIGHT="52" WIDTH="13" VPOS="1452" HPOS="1915"/>
                  <String HEIGHT="52"
                          WIDTH="134"
                          VPOS="1452"
                          HPOS="1875"
                          CONTENT="quando"/>
                  <SP HEIGHT="52" WIDTH="13" VPOS="1452" HPOS="2009"/>
                  <String HEIGHT="52"
                          WIDTH="93"
                          VPOS="1452"
                          HPOS="1968"
                          CONTENT="res"/>
                  <SP HEIGHT="52" WIDTH="13" VPOS="1452" HPOS="2062"/>
                  <String HEIGHT="52"
                          WIDTH="107"
                          VPOS="1452"
                          HPOS="2022"
                          CONTENT="per-"/>
                  <SP HEIGHT="52" WIDTH="13" VPOS="1452" HPOS="2129"/>
                  <String HEIGHT="52" WIDTH="27" VPOS="1452" HPOS="2075" CONTENT=""/>
               </TextLine>
               <TextLine ID="r2l29"
                         BASELINE="1555"
                         HEIGHT="56"
                         WIDTH="779"
                         VPOS="1499"
                         HPOS="1329">
                  <String HEIGHT="56"
                          WIDTH="130"
                          VPOS="1499"
                          HPOS="1315"
                          CONTENT="uenit"/>
                  <SP HEIGHT="56" WIDTH="14" VPOS="1499" HPOS="1444"/>
                  <String HEIGHT="56" WIDTH="87" VPOS="1499" HPOS="1401" CONTENT="ad"/>
                  <SP HEIGHT="56" WIDTH="14" VPOS="1499" HPOS="1488"/>
                  <String HEIGHT="56"
                          WIDTH="173"
                          VPOS="1499"
                          HPOS="1444"
                          CONTENT="dominum."/>
                  <SP HEIGHT="56" WIDTH="14" VPOS="1499" HPOS="1618"/>
                  <String HEIGHT="56"
                          WIDTH="115"
                          VPOS="1499"
                          HPOS="1574"
                          CONTENT="ftu."/>
                  <SP HEIGHT="56" WIDTH="14" VPOS="1499" HPOS="1690"/>
                  <String HEIGHT="56" WIDTH="87" VPOS="1499" HPOS="1646" CONTENT="de"/>
                  <SP HEIGHT="56" WIDTH="14" VPOS="1499" HPOS="1733"/>
                  <String HEIGHT="56"
                          WIDTH="159"
                          VPOS="1499"
                          HPOS="1690"
                          CONTENT="vsucap."/>
                  <SP HEIGHT="56" WIDTH="14" VPOS="1499" HPOS="1848"/>
                  <String HEIGHT="56" WIDTH="87" VPOS="1499" HPOS="1805" CONTENT="l."/>
                  <SP HEIGHT="56" WIDTH="14" VPOS="1499" HPOS="1892"/>
                  <String HEIGHT="56" WIDTH="87" VPOS="1499" HPOS="1848" CONTENT="Si"/>
                  <SP HEIGHT="56" WIDTH="14" VPOS="1499" HPOS="1935"/>
                  <String HEIGHT="56"
                          WIDTH="115"
                          VPOS="1499"
                          HPOS="1892"
                          CONTENT="fur."/>
                  <SP HEIGHT="56" WIDTH="14" VPOS="1499" HPOS="2007"/>
                  <String HEIGHT="56"
                          WIDTH="115"
                          VPOS="1499"
                          HPOS="1964"
                          CONTENT="&amp;.c."/>
                  <SP HEIGHT="56" WIDTH="14" VPOS="1499" HPOS="2079"/>
                  <String HEIGHT="56"
                          WIDTH="87"
                          VPOS="1499"
                          HPOS="2021"
                          CONTENT="Quod"/>
               </TextLine>
               <TextLine ID="r2l30"
                         BASELINE="1599"
                         HEIGHT="49"
                         WIDTH="768"
                         VPOS="1550"
                         HPOS="1342">
                  <String HEIGHT="49"
                          WIDTH="143"
                          VPOS="1550"
                          HPOS="1329"
                          CONTENT="quidam."/>
                  <SP HEIGHT="49" WIDTH="13" VPOS="1550" HPOS="1472"/>
                  <String HEIGHT="49" WIDTH="78" VPOS="1550" HPOS="1433" CONTENT="S."/>
                  <SP HEIGHT="49" WIDTH="13" VPOS="1550" HPOS="1511"/>
                  <String HEIGHT="49" WIDTH="78" VPOS="1550" HPOS="1472" CONTENT="Si"/>
                  <SP HEIGHT="49" WIDTH="13" VPOS="1550" HPOS="1550"/>
                  <String HEIGHT="49"
                          WIDTH="130"
                          VPOS="1550"
                          HPOS="1511"
                          CONTENT="forte."/>
                  <SP HEIGHT="49" WIDTH="13" VPOS="1550" HPOS="1641"/>
                  <String HEIGHT="49" WIDTH="78" VPOS="1550" HPOS="1602" CONTENT="i."/>
                  <SP HEIGHT="49" WIDTH="13" VPOS="1550" HPOS="1680"/>
                  <String HEIGHT="49"
                          WIDTH="104"
                          VPOS="1550"
                          HPOS="1641"
                          CONTENT="qui."/>
                  <SP HEIGHT="49" WIDTH="13" VPOS="1550" HPOS="1746"/>
                  <String HEIGHT="49" WIDTH="78" VPOS="1550" HPOS="1706" CONTENT="i."/>
                  <SP HEIGHT="49" WIDTH="13" VPOS="1550" HPOS="1785"/>
                  <String HEIGHT="49" WIDTH="78" VPOS="1550" HPOS="1746" CONTENT="vt"/>
                  <SP HEIGHT="49" WIDTH="13" VPOS="1550" HPOS="1824"/>
                  <String HEIGHT="49" WIDTH="78" VPOS="1550" HPOS="1785" CONTENT="si"/>
                  <SP HEIGHT="49" WIDTH="13" VPOS="1550" HPOS="1863"/>
                  <String HEIGHT="49"
                          WIDTH="91"
                          VPOS="1550"
                          HPOS="1824"
                          CONTENT="ego"/>
                  <SP HEIGHT="49" WIDTH="13" VPOS="1550" HPOS="1915"/>
                  <String HEIGHT="49"
                          WIDTH="130"
                          VPOS="1550"
                          HPOS="1876"
                          CONTENT="habeam"/>
                  <SP HEIGHT="49" WIDTH="13" VPOS="1550" HPOS="2006"/>
                  <String HEIGHT="49"
                          WIDTH="117"
                          VPOS="1550"
                          HPOS="1967"
                          CONTENT="equum"/>
                  <SP HEIGHT="49" WIDTH="13" VPOS="1550" HPOS="2084"/>
                  <String HEIGHT="49"
                          WIDTH="78"
                          VPOS="1550"
                          HPOS="2032"
                          CONTENT="tuum"/>
               </TextLine>
               <TextLine ID="r2l31"
                         BASELINE="1640"
                         HEIGHT="51"
                         WIDTH="770"
                         VPOS="1589"
                         HPOS="1332">
                  <String HEIGHT="51"
                          WIDTH="144"
                          VPOS="1589"
                          HPOS="1316"
                          CONTENT="furto"/>
                  <SP HEIGHT="51" WIDTH="16" VPOS="1589" HPOS="1460"/>
                  <String HEIGHT="51"
                          WIDTH="209"
                          VPOS="1589"
                          HPOS="1412"
                          CONTENT="sublatum:"/>
                  <SP HEIGHT="51" WIDTH="16" VPOS="1589" HPOS="1621"/>
                  <String HEIGHT="51"
                          WIDTH="128"
                          VPOS="1589"
                          HPOS="1573"
                          CONTENT="equo"/>
                  <SP HEIGHT="51" WIDTH="16" VPOS="1589" HPOS="1701"/>
                  <String HEIGHT="51"
                          WIDTH="176"
                          VPOS="1589"
                          HPOS="1653"
                          CONTENT="manente"/>
                  <SP HEIGHT="51" WIDTH="16" VPOS="1589" HPOS="1829"/>
                  <String HEIGHT="51"
                          WIDTH="144"
                          VPOS="1589"
                          HPOS="1781"
                          CONTENT="penes"/>
                  <SP HEIGHT="51" WIDTH="16" VPOS="1589" HPOS="1926"/>
                  <String HEIGHT="51"
                          WIDTH="112"
                          VPOS="1589"
                          HPOS="1877"
                          CONTENT="me,"/>
                  <SP HEIGHT="51" WIDTH="16" VPOS="1589" HPOS="1990"/>
                  <String HEIGHT="51"
                          WIDTH="144"
                          VPOS="1589"
                          HPOS="1942"
                          CONTENT="potes"/>
                  <SP HEIGHT="51" WIDTH="16" VPOS="1589" HPOS="2086"/>
                  <String HEIGHT="51" WIDTH="96" VPOS="1589" HPOS="2038" CONTENT="in"/>
                  <SP HEIGHT="51" WIDTH="16" VPOS="1589" HPOS="2134"/>
                  <String HEIGHT="51" WIDTH="32" VPOS="1589" HPOS="2070" CONTENT=""/>
               </TextLine>
               <TextLine ID="r2l32"
                         BASELINE="1677"
                         HEIGHT="42"
                         WIDTH="770"
                         VPOS="1635"
                         HPOS="1332">
                  <String HEIGHT="42"
                          WIDTH="105"
                          VPOS="1635"
                          HPOS="1315"
                          CONTENT="me"/>
                  <SP HEIGHT="42" WIDTH="18" VPOS="1635" HPOS="1420"/>
                  <String HEIGHT="42"
                          WIDTH="245"
                          VPOS="1635"
                          HPOS="1367"
                          CONTENT="transferre"/>
                  <SP HEIGHT="42" WIDTH="18" VPOS="1635" HPOS="1612"/>
                  <String HEIGHT="42"
                          WIDTH="210"
                          VPOS="1635"
                          HPOS="1560"
                          CONTENT="dominium"/>
                  <SP HEIGHT="42" WIDTH="18" VPOS="1635" HPOS="1770"/>
                  <String HEIGHT="42"
                          WIDTH="158"
                          VPOS="1635"
                          HPOS="1717"
                          CONTENT="equi,"/>
                  <SP HEIGHT="42" WIDTH="18" VPOS="1635" HPOS="1875"/>
                  <String HEIGHT="42" WIDTH="88" VPOS="1635" HPOS="1822" CONTENT="&amp;"/>
                  <SP HEIGHT="42" WIDTH="18" VPOS="1635" HPOS="1910"/>
                  <String HEIGHT="42"
                          WIDTH="193"
                          VPOS="1635"
                          HPOS="1857"
                          CONTENT="manebit"/>
                  <SP HEIGHT="42" WIDTH="18" VPOS="1635" HPOS="2050"/>
                  <String HEIGHT="42"
                          WIDTH="123"
                          VPOS="1635"
                          HPOS="1980"
                          CONTENT="meus"
                          SUBS_TYPE="HypPart1"
                          SUBS_CONTENT="meusModo"/>
                  <HYP CONTENT="-"/>
               </TextLine>
               <TextLine ID="r2l33"
                         BASELINE="1730"
                         HEIGHT="56"
                         WIDTH="766"
                         VPOS="1674"
                         HPOS="1335">
                  <String HEIGHT="56"
                          WIDTH="123"
                          VPOS="1674"
                          HPOS="1320"
                          CONTENT="Modo"
                          SUBS_TYPE="HypPart2"
                          SUBS_CONTENT="meusModo"/>
                  <SP HEIGHT="56" WIDTH="15" VPOS="1674" HPOS="1442"/>
                  <String HEIGHT="56"
                          WIDTH="184"
                          VPOS="1674"
                          HPOS="1396"
                          CONTENT="pontifex"/>
                  <SP HEIGHT="56" WIDTH="15" VPOS="1674" HPOS="1580"/>
                  <String HEIGHT="56"
                          WIDTH="153"
                          VPOS="1674"
                          HPOS="1534"
                          CONTENT="potest"/>
                  <SP HEIGHT="56" WIDTH="15" VPOS="1674" HPOS="1687"/>
                  <String HEIGHT="56"
                          WIDTH="184"
                          VPOS="1674"
                          HPOS="1641"
                          CONTENT="conferre"/>
                  <SP HEIGHT="56" WIDTH="15" VPOS="1674" HPOS="1825"/>
                  <String HEIGHT="56"
                          WIDTH="214"
                          VPOS="1674"
                          HPOS="1779"
                          CONTENT="beneficium"/>
                  <SP HEIGHT="56" WIDTH="15" VPOS="1674" HPOS="1994"/>
                  <String HEIGHT="56" WIDTH="77" VPOS="1674" HPOS="1948" CONTENT="&amp;"/>
                  <SP HEIGHT="56" WIDTH="15" VPOS="1674" HPOS="2024"/>
                  <String HEIGHT="56"
                          WIDTH="138"
                          VPOS="1674"
                          HPOS="1963"
                          CONTENT="praeue"
                          SUBS_TYPE="HypPart1"
                          SUBS_CONTENT="praeuenire"/>
                  <HYP CONTENT="-"/>
               </TextLine>
               <TextLine ID="r2l34"
                         BASELINE="1771"
                         HEIGHT="51"
                         WIDTH="769"
                         VPOS="1720"
                         HPOS="1339">
                  <String HEIGHT="51"
                          WIDTH="121"
                          VPOS="1720"
                          HPOS="1324"
                          CONTENT="nire"
                          SUBS_TYPE="HypPart2"
                          SUBS_CONTENT="praeuenire"/>
                  <SP HEIGHT="51" WIDTH="15" VPOS="1720" HPOS="1445"/>
                  <String HEIGHT="51"
                          WIDTH="181"
                          VPOS="1720"
                          HPOS="1399"
                          CONTENT="communes"/>
                  <SP HEIGHT="51" WIDTH="15" VPOS="1720" HPOS="1580"/>
                  <String HEIGHT="51"
                          WIDTH="226"
                          VPOS="1720"
                          HPOS="1535"
                          CONTENT="collatores."/>
                  <SP HEIGHT="51" WIDTH="15" VPOS="1720" HPOS="1761"/>
                  <String HEIGHT="51" WIDTH="75" VPOS="1720" HPOS="1716" CONTENT="&amp;"/>
                  <SP HEIGHT="51" WIDTH="15" VPOS="1720" HPOS="1791"/>
                  <String HEIGHT="51"
                          WIDTH="106"
                          VPOS="1720"
                          HPOS="1746"
                          CONTENT="hoc"/>
                  <SP HEIGHT="51" WIDTH="15" VPOS="1720" HPOS="1852"/>
                  <String HEIGHT="51"
                          WIDTH="226"
                          VPOS="1720"
                          HPOS="1806"
                          CONTENT="rationabile"/>
                  <SP HEIGHT="51" WIDTH="15" VPOS="1720" HPOS="2033"/>
                  <String HEIGHT="51"
                          WIDTH="106"
                          VPOS="1720"
                          HPOS="1987"
                          CONTENT="est"/>
                  <SP HEIGHT="51" WIDTH="15" VPOS="1720" HPOS="2093"/>
                  <String HEIGHT="51" WIDTH="90" VPOS="1720" HPOS="2048" CONTENT="in"/>
                  <SP HEIGHT="51" WIDTH="15" VPOS="1720" HPOS="2138"/>
                  <String HEIGHT="51" WIDTH="30" VPOS="1720" HPOS="2078" CONTENT=""/>
               </TextLine>
               <TextLine ID="r2l35"
                         BASELINE="1820"
                         HEIGHT="54"
                         WIDTH="757"
                         VPOS="1766"
                         HPOS="1338">
                  <String HEIGHT="54"
                          WIDTH="189"
                          VPOS="1766"
                          HPOS="1324"
                          CONTENT="proposito:"/>
                  <SP HEIGHT="54" WIDTH="14" VPOS="1766" HPOS="1514"/>
                  <String HEIGHT="54"
                          WIDTH="108"
                          VPOS="1766"
                          HPOS="1473"
                          CONTENT="quia"/>
                  <SP HEIGHT="54" WIDTH="14" VPOS="1766" HPOS="1581"/>
                  <String HEIGHT="54"
                          WIDTH="162"
                          VPOS="1766"
                          HPOS="1541"
                          CONTENT="alioquin"/>
                  <SP HEIGHT="54" WIDTH="14" VPOS="1766" HPOS="1703"/>
                  <String HEIGHT="54"
                          WIDTH="149"
                          VPOS="1766"
                          HPOS="1662"
                          CONTENT="homines"/>
                  <SP HEIGHT="54" WIDTH="14" VPOS="1766" HPOS="1811"/>
                  <String HEIGHT="54"
                          WIDTH="135"
                          VPOS="1766"
                          HPOS="1771"
                          CONTENT="contra"/>
                  <SP HEIGHT="54" WIDTH="14" VPOS="1766" HPOS="1906"/>
                  <String HEIGHT="54"
                          WIDTH="216"
                          VPOS="1766"
                          HPOS="1865"
                          CONTENT="conscientias"/>
                  <SP HEIGHT="54" WIDTH="14" VPOS="1766" HPOS="2081"/>
                  <String HEIGHT="54"
                          WIDTH="68"
                          VPOS="1766"
                          HPOS="2027"
                          CONTENT="non"/>
               </TextLine>
               <TextLine ID="r2l36"
                         BASELINE="1866"
                         HEIGHT="48"
                         WIDTH="769"
                         VPOS="1818"
                         HPOS="1332">
                  <String HEIGHT="48"
                          WIDTH="189"
                          VPOS="1818"
                          HPOS="1319"
                          CONTENT="resignarent"/>
                  <SP HEIGHT="48" WIDTH="13" VPOS="1818" HPOS="1508"/>
                  <String HEIGHT="48"
                          WIDTH="101"
                          VPOS="1818"
                          HPOS="1471"
                          CONTENT="haec"/>
                  <SP HEIGHT="48" WIDTH="13" VPOS="1818" HPOS="1572"/>
                  <String HEIGHT="48"
                          WIDTH="176"
                          VPOS="1818"
                          HPOS="1534"
                          CONTENT="beneficia:"/>
                  <SP HEIGHT="48" WIDTH="13" VPOS="1818" HPOS="1710"/>
                  <String HEIGHT="48"
                          WIDTH="151"
                          VPOS="1818"
                          HPOS="1672"
                          CONTENT="quamquam"/>
                  <SP HEIGHT="48" WIDTH="13" VPOS="1818" HPOS="1824"/>
                  <String HEIGHT="48"
                          WIDTH="126"
                          VPOS="1818"
                          HPOS="1786"
                          CONTENT="potest"/>
                  <SP HEIGHT="48" WIDTH="13" VPOS="1818" HPOS="1912"/>
                  <String HEIGHT="48"
                          WIDTH="101"
                          VPOS="1818"
                          HPOS="1874"
                          CONTENT="esse"/>
                  <SP HEIGHT="48" WIDTH="13" VPOS="1818" HPOS="1975"/>
                  <String HEIGHT="48"
                          WIDTH="164"
                          VPOS="1818"
                          HPOS="1937"
                          CONTENT="aliqualis"/>
                  <SP HEIGHT="48" WIDTH="13" VPOS="1818" HPOS="2101"/>
                  <String HEIGHT="48" WIDTH="50" VPOS="1818" HPOS="2051" CONTENT="oc"/>
               </TextLine>
               <TextLine ID="r2l37"
                         BASELINE="1904"
                         HEIGHT="53"
                         WIDTH="763"
                         VPOS="1851"
                         HPOS="1338">
                  <String HEIGHT="53"
                          WIDTH="149"
                          VPOS="1851"
                          HPOS="1321"
                          CONTENT="casio"/>
                  <SP HEIGHT="53" WIDTH="17" VPOS="1851" HPOS="1471"/>
                  <String HEIGHT="53"
                          WIDTH="166"
                          VPOS="1851"
                          HPOS="1421"
                          CONTENT="emendi"/>
                  <SP HEIGHT="53" WIDTH="17" VPOS="1851" HPOS="1587"/>
                  <String HEIGHT="53"
                          WIDTH="232"
                          VPOS="1851"
                          HPOS="1537"
                          CONTENT="beneficia."/>
                  <SP HEIGHT="53" WIDTH="17" VPOS="1851" HPOS="1769"/>
                  <String HEIGHT="53"
                          WIDTH="116"
                          VPOS="1851"
                          HPOS="1720"
                          CONTENT="Sed"/>
                  <SP HEIGHT="53" WIDTH="17" VPOS="1851" HPOS="1836"/>
                  <String HEIGHT="53"
                          WIDTH="100"
                          VPOS="1851"
                          HPOS="1786"
                          CONTENT="de"/>
                  <SP HEIGHT="53" WIDTH="17" VPOS="1851" HPOS="1885"/>
                  <String HEIGHT="53"
                          WIDTH="166"
                          VPOS="1851"
                          HPOS="1836"
                          CONTENT="munere"/>
                  <SP HEIGHT="53" WIDTH="17" VPOS="1851" HPOS="2001"/>
                  <String HEIGHT="53"
                          WIDTH="100"
                          VPOS="1851"
                          HPOS="1952"
                          CONTENT="ab"/>
                  <SP HEIGHT="53" WIDTH="17" VPOS="1851" HPOS="2051"/>
                  <String HEIGHT="53"
                          WIDTH="116"
                          VPOS="1851"
                          HPOS="1985"
                          CONTENT="obse"
                          SUBS_TYPE="HypPart1"
                          SUBS_CONTENT="obsequio"/>
                  <HYP CONTENT="-"/>
               </TextLine>
               <TextLine ID="r2l38"
                         BASELINE="1950"
                         HEIGHT="52"
                         WIDTH="754"
                         VPOS="1898"
                         HPOS="1345">
                  <String HEIGHT="52"
                          WIDTH="123"
                          VPOS="1898"
                          HPOS="1330"
                          CONTENT="quio"
                          SUBS_TYPE="HypPart2"
                          SUBS_CONTENT="obsequio"/>
                  <SP HEIGHT="52" WIDTH="15" VPOS="1898" HPOS="1453"/>
                  <String HEIGHT="52"
                          WIDTH="154"
                          VPOS="1898"
                          HPOS="1407"
                          CONTENT="quando"/>
                  <SP HEIGHT="52" WIDTH="15" VPOS="1898" HPOS="1560"/>
                  <String HEIGHT="52"
                          WIDTH="138"
                          VPOS="1898"
                          HPOS="1514"
                          CONTENT="nulla"/>
                  <SP HEIGHT="52" WIDTH="15" VPOS="1898" HPOS="1653"/>
                  <String HEIGHT="52"
                          WIDTH="108"
                          VPOS="1898"
                          HPOS="1607"
                          CONTENT="est"/>
                  <SP HEIGHT="52" WIDTH="15" VPOS="1898" HPOS="1714"/>
                  <String HEIGHT="52"
                          WIDTH="169"
                          VPOS="1898"
                          HPOS="1668"
                          CONTENT="pactio:"/>
                  <SP HEIGHT="52" WIDTH="15" VPOS="1898" HPOS="1837"/>
                  <String HEIGHT="52" WIDTH="92" VPOS="1898" HPOS="1791" CONTENT="si"/>
                  <SP HEIGHT="52" WIDTH="15" VPOS="1898" HPOS="1884"/>
                  <String HEIGHT="52"
                          WIDTH="123"
                          VPOS="1898"
                          HPOS="1837"
                          CONTENT="homo"/>
                  <SP HEIGHT="52" WIDTH="15" VPOS="1898" HPOS="1961"/>
                  <String HEIGHT="52"
                          WIDTH="108"
                          VPOS="1898"
                          HPOS="1914"
                          CONTENT="sit"/>
                  <SP HEIGHT="52" WIDTH="15" VPOS="1898" HPOS="2022"/>
                  <String HEIGHT="52"
                          WIDTH="138"
                          VPOS="1898"
                          HPOS="1961"
                          CONTENT="idoneus"/>
               </TextLine>
               <TextLine ID="r2l39"
                         BASELINE="1997"
                         HEIGHT="54"
                         WIDTH="761"
                         VPOS="1943"
                         HPOS="1345">
                  <String HEIGHT="54"
                          WIDTH="177"
                          VPOS="1943"
                          HPOS="1331"
                          CONTENT="quocumque"/>
                  <SP HEIGHT="54" WIDTH="14" VPOS="1943" HPOS="1508"/>
                  <String HEIGHT="54"
                          WIDTH="109"
                          VPOS="1943"
                          HPOS="1467"
                          CONTENT="fine"/>
                  <SP HEIGHT="54" WIDTH="14" VPOS="1943" HPOS="1576"/>
                  <String HEIGHT="54"
                          WIDTH="190"
                          VPOS="1943"
                          HPOS="1535"
                          CONTENT="inseruiat:"/>
                  <SP HEIGHT="54" WIDTH="14" VPOS="1943" HPOS="1726"/>
                  <String HEIGHT="54"
                          WIDTH="95"
                          VPOS="1943"
                          HPOS="1685"
                          CONTENT="non"/>
                  <SP HEIGHT="54" WIDTH="14" VPOS="1943" HPOS="1780"/>
                  <String HEIGHT="54"
                          WIDTH="122"
                          VPOS="1943"
                          HPOS="1739"
                          CONTENT="credo"/>
                  <SP HEIGHT="54" WIDTH="14" VPOS="1943" HPOS="1861"/>
                  <String HEIGHT="54"
                          WIDTH="109"
                          VPOS="1943"
                          HPOS="1821"
                          CONTENT="quod"/>
                  <SP HEIGHT="54" WIDTH="14" VPOS="1943" HPOS="1929"/>
                  <String HEIGHT="54"
                          WIDTH="163"
                          VPOS="1943"
                          HPOS="1889"
                          CONTENT="teneatur"/>
                  <SP HEIGHT="54" WIDTH="14" VPOS="1943" HPOS="2052"/>
                  <String HEIGHT="54"
                          WIDTH="109"
                          VPOS="1943"
                          HPOS="1997"
                          CONTENT="benefi"/>
               </TextLine>
               <TextLine ID="r2l40"
                         BASELINE="2040"
                         HEIGHT="53"
                         WIDTH="768"
                         VPOS="1987"
                         HPOS="1333">
                  <String HEIGHT="53"
                          WIDTH="120"
                          VPOS="1987"
                          HPOS="1318"
                          CONTENT="cium"/>
                  <SP HEIGHT="53" WIDTH="15" VPOS="1987" HPOS="1438"/>
                  <String HEIGHT="53"
                          WIDTH="226"
                          VPOS="1987"
                          HPOS="1393"
                          CONTENT="restituere."/>
                  <SP HEIGHT="53" WIDTH="15" VPOS="1987" HPOS="1619"/>
                  <String HEIGHT="53"
                          WIDTH="136"
                          VPOS="1987"
                          HPOS="1574"
                          CONTENT="Fodem"/>
                  <SP HEIGHT="53" WIDTH="15" VPOS="1987" HPOS="1709"/>
                  <String HEIGHT="53"
                          WIDTH="120"
                          VPOS="1987"
                          HPOS="1664"
                          CONTENT="modo"/>
                  <SP HEIGHT="53" WIDTH="15" VPOS="1987" HPOS="1785"/>
                  <String HEIGHT="53" WIDTH="90" VPOS="1987" HPOS="1740" CONTENT="si"/>
                  <SP HEIGHT="53" WIDTH="15" VPOS="1987" HPOS="1830"/>
                  <String HEIGHT="53"
                          WIDTH="136"
                          VPOS="1987"
                          HPOS="1785"
                          CONTENT="prece"/>
                  <SP HEIGHT="53" WIDTH="15" VPOS="1987" HPOS="1920"/>
                  <String HEIGHT="53"
                          WIDTH="105"
                          VPOS="1987"
                          HPOS="1875"
                          CONTENT="vel"/>
                  <SP HEIGHT="53" WIDTH="15" VPOS="1987" HPOS="1981"/>
                  <String HEIGHT="53"
                          WIDTH="181"
                          VPOS="1987"
                          HPOS="1920"
                          CONTENT="consangui"
                          SUBS_TYPE="HypPart1"
                          SUBS_CONTENT="consanguinitate"/>
                  <HYP CONTENT="-"/>
               </TextLine>
               <TextLine ID="r2l41"
                         BASELINE="2082"
                         HEIGHT="53"
                         WIDTH="778"
                         VPOS="2029"
                         HPOS="1333">
                  <String HEIGHT="53"
                          WIDTH="153"
                          VPOS="2029"
                          HPOS="1318"
                          CONTENT="nitate"
                          SUBS_TYPE="HypPart2"
                          SUBS_CONTENT="consanguinitate"/>
                  <SP HEIGHT="53" WIDTH="15" VPOS="2029" HPOS="1470"/>
                  <String HEIGHT="53"
                          WIDTH="214"
                          VPOS="2029"
                          HPOS="1425"
                          CONTENT="beneficium"/>
                  <SP HEIGHT="53" WIDTH="15" VPOS="2029" HPOS="1638"/>
                  <String HEIGHT="53"
                          WIDTH="229"
                          VPOS="2029"
                          HPOS="1592"
                          CONTENT="acquisiuit,"/>
                  <SP HEIGHT="53" WIDTH="15" VPOS="2029" HPOS="1821"/>
                  <String HEIGHT="53"
                          WIDTH="168"
                          VPOS="2029"
                          HPOS="1775"
                          CONTENT="dummodo"/>
                  <SP HEIGHT="53" WIDTH="15" VPOS="2029" HPOS="1943"/>
                  <String HEIGHT="53"
                          WIDTH="107"
                          VPOS="2029"
                          HPOS="1897"
                          CONTENT="sit"/>
                  <SP HEIGHT="53" WIDTH="15" VPOS="2029" HPOS="2004"/>
                  <String HEIGHT="53"
                          WIDTH="168"
                          VPOS="2029"
                          HPOS="1943"
                          CONTENT="indoneus,"/>
               </TextLine>
               <TextLine ID="r2l42"
                         BASELINE="2124"
                         HEIGHT="52"
                         WIDTH="765"
                         VPOS="2072"
                         HPOS="1339">
                  <String HEIGHT="52"
                          WIDTH="170"
                          VPOS="2072"
                          HPOS="1325"
                          CONTENT="sufficit"/>
                  <SP HEIGHT="52" WIDTH="14" VPOS="2072" HPOS="1495"/>
                  <String HEIGHT="52"
                          WIDTH="184"
                          VPOS="2072"
                          HPOS="1452"
                          CONTENT="poenitere"/>
                  <SP HEIGHT="52" WIDTH="14" VPOS="2072" HPOS="1637"/>
                  <String HEIGHT="52" WIDTH="85" VPOS="2072" HPOS="1594" CONTENT="de"/>
                  <SP HEIGHT="52" WIDTH="14" VPOS="2072" HPOS="1679"/>
                  <String HEIGHT="52"
                          WIDTH="170"
                          VPOS="2072"
                          HPOS="1637"
                          CONTENT="peccato,"/>
                  <SP HEIGHT="52" WIDTH="14" VPOS="2072" HPOS="1807"/>
                  <String HEIGHT="52"
                          WIDTH="113"
                          VPOS="2072"
                          HPOS="1764"
                          CONTENT="siue"/>
                  <SP HEIGHT="52" WIDTH="14" VPOS="2072" HPOS="1877"/>
                  <String HEIGHT="52"
                          WIDTH="113"
                          VPOS="2072"
                          HPOS="1835"
                          CONTENT="erat"/>
                  <SP HEIGHT="52" WIDTH="14" VPOS="2072" HPOS="1948"/>
                  <String HEIGHT="52"
                          WIDTH="170"
                          VPOS="2072"
                          HPOS="1906"
                          CONTENT="intentio"/>
                  <SP HEIGHT="52" WIDTH="14" VPOS="2072" HPOS="2076"/>
                  <String HEIGHT="52"
                          WIDTH="85"
                          VPOS="2072"
                          HPOS="2019"
                          CONTENT="prin"/>
               </TextLine>
               <TextLine ID="r2l43"
                         BASELINE="2165"
                         HEIGHT="47"
                         WIDTH="768"
                         VPOS="2118"
                         HPOS="1342">
                  <String HEIGHT="47"
                          WIDTH="184"
                          VPOS="2118"
                          HPOS="1327"
                          CONTENT="cipalis,"/>
                  <SP HEIGHT="47" WIDTH="15" VPOS="2118" HPOS="1511"/>
                  <String HEIGHT="47"
                          WIDTH="108"
                          VPOS="2118"
                          HPOS="1465"
                          CONTENT="per"/>
                  <SP HEIGHT="47" WIDTH="15" VPOS="2118" HPOS="1572"/>
                  <String HEIGHT="47"
                          WIDTH="200"
                          VPOS="2118"
                          HPOS="1526"
                          CONTENT="obsequium"/>
                  <SP HEIGHT="47" WIDTH="15" VPOS="2118" HPOS="1726"/>
                  <String HEIGHT="47"
                          WIDTH="108"
                          VPOS="2118"
                          HPOS="1680"
                          CONTENT="vel"/>
                  <SP HEIGHT="47" WIDTH="15" VPOS="2118" HPOS="1787"/>
                  <String HEIGHT="47"
                          WIDTH="154"
                          VPOS="2118"
                          HPOS="1741"
                          CONTENT="preces"/>
                  <SP HEIGHT="47" WIDTH="15" VPOS="2118" HPOS="1895"/>
                  <String HEIGHT="47"
                          WIDTH="184"
                          VPOS="2118"
                          HPOS="1849"
                          CONTENT="obtinere"/>
                  <SP HEIGHT="47" WIDTH="15" VPOS="2118" HPOS="2033"/>
                  <String HEIGHT="47"
                          WIDTH="138"
                          VPOS="2118"
                          HPOS="1972"
                          CONTENT="benefi"
                          SUBS_TYPE="HypPart1"
                          SUBS_CONTENT="beneficium,"/>
                  <HYP CONTENT="-"/>
               </TextLine>
               <TextLine ID="r2l44"
                         BASELINE="2222"
                         HEIGHT="60"
                         WIDTH="772"
                         VPOS="2162"
                         HPOS="1342">
                  <String HEIGHT="60"
                          WIDTH="139"
                          VPOS="2162"
                          HPOS="1327"
                          CONTENT="cium,"
                          SUBS_TYPE="HypPart2"
                          SUBS_CONTENT="beneficium,"/>
                  <SP HEIGHT="60" WIDTH="15" VPOS="2162" HPOS="1466"/>
                  <String HEIGHT="60"
                          WIDTH="124"
                          VPOS="2162"
                          HPOS="1419"
                          CONTENT="siue"/>
                  <SP HEIGHT="60" WIDTH="15" VPOS="2162" HPOS="1543"/>
                  <String HEIGHT="60"
                          WIDTH="124"
                          VPOS="2162"
                          HPOS="1496"
                          CONTENT="non."/>
                  <SP HEIGHT="60" WIDTH="15" VPOS="2162" HPOS="1620"/>
                  <String HEIGHT="60"
                          WIDTH="139"
                          VPOS="2162"
                          HPOS="1574"
                          CONTENT="lstud"/>
                  <SP HEIGHT="60" WIDTH="15" VPOS="2162" HPOS="1713"/>
                  <String HEIGHT="60"
                          WIDTH="154"
                          VPOS="2162"
                          HPOS="1666"
                          CONTENT="potest"/>
                  <SP HEIGHT="60" WIDTH="15" VPOS="2162" HPOS="1821"/>
                  <String HEIGHT="60"
                          WIDTH="170"
                          VPOS="2162"
                          HPOS="1774"
                          CONTENT="ostendi"/>
                  <SP HEIGHT="60" WIDTH="15" VPOS="2162" HPOS="1944"/>
                  <String HEIGHT="60"
                          WIDTH="108"
                          VPOS="2162"
                          HPOS="1898"
                          CONTENT="per"/>
                  <SP HEIGHT="60" WIDTH="15" VPOS="2162" HPOS="2006"/>
                  <String HEIGHT="60"
                          WIDTH="170"
                          VPOS="2162"
                          HPOS="1944"
                          CONTENT="capitulum"/>
               </TextLine>
               <TextLine ID="r2l45"
                         BASELINE="2265"
                         HEIGHT="60"
                         WIDTH="304"
                         VPOS="2205"
                         HPOS="1345">
                  <String HEIGHT="60"
                          WIDTH="176"
                          VPOS="2205"
                          HPOS="1329"
                          CONTENT="vltimum"/>
                  <SP HEIGHT="60" WIDTH="16" VPOS="2205" HPOS="1505"/>
                  <String HEIGHT="60" WIDTH="96" VPOS="2205" HPOS="1457" CONTENT="de"/>
                  <SP HEIGHT="60" WIDTH="16" VPOS="2205" HPOS="1553"/>
                  <String HEIGHT="60"
                          WIDTH="160"
                          VPOS="2205"
                          HPOS="1489"
                          CONTENT="simonia."/>
               </TextLine>
               <TextLine ID="r2l46"
                         BASELINE="2348"
                         HEIGHT="96"
                         WIDTH="763"
                         VPOS="2252"
                         HPOS="1344">
                  <String HEIGHT="96" WIDTH="109" VPOS="2252" HPOS="1322" CONTENT=""/>
                  <SP HEIGHT="96" WIDTH="22" VPOS="2252" HPOS="1431"/>
                  <String HEIGHT="96"
                          WIDTH="153"
                          VPOS="2252"
                          HPOS="1366"
                          CONTENT="Sed"/>
                  <SP HEIGHT="96" WIDTH="22" VPOS="2252" HPOS="1518"/>
                  <String HEIGHT="96"
                          WIDTH="131"
                          VPOS="2252"
                          HPOS="1453"
                          CONTENT="de"/>
                  <SP HEIGHT="96" WIDTH="22" VPOS="2252" HPOS="1584"/>
                  <String HEIGHT="96"
                          WIDTH="240"
                          VPOS="2252"
                          HPOS="1518"
                          CONTENT="simonia"/>
                  <SP HEIGHT="96" WIDTH="22" VPOS="2252" HPOS="1758"/>
                  <String HEIGHT="96"
                          WIDTH="240"
                          VPOS="2252"
                          HPOS="1693"
                          CONTENT="mentali"/>
                  <SP HEIGHT="96" WIDTH="22" VPOS="2252" HPOS="1933"/>
                  <String HEIGHT="96"
                          WIDTH="196"
                          VPOS="2252"
                          HPOS="1867"
                          CONTENT="inter"/>
                  <SP HEIGHT="96" WIDTH="22" VPOS="2252" HPOS="2063"/>
                  <String HEIGHT="96"
                          WIDTH="153"
                          VPOS="2252"
                          HPOS="1998"
                          CONTENT="do-"/>
                  <SP HEIGHT="96" WIDTH="22" VPOS="2252" HPOS="2151"/>
                  <String HEIGHT="96" WIDTH="44" VPOS="2252" HPOS="2063" CONTENT=""/>
               </TextLine>
               <TextLine ID="r2l47"
                         BASELINE="2384"
                         HEIGHT="50"
                         WIDTH="772"
                         VPOS="2334"
                         HPOS="1333">
                  <String HEIGHT="50"
                          WIDTH="140"
                          VPOS="2334"
                          HPOS="1319"
                          CONTENT="ctores"/>
                  <SP HEIGHT="50" WIDTH="14" VPOS="2334" HPOS="1459"/>
                  <String HEIGHT="50"
                          WIDTH="98"
                          VPOS="2334"
                          HPOS="1417"
                          CONTENT="est"/>
                  <SP HEIGHT="50" WIDTH="14" VPOS="2334" HPOS="1515"/>
                  <String HEIGHT="50"
                          WIDTH="211"
                          VPOS="2334"
                          HPOS="1473"
                          CONTENT="difficultas"/>
                  <SP HEIGHT="50" WIDTH="14" VPOS="2334" HPOS="1684"/>
                  <String HEIGHT="50"
                          WIDTH="98"
                          VPOS="2334"
                          HPOS="1642"
                          CONTENT="non"/>
                  <SP HEIGHT="50" WIDTH="14" VPOS="2334" HPOS="1740"/>
                  <String HEIGHT="50"
                          WIDTH="140"
                          VPOS="2334"
                          HPOS="1698"
                          CONTENT="modica"/>
                  <SP HEIGHT="50" WIDTH="14" VPOS="2334" HPOS="1838"/>
                  <String HEIGHT="50"
                          WIDTH="168"
                          VPOS="2334"
                          HPOS="1796"
                          CONTENT="propter."/>
                  <SP HEIGHT="50" WIDTH="14" VPOS="2334" HPOS="1965"/>
                  <String HEIGHT="50" WIDTH="84" VPOS="2334" HPOS="1923" CONTENT="c."/>
                  <SP HEIGHT="50" WIDTH="14" VPOS="2334" HPOS="2007"/>
                  <String HEIGHT="50"
                          WIDTH="98"
                          VPOS="2334"
                          HPOS="1965"
                          CONTENT="fi."/>
                  <SP HEIGHT="50" WIDTH="14" VPOS="2334" HPOS="2063"/>
                  <String HEIGHT="50"
                          WIDTH="98"
                          VPOS="2334"
                          HPOS="2007"
                          CONTENT="huius"/>
               </TextLine>
               <TextLine ID="r2l48"
                         BASELINE="2440"
                         HEIGHT="60"
                         WIDTH="755"
                         VPOS="2380"
                         HPOS="1344">
                  <String HEIGHT="60"
                          WIDTH="192"
                          VPOS="2380"
                          HPOS="1329"
                          CONTENT="rubricae:"/>
                  <SP HEIGHT="60" WIDTH="15" VPOS="2380" HPOS="1522"/>
                  <String HEIGHT="60"
                          WIDTH="133"
                          VPOS="2380"
                          HPOS="1477"
                          CONTENT="vtrum"/>
                  <SP HEIGHT="60" WIDTH="15" VPOS="2380" HPOS="1610"/>
                  <String HEIGHT="60"
                          WIDTH="118"
                          VPOS="2380"
                          HPOS="1566"
                          CONTENT="homo"/>
                  <SP HEIGHT="60" WIDTH="15" VPOS="2380" HPOS="1684"/>
                  <String HEIGHT="60"
                          WIDTH="207"
                          VPOS="2380"
                          HPOS="1640"
                          CONTENT="beneficium"/>
                  <SP HEIGHT="60" WIDTH="15" VPOS="2380" HPOS="1847"/>
                  <String HEIGHT="60"
                          WIDTH="207"
                          VPOS="2380"
                          HPOS="1803"
                          CONTENT="acquisitum"/>
                  <SP HEIGHT="60" WIDTH="15" VPOS="2380" HPOS="2010"/>
                  <String HEIGHT="60"
                          WIDTH="104"
                          VPOS="2380"
                          HPOS="1966"
                          CONTENT="per"/>
                  <SP HEIGHT="60" WIDTH="15" VPOS="2380" HPOS="2069"/>
                  <String HEIGHT="60"
                          WIDTH="89"
                          VPOS="2380"
                          HPOS="2010"
                          CONTENT="simo"/>
               </TextLine>
               <TextLine ID="r2l49"
                         BASELINE="2484"
                         HEIGHT="60"
                         WIDTH="776"
                         VPOS="2424"
                         HPOS="1335">
                  <String HEIGHT="60"
                          WIDTH="119"
                          VPOS="2424"
                          HPOS="1320"
                          CONTENT="niam"/>
                  <SP HEIGHT="60" WIDTH="15" VPOS="2424" HPOS="1439"/>
                  <String HEIGHT="60"
                          WIDTH="179"
                          VPOS="2424"
                          HPOS="1395"
                          CONTENT="mentalem"/>
                  <SP HEIGHT="60" WIDTH="15" VPOS="2424" HPOS="1574"/>
                  <String HEIGHT="60" WIDTH="90" VPOS="2424" HPOS="1529" CONTENT="si"/>
                  <SP HEIGHT="60" WIDTH="15" VPOS="2424" HPOS="1619"/>
                  <String HEIGHT="60"
                          WIDTH="134"
                          VPOS="2424"
                          HPOS="1574"
                          CONTENT="secum"/>
                  <SP HEIGHT="60" WIDTH="15" VPOS="2424" HPOS="1708"/>
                  <String HEIGHT="60"
                          WIDTH="104"
                          VPOS="2424"
                          HPOS="1663"
                          CONTENT="non"/>
                  <SP HEIGHT="60" WIDTH="15" VPOS="2424" HPOS="1768"/>
                  <String HEIGHT="60"
                          WIDTH="224"
                          VPOS="2424"
                          HPOS="1723"
                          CONTENT="dispensetur"/>
                  <SP HEIGHT="60" WIDTH="15" VPOS="2424" HPOS="1947"/>
                  <String HEIGHT="60" WIDTH="75" VPOS="2424" HPOS="1902" CONTENT="a"/>
                  <SP HEIGHT="60" WIDTH="15" VPOS="2424" HPOS="1977"/>
                  <String HEIGHT="60"
                          WIDTH="149"
                          VPOS="2424"
                          HPOS="1932"
                          CONTENT="Romano"/>
                  <SP HEIGHT="60" WIDTH="15" VPOS="2424" HPOS="2081"/>
                  <String HEIGHT="60"
                          WIDTH="90"
                          VPOS="2424"
                          HPOS="2021"
                          CONTENT="pon"
                          SUBS_TYPE="HypPart1"
                          SUBS_CONTENT="pontifice,"/>
                  <HYP CONTENT="-"/>
               </TextLine>
               <TextLine ID="r2l50"
                         BASELINE="2518"
                         HEIGHT="49"
                         WIDTH="763"
                         VPOS="2469"
                         HPOS="1345">
                  <String HEIGHT="49"
                          WIDTH="153"
                          VPOS="2469"
                          HPOS="1331"
                          CONTENT="tifice,"
                          SUBS_TYPE="HypPart2"
                          SUBS_CONTENT="pontifice,"/>
                  <SP HEIGHT="49" WIDTH="14" VPOS="2469" HPOS="1484"/>
                  <String HEIGHT="49"
                          WIDTH="166"
                          VPOS="2469"
                          HPOS="1442"
                          CONTENT="teneatur"/>
                  <SP HEIGHT="49" WIDTH="14" VPOS="2469" HPOS="1609"/>
                  <String HEIGHT="49"
                          WIDTH="194"
                          VPOS="2469"
                          HPOS="1567"
                          CONTENT="resignare."/>
                  <SP HEIGHT="49" WIDTH="14" VPOS="2469" HPOS="1761"/>
                  <String HEIGHT="49"
                          WIDTH="97"
                          VPOS="2469"
                          HPOS="1720"
                          CONTENT="Pro"/>
                  <SP HEIGHT="49" WIDTH="14" VPOS="2469" HPOS="1817"/>
                  <String HEIGHT="49"
                          WIDTH="125"
                          VPOS="2469"
                          HPOS="1775"
                          CONTENT="cuius"/>
                  <SP HEIGHT="49" WIDTH="14" VPOS="2469" HPOS="1900"/>
                  <String HEIGHT="49"
                          WIDTH="236"
                          VPOS="2469"
                          HPOS="1858"
                          CONTENT="intelligentia"/>
                  <SP HEIGHT="49" WIDTH="14" VPOS="2469" HPOS="2094"/>
                  <String HEIGHT="49"
                          WIDTH="69"
                          VPOS="2469"
                          HPOS="2039"
                          CONTENT="con"/>
               </TextLine>
               <TextLine ID="r2l51"
                         BASELINE="2558"
                         HEIGHT="51"
                         WIDTH="764"
                         VPOS="2507"
                         HPOS="1338">
                  <String HEIGHT="51"
                          WIDTH="199"
                          VPOS="2507"
                          HPOS="1323"
                          CONTENT="siderato."/>
                  <SP HEIGHT="51" WIDTH="15" VPOS="2507" HPOS="1521"/>
                  <String HEIGHT="51"
                          WIDTH="168"
                          VPOS="2507"
                          HPOS="1476"
                          CONTENT="Quaedam"/>
                  <SP HEIGHT="51" WIDTH="15" VPOS="2507" HPOS="1644"/>
                  <String HEIGHT="51"
                          WIDTH="107"
                          VPOS="2507"
                          HPOS="1598"
                          CONTENT="est"/>
                  <SP HEIGHT="51" WIDTH="15" VPOS="2507" HPOS="1705"/>
                  <String HEIGHT="51"
                          WIDTH="168"
                          VPOS="2507"
                          HPOS="1659"
                          CONTENT="simonia"/>
                  <SP HEIGHT="51" WIDTH="15" VPOS="2507" HPOS="1827"/>
                  <String HEIGHT="51"
                          WIDTH="183"
                          VPOS="2507"
                          HPOS="1781"
                          CONTENT="mentalis"/>
                  <SP HEIGHT="51" WIDTH="15" VPOS="2507" HPOS="1964"/>
                  <String HEIGHT="51"
                          WIDTH="122"
                          VPOS="2507"
                          HPOS="1919"
                          CONTENT="sine"/>
                  <SP HEIGHT="51" WIDTH="15" VPOS="2507" HPOS="2041"/>
                  <String HEIGHT="51"
                          WIDTH="122"
                          VPOS="2507"
                          HPOS="1980"
                          CONTENT="opere"
                          SUBS_TYPE="HypPart1"
                          SUBS_CONTENT="operequaedam"/>
                  <HYP CONTENT="-"/>
               </TextLine>
               <TextLine ID="r2l52"
                         BASELINE="2610"
                         HEIGHT="50"
                         WIDTH="778"
                         VPOS="2560"
                         HPOS="1332">
                  <String HEIGHT="50"
                          WIDTH="168"
                          VPOS="2560"
                          HPOS="1317"
                          CONTENT="quaedam"
                          SUBS_TYPE="HypPart2"
                          SUBS_CONTENT="operequaedam"/>
                  <SP HEIGHT="50" WIDTH="15" VPOS="2560" HPOS="1485"/>
                  <String HEIGHT="50"
                          WIDTH="183"
                          VPOS="2560"
                          HPOS="1439"
                          CONTENT="mentalis"/>
                  <SP HEIGHT="50" WIDTH="15" VPOS="2560" HPOS="1622"/>
                  <String HEIGHT="50"
                          WIDTH="107"
                          VPOS="2560"
                          HPOS="1576"
                          CONTENT="cum"/>
                  <SP HEIGHT="50" WIDTH="15" VPOS="2560" HPOS="1683"/>
                  <String HEIGHT="50"
                          WIDTH="137"
                          VPOS="2560"
                          HPOS="1637"
                          CONTENT="opere"/>
                  <SP HEIGHT="50" WIDTH="15" VPOS="2560" HPOS="1774"/>
                  <String HEIGHT="50"
                          WIDTH="198"
                          VPOS="2560"
                          HPOS="1729"
                          CONTENT="subsecuto"/>
                  <SP HEIGHT="50" WIDTH="15" VPOS="2560" HPOS="1927"/>
                  <String HEIGHT="50"
                          WIDTH="122"
                          VPOS="2560"
                          HPOS="1881"
                          CONTENT="sine"/>
                  <SP HEIGHT="50" WIDTH="15" VPOS="2560" HPOS="2003"/>
                  <String HEIGHT="50"
                          WIDTH="168"
                          VPOS="2560"
                          HPOS="1942"
                          CONTENT="pactione."/>
               </TextLine>
               <TextLine ID="r2l53"
                         BASELINE="2650"
                         HEIGHT="51"
                         WIDTH="766"
                         VPOS="2599"
                         HPOS="1345">
                  <String HEIGHT="51" WIDTH="72" VPOS="2599" HPOS="1331" CONTENT="&amp;"/>
                  <SP HEIGHT="51" WIDTH="14" VPOS="2599" HPOS="1403"/>
                  <String HEIGHT="51"
                          WIDTH="159"
                          VPOS="2599"
                          HPOS="1359"
                          CONTENT="quaedam"/>
                  <SP HEIGHT="51" WIDTH="14" VPOS="2599" HPOS="1518"/>
                  <String HEIGHT="51"
                          WIDTH="101"
                          VPOS="2599"
                          HPOS="1475"
                          CONTENT="cum"/>
                  <SP HEIGHT="51" WIDTH="14" VPOS="2599" HPOS="1576"/>
                  <String HEIGHT="51"
                          WIDTH="130"
                          VPOS="2599"
                          HPOS="1533"
                          CONTENT="opere"/>
                  <SP HEIGHT="51" WIDTH="14" VPOS="2599" HPOS="1663"/>
                  <String HEIGHT="51"
                          WIDTH="188"
                          VPOS="2599"
                          HPOS="1620"
                          CONTENT="subsecuto"/>
                  <SP HEIGHT="51" WIDTH="14" VPOS="2599" HPOS="1807"/>
                  <String HEIGHT="51"
                          WIDTH="231"
                          VPOS="2599"
                          HPOS="1764"
                          CONTENT="pactionalis."/>
                  <SP HEIGHT="51" WIDTH="14" VPOS="2599" HPOS="1995"/>
                  <String HEIGHT="51" WIDTH="72" VPOS="2599" HPOS="1952" CONTENT="&amp;"/>
                  <SP HEIGHT="51" WIDTH="14" VPOS="2599" HPOS="2024"/>
                  <String HEIGHT="51"
                          WIDTH="145"
                          VPOS="2599"
                          HPOS="1966"
                          CONTENT="intelli"
                          SUBS_TYPE="HypPart1"
                          SUBS_CONTENT="intelligo"/>
                  <HYP CONTENT="-"/>
               </TextLine>
               <TextLine ID="r2l54"
                         BASELINE="2698"
                         HEIGHT="56"
                         WIDTH="760"
                         VPOS="2642"
                         HPOS="1341">
                  <String HEIGHT="56"
                          WIDTH="97"
                          VPOS="2642"
                          HPOS="1325"
                          CONTENT="go"
                          SUBS_TYPE="HypPart2"
                          SUBS_CONTENT="intelligo"/>
                  <SP HEIGHT="56" WIDTH="16" VPOS="2642" HPOS="1422"/>
                  <String HEIGHT="56" WIDTH="97" VPOS="2642" HPOS="1373" CONTENT="de"/>
                  <SP HEIGHT="56" WIDTH="16" VPOS="2642" HPOS="1470"/>
                  <String HEIGHT="56"
                          WIDTH="194"
                          VPOS="2642"
                          HPOS="1422"
                          CONTENT="pactione"/>
                  <SP HEIGHT="56" WIDTH="16" VPOS="2642" HPOS="1616"/>
                  <String HEIGHT="56" WIDTH="97" VPOS="2642" HPOS="1567" CONTENT="in"/>
                  <SP HEIGHT="56" WIDTH="16" VPOS="2642" HPOS="1664"/>
                  <String HEIGHT="56"
                          WIDTH="162"
                          VPOS="2642"
                          HPOS="1616"
                          CONTENT="munere"/>
                  <SP HEIGHT="56" WIDTH="16" VPOS="2642" HPOS="1778"/>
                  <String HEIGHT="56" WIDTH="97" VPOS="2642" HPOS="1729" CONTENT="in"/>
                  <SP HEIGHT="56" WIDTH="16" VPOS="2642" HPOS="1826"/>
                  <String HEIGHT="56" WIDTH="97" VPOS="2642" HPOS="1778" CONTENT="re"/>
                  <SP HEIGHT="56" WIDTH="16" VPOS="2642" HPOS="1875"/>
                  <String HEIGHT="56"
                          WIDTH="113"
                          VPOS="2642"
                          HPOS="1826"
                          CONTENT="vel"/>
                  <SP HEIGHT="56" WIDTH="16" VPOS="2642" HPOS="1939"/>
                  <String HEIGHT="56" WIDTH="97" VPOS="2642" HPOS="1891" CONTENT="in"/>
                  <SP HEIGHT="56" WIDTH="16" VPOS="2642" HPOS="1988"/>
                  <String HEIGHT="56"
                          WIDTH="129"
                          VPOS="2642"
                          HPOS="1939"
                          CONTENT="spe."/>
                  <SP HEIGHT="56" WIDTH="16" VPOS="2642" HPOS="2069"/>
                  <String HEIGHT="56"
                          WIDTH="97"
                          VPOS="2642"
                          HPOS="2004"
                          CONTENT="Pono"/>
               </TextLine>
               <TextLine ID="r2l55"
                         BASELINE="2760"
                         HEIGHT="71"
                         WIDTH="785"
                         VPOS="2689"
                         HPOS="1332">
                  <String HEIGHT="71"
                          WIDTH="192"
                          VPOS="2689"
                          HPOS="1316"
                          CONTENT="exempla."/>
                  <SP HEIGHT="71" WIDTH="16" VPOS="2689" HPOS="1508"/>
                  <String HEIGHT="71"
                          WIDTH="144"
                          VPOS="2689"
                          HPOS="1460"
                          CONTENT="vnum,"/>
                  <SP HEIGHT="71" WIDTH="16" VPOS="2689" HPOS="1604"/>
                  <String HEIGHT="71" WIDTH="96" VPOS="2689" HPOS="1556" CONTENT="do"/>
                  <SP HEIGHT="71" WIDTH="16" VPOS="2689" HPOS="1652"/>
                  <String HEIGHT="71"
                          WIDTH="208"
                          VPOS="2689"
                          HPOS="1604"
                          CONTENT="collatori"/>
                  <SP HEIGHT="71" WIDTH="16" VPOS="2689" HPOS="1813"/>
                  <String HEIGHT="71" WIDTH="96" VPOS="2689" HPOS="1765" CONTENT="a."/>
                  <SP HEIGHT="71" WIDTH="16" VPOS="2689" HPOS="1861"/>
                  <String HEIGHT="71"
                          WIDTH="160"
                          VPOS="2689"
                          HPOS="1813"
                          CONTENT="summam"/>
                  <SP HEIGHT="71" WIDTH="16" VPOS="2689" HPOS="1973"/>
                  <String HEIGHT="71"
                          WIDTH="192"
                          VPOS="2689"
                          HPOS="1925"
                          CONTENT="pecuniae"/>
                  <SP HEIGHT="71" WIDTH="16" VPOS="2689" HPOS="2117"/>
                  <String HEIGHT="71" WIDTH="64" VPOS="2689" HPOS="2053" CONTENT="vt"/>
               </TextLine>
            </TextBlock>
         </PrintSpace>
      </Page>
   </Layout>
</alto>
