2293 3310
479 296 123 80 illic
561 296 109 80 esse
630 296 232 80 restitutionem
821 296 123 80 magis
903 296 109 80 quam
971 296 82 80 in
1012 296 137 80 verbis
1107 296 96 80 vel
1148 296 96 80 scri-

479 357 131 56 pto?
561 357 148 56 Totus
659 357 164 56 textus
774 357 181 56 integre
905 357 115 56 hoc
971 357 131 56 modo
1053 357 197 56 seruatur
1184 357 66 56 vt

472 403 135 51 idem
556 403 118 51 sit
624 403 101 51 de
674 403 152 51 vsura
775 403 84 51 &
809 403 202 51 simonia.
961 403 185 51 loannes
1079 403 168 51 Andreas,

473 449 144 50 Panor.
573 449 72 50 &
602 449 115 50 alii
674 449 173 50 capiendo
804 449 86 50 vt
847 449 187 50 ceperunt,
991 449 101 50 num
1048 449 115 50 quam
1106 449 144 50 poterant

474 489 88 53 ad
518 489 147 53 portum
622 489 133 53 vllum
710 489 192 53 deuenire:
857 489 103 53 sed
916 489 177 53 putantes
1049 489 147 53 portum
1152 489 133 53 attin

478 539 113 46 gere
549 539 156 46 agitati
662 539 113 46 sunt
733 539 71 46 a
761 539 184 46 contrario
903 539 128 46 vento
988 539 85 46 in
1030 539 128 46 altum
1101 539 142 46 pelagus.

478 579 93 52 Et
524 579 124 52 quia
601 579 108 52 hac
663 579 139 52 praxi
756 579 124 52 vtor
834 579 155 52 quando
942 579 108 52 est
1004 579 217 52 apparentia
1175 579 108 52 ma-

475 626 118 55 gna:
549 626 103 55 non
608 626 148 55 credam
711 626 177 55 glossis:
844 626 103 55 sed
903 626 133 55 verba
992 626 148 55 textus
1095 626 177 55 pondero.

484 681 139 48 taque
576 681 93 48 ad
623 681 139 48 textu
715 681 186 48 rediens:
855 681 186 48 opinione
994 681 108 48 mea
1056 681 155 48 inueni
1148 681 93 48 quod

483 712 182 53 pontifex
619 712 136 53 solum
710 712 182 53 loquitur
846 712 91 53 de
892 712 167 53 simonia
1013 712 167 53 mentali
1134 712 91 53 in
1164 712 76 53 qua

466 761 96 45 non
521 761 191 45 proceditur
671 761 82 45 ad
712 761 177 45 effectum:
848 761 96 45 pro
903 761 96 45 qua
958 761 164 45 sufficit
1067 761 177 45 poenitentia

478 802 82 48 vt
519 802 82 48 in
560 802 150 48 secundo
669 802 190 48 corollario
818 802 136 48 primae
914 802 204 48 quaestionis
1077 802 122 48 huius
1145 802 95 48 dist.

468 848 119 47 dixi.
547 848 66 47 &
573 848 106 47 tunc
639 848 172 47 intellige
772 848 66 47 (
798 848 158 47 vtrinque
917 848 145 47 taliter
1022 848 225 47 acquiruntur).
1194 848 53 47 i.

473 896 116 47 quae
545 896 116 47 homo
618 896 145 47 habere
719 896 145 47 vellet
821 896 203 47 simoniace.
980 896 116 47 Glo.
1053 896 131 47 tamen
1140 896 87 47 in
1169 896 73 47 ver

466 930 84 66 bo
508 930 169 66 (affectu
635 930 141 66 animi)
733 930 127 66 dicit
818 930 113 66 quod
888 930 113 66 sola
959 930 169 66 voluntas
1085 930 113 66 siue
1141 930 99 66 affe-

462 977 118 54 ctus
536 977 133 54 animi
625 977 104 54 non
684 977 133 54 facit
773 977 148 54 alique
877 977 222 54 simoniacum:
1055 977 133 54 licet
1129 977 118 54 aliter

465 1025 163 53 peccet.
583 1025 89 53 Et
628 1025 103 53 in.
687 1025 89 53 c.
731 1025 207 53 Consulere.
894 1025 133 53 dicit
983 1025 118 53 sic.
1057 1025 103 53 Sed
1116 1025 103 53 hoc
1160 1025 74 53 non

465 1074 140 43 credo
559 1074 124 43 quod
636 1074 124 43 sola
714 1074 186 43 voluntas
853 1074 140 43 facit
946 1074 171 43 hominem
1055 1074 186 43 simoniacum

463 1112 158 53 dummodo
577 1112 172 53 contenta
706 1112 100 53 sit
764 1112 115 53 suis
835 1112 186 53 terminis.
979 1112 86 53 vt
1022 1112 100 53 in.
1079 1112 86 53 c.
1108 1112 129 53 vltimo.

470 1157 122 49 licet
552 1157 122 49 alias
633 1157 149 49 peccet:
742 1157 95 49 sed
797 1157 95 49 hic
851 1157 95 49 non
905 1157 109 49 fuit
973 1157 163 49 contenta
1096 1157 109 49 suis
1150 1157 95 49 fini-

474 1205 127 54 pus:
553 1205 127 54 immo
632 1205 206 54 processum
791 1205 127 54 fuit
870 1205 95 54 ad
917 1205 158 54 actum.
1028 1205 127 54 Vult
1107 1205 127 54 ergo
1171 1205 63 54 di

470 1245 111 50 cere
540 1245 111 50 quod
609 1245 97 50 in.
665 1245 83 50 c.
706 1245 97 50 fi.
762 1245 125 50 nullo
845 1245 111 50 modo
915 1245 181 50 processum
1053 1245 97 50 est
1109 1245 83 50 ad
1137 1245 97 50 actum

466 1287 76 49 &
496 1287 136 49 nullo
587 1287 121 49 modo
663 1287 106 49 sit
723 1287 182 49 simonia,
860 1287 106 49 sed
920 1287 197 49 peccatum.
1071 1287 91 49 At
1117 1287 106 49 hoc
1162 1287 76 49 est

466 1335 162 51 falsum.
584 1335 103 51 nam
643 1335 88 51 si
687 1335 103 51 est
745 1335 176 51 peccatum
878 1335 88 51 vt
922 1335 118 51 bene
995 1335 191 51 concedit,
1142 1335 132 51 addo,

458 1373 112 57 non
522 1373 176 57 spectat
650 1373 96 57 ad
697 1373 144 57 aliud
793 1373 144 57 genus
889 1373 176 57 peccati
1017 1373 128 57 quam
1096 1373 96 57 ad
1128 1373 112 57 simo-

465 1423 135 50 niam:
555 1423 120 50 ergo
630 1423 105 50 est
691 1423 180 50 simonia.
826 1423 75 50 &
856 1423 135 50 patet
946 1423 165 50 solutio
1067 1423 90 50 ex
1112 1423 165 50 secundo

460 1470 213 48 corollario
627 1470 228 48 quaestionis
809 1470 167 48 primae.
931 1470 76 48 &
961 1470 182 48 secundum
1098 1470 106 48 hoc
1144 1470 106 48 nulla

460 1506 103 73 est
504 1506 206 73 difficultas.

625 1564 124 82 Ic
687 1564 269 82 dubitatur
895 1564 145 82 cui
978 1564 249 82 facienda
1143 1564 104 82 sit

631 1642 213 56 restitutio
798 1642 182 56 pecuniae
934 1642 197 56 simoniace
1071 1642 167 56 acceptae.

616 1685 77 50 i
646 1685 261 50 Distinguitur.
862 1685 108 50 vel
923 1685 169 50 pecunia
1046 1685 123 50 data
1123 1685 108 50 est
1185 1685 92 50 in

471 1732 117 53 odium
549 1732 169 53 eligendi:
680 1732 65 53 &
706 1732 91 53 sic
758 1732 91 53 non
810 1732 91 53 est
862 1732 196 53 restituenda
1018 1732 104 53 illi
1084 1732 91 53 qui
1136 1732 130 53 dedit:

462 1773 93 51 sed
515 1773 80 51 ei
555 1773 80 51 in
595 1773 120 51 cuius
675 1773 120 51 odium
755 1773 107 51 data
822 1773 120 51 fuit.
902 1773 173 51 ariliter.
1035 1773 80 51 de
1062 1773 187 51 calumntatori

470 1818 108 55 bus.
537 1818 81 55 l.
577 1818 108 55 iii.
645 1818 81 55 S.
685 1818 148 55 vltimo.
793 1818 94 55 vbi
847 1818 121 55 datur
928 1818 175 55 repetitio
1063 1818 162 55 pecuniae
1171 1818 67 55 da-

464 1868 100 56 tae
521 1868 86 56 vt
564 1868 172 56 calumnia
693 1868 115 56 fiat
764 1868 100 56 non
822 1868 143 56 danti:
922 1868 100 56 sed
979 1868 86 56 ei
1022 1868 143 56 contra
1122 1868 115 56 quem
1180 1868 57 56 ca

455 1909 160 51 luniam
567 1909 208 51 procurare
727 1909 192 51 volebat.
872 1909 240 51 Quemadmodum
1064 1909 96 51 si
1096 1909 144 51 pecunia

456 1951 132 47 detur
544 1951 102 47 pro
603 1951 146 47 aliquo
705 1951 175 47 eligendo
836 1951 88 47 in
880 1951 117 47 eius
953 1951 146 47 odium:
1056 1951 102 47 non
1099 1951 132 47 tenetur

460 1996 167 53 electus
581 1996 197 53 resignare
732 1996 212 53 beneficium
899 1996 106 53 vel
959 1996 182 53 ordinem.
1096 1996 91 53 vt
1126 1996 106 53 patet

468 2041 102 55 in.
527 2041 88 55 c.
571 2041 146 55 Nobis.
673 2041 88 55 de
717 2041 176 55 simonia.
849 2041 117 55 quia
922 2041 176 55 fictione
1054 2041 132 55 iuris
1127 2041 117 55 praesu

464 2092 130 43 mitur
550 2092 116 43 quod
623 2092 130 43 alter
709 2092 130 43 esset
796 2092 188 43 eligendus
940 2092 72 43 &
969 2092 173 43 idoneus:
1099 2092 101 43 sed
1143 2092 101 43 alius

468 2125 90 55 in
513 2125 119 55 eius
587 2125 179 55 iacturam
722 2125 134 55 dedit
811 2125 179 55 pecuniam
946 2125 179 55 quatenus
1080 2125 90 55 in
1110 2125 134 55 electio

459 2178 94 47 ne
506 2178 173 47 poneret
632 2178 189 47 maculam.
774 2178 110 47 Vel
837 2178 173 47 pecunia
963 2178 126 47 data
1041 2178 110 47 est
1104 2178 94 47 in
1136 2178 110 47 fauo-

460 2225 99 49 rem
516 2225 113 49 eius
587 2225 99 49 qui
643 2225 198 49 spirituale
799 2225 226 49 adipiscitur.
982 2225 99 49 Vel
1038 2225 113 49 data
1109 2225 99 49 est
1151 2225 99 49 pecu-

467 2265 101 52 nia
524 2265 87 52 vi
568 2265 202 52 vexationis
727 2265 173 52 iniustae
857 2265 217 52 redimendae:
1030 2265 116 52 quia
1102 2265 116 52 alia
1160 2265 72 52 via

459 2307 104 49 ius
518 2307 118 49 sibi
592 2307 207 49 acquisitum
755 2307 178 49 obtinere
889 2307 104 49 non
948 2307 163 49 poterat
1066 2307 118 49 sine
1126 2307 118 49 grauio

463 2353 84 52 re
505 2353 195 52 dispendio:
659 2353 70 52 &
686 2353 112 52 tunc
756 2353 98 52 est
812 2353 209 52 restituenda
980 2353 140 52 danti.
1077 2353 126 52 Alter
1147 2353 84 52 enim

463 2394 170 54 turpiter
590 2394 170 54 accepit:
718 2394 71 54 &
746 2394 184 54 propterea
887 2394 113 54 dans
958 2394 141 54 potest
1043 2394 198 54 contradicere

462 2439 119 52 itur.
541 2439 80 52 de
581 2439 133 52 condi.
674 2439 80 52 ob
714 2439 106 52 tur.
780 2439 133 52 causam
873 2439 93 52 per
926 2439 133 52 totum.
1019 2439 93 52 Vel
1072 2439 106 52 data
1138 2439 93 52 est
1178 2439 66 52 pe-

467 2484 128 52 cunia
552 2484 85 52 in
595 2484 114 52 casu
666 2484 85 52 in
709 2484 100 52 quo
766 2484 114 52 dare
837 2484 100 52 non
894 2484 142 52 licet.
993 2484 142 52 Panor.
1093 2484 114 52 post
1164 2484 100 52 do-

451 2532 149 44 minum
551 2532 149 44 Anto.
650 2532 83 44 &
683 2532 231 44 Hostiensem
865 2532 165 44 dicit.
980 2532 116 44 Vel
1046 2532 149 44 dedit
1129 2532 99 44 pecu

463 2574 113 48 niam
534 2574 184 48 saeculari
675 2574 99 48 vel
732 2574 184 48 regulari.
873 2574 127 48 Primo
958 2574 113 48 modo
1029 2574 85 48 si
1071 2574 113 48 ille
1142 2574 99 48 qui
1184 2574 57 48 de

468 2617 93 46 dit
521 2617 93 46 non
574 2617 119 46 habet
653 2617 106 46 vnde
719 2617 132 46 viuat:
812 2617 79 46 ei
851 2617 212 46 restituetur.
1023 2617 93 46 ar.
1076 2617 79 46 c.
1103 2617 132 46 Veniens.

470 2656 85 55 Si
512 2656 142 55 habeat
612 2656 113 55 vnde
682 2656 142 55 viuat:
782 2656 184 55 ecclesiae
923 2656 227 55 applicabitur
1107 2656 85 55 in
1136 2656 99 55 cuius

459 2708 221 73 ignominiam
633 2708 173 73 pecunia
759 2708 268 73 applicabatur.
979 2708 95 73 De
1026 2708 189 73 regulari
1152 2708 95 73 pro

1301 302 302 75 portionabiliter
1555 302 191 75 dicatur.
1698 302 111 75 Non
1762 302 159 75 potest
1873 302 111 75 hic
1936 302 143 75 magna
2016 302 79 75 ra-

1309 368 104 46 tio
1369 368 252 46 restitutionis
1576 368 163 46 haberi.
1695 368 89 46 In
1740 368 148 46 multis
1844 368 208 46 consulerem
1992 368 89 46 dare

1316 409 240 48 pauperibus:
1508 409 112 48 vel
1572 409 96 48 in
1620 409 224 48 quoscunque
1797 409 128 48 pios
1877 409 144 48 vsus.
1973 409 80 48 &
1989 409 80 48 hoc

1314 452 194 51 sufficit.
1463 452 89 51 An
1508 452 134 51 Giezi
1597 452 224 51 restituerit
1776 452 209 51 acquisitum
1940 452 75 51 a
1955 452 119 51 Naaman

1306 504 109 50 Syro
1374 504 95 50 nec
1429 504 95 50 ne:
1483 504 95 50 non
1537 504 149 50 refert.
1646 504 95 50 est
1700 504 109 50 enim
1768 504 163 50 quaestio
1890 504 136 50 facti.
1999 504 81 50 Hac-

1315 542 129 58 tenus
1401 542 86 58 de
1443 542 157 58 simonia
1558 542 114 58 quae
1629 542 86 58 se
1672 542 86 58 in
1715 542 143 58 varias
1815 542 172 58 effigies
1944 542 143 58 instar
2030 542 57 58 Si

1301 591 143 45 monis
1396 591 127 45 Magi
1475 591 269 45 transtigurat:
1697 591 127 45 quia
1776 591 143 45 casus
1871 591 111 45 cum
1935 591 111 45 vna
1982 591 95 45 cir-

1307 631 199 53 cumstantia
1463 631 99 53 est
1520 631 156 53 simonia
1633 631 170 53 infectus
1761 631 99 53 qui
1817 631 113 53 illa
1874 631 213 53 circumstantia

1302 679 156 50 exutus
1412 679 109 50 est
1474 679 203 50 candidus.
1631 679 94 50 De
1678 679 156 50 poenis
1787 679 188 50 simoniae
1928 679 109 50 tam
1990 679 94 50 in
2021 679 63 50 se

1309 718 116 54 quam
1382 718 102 54 quo
1440 718 87 54 ad
1484 718 247 54 restitutionem
1688 718 73 54 &
1717 718 73 54 a
1746 718 116 54 iure
1819 718 146 54 diuino
1921 718 73 54 &
1950 718 73 54 a
1965 718 116 54 canone

1295 765 184 59 inflictis.
1440 765 79 59 Et
1479 765 105 59 quid
1545 765 79 59 de
1585 765 145 59 simonia
1690 765 145 59 mentali
1795 765 158 59 dicendum
1914 765 105 59 sit:
1980 765 66 59 &
1993 765 79 59 quod

1297 811 100 47 non
1354 811 143 47 semper
1454 811 114 47 pari
1525 811 129 47 passu
1611 811 100 47 est
1668 811 200 47 restitutio
1826 811 172 47 facienda
1954 811 86 47 in
1983 811 100 47 vsura

1306 854 76 48 &
1336 854 182 48 simonia.
1473 854 91 48 in
1519 854 137 48 vsura
1610 854 122 48 enim
1686 854 152 48 lucrum
1792 854 137 48 vltra
1883 854 152 48 sortem
1990 854 91 48 vi
2020 854 61 48 mu

1306 899 98 54 tui
1362 899 182 54 acceptum,
1502 899 140 54 semper
1600 899 112 54 illi
1670 899 210 54 restituetur
1839 899 98 54 qui
1895 899 126 54 mutuo
1965 899 126 54 accepit

1311 942 121 58 quod
1386 942 106 58 non
1447 942 166 58 oportet
1568 942 151 58 semper
1673 942 91 58 in
1719 942 181 58 simonia.
1855 942 166 58 Amplius
1960 942 121 58 dictum

1306 980 105 65 est
1366 980 120 65 quod
1441 980 209 65 religiosus
1605 980 194 65 simoniace
1755 980 209 65 religionem
1904 980 180 65 ingrediens

1300 1033 122 52 manet
1382 1033 203 52 religiosus:
1545 1033 95 52 nec
1599 1033 136 52 potest
1694 1033 136 52 exire,
1789 1033 122 52 licet
1870 1033 95 52 sit
1911 1033 176 52 puniendus:.

1305 1074 142 53 sicut
1400 1074 173 53 ordines
1526 1074 205 53 accipiens
1683 1074 220 53 simoniace:
1856 1074 157 53 reuera
1950 1074 142 53 ordines

1309 1121 163 56 accipit
1428 1121 74 56 &
1458 1121 223 56 sacramenta:
1636 1121 104 56 sed
1695 1121 104 56 non
1754 1121 163 56 ordinum
1858 1121 223 56 exequutionem.

1308 1159 88 55 Ex
1352 1159 103 55 quo
1411 1159 132 55 patet
1499 1159 117 55 quod
1572 1159 147 55 multum
1675 1159 176 55 distant:
1807 1159 205 55 beneficium
1954 1159 132 55 simonia

1295 1208 95 57 ce
1343 1208 79 57 &
1375 1208 270 57 pactionaliter
1597 1208 175 57 habere:
1724 1208 79 57 &
1756 1208 223 57 monachatum
1931 1208 111 57 vel
1979 1208 111 57 sacra

1293 1254 161 52 mentum.
1410 1254 205 52 Spirituale
1571 1254 205 52 extendendo
1732 1254 132 52 ipsum
1820 1254 88 52 ad
1864 1254 205 52 spirituali
2010 1254 73 52 an-

1304 1299 142 47 nexum,
1403 1299 100 47 est
1460 1299 128 47 illud
1546 1299 114 47 quod
1617 1299 185 47 ordinatur
1759 1299 85 47 ad
1802 1299 128 47 opus:
1888 1299 114 47 quod
1945 1299 142 47 miraculo

1306 1343 83 58 se
1348 1343 69 58 &
1375 1343 262 58 supenaturaliter
1596 1343 166 58 speratur
1720 1343 69 58 a
1748 1343 152 58 spiritu
1858 1343 152 58 sancto:
1969 1343 83 58 vt
1996 1343 97 58 prae-

1309 1390 152 45 dicere
1415 1390 152 45 futura
1521 1390 258 45 contingentia:
1734 1390 152 45 curare
1840 1390 182 45 infirmos
1962 1390 121 45 miracu

1299 1432 136 48 lose:
1390 1432 227 48 sacramenta,
1572 1432 136 48 donum
1663 1432 212 48 linguatum,
1829 1432 197 48 mancipari
1966 1432 121 48 cultui

1303 1477 154 49 diuino,
1415 1477 112 49 siue
1485 1477 98 49 per
1542 1477 197 49 religionis
1696 1477 197 49 ingressum,
1850 1477 112 49 siue
1921 1477 98 49 per
1977 1477 98 49 ius
2033 1477 84 49 ad

1299 1521 210 44 beneficium
1464 1521 150 44 gratia
1569 1521 150 44 illius
1674 1521 255 44 mancipationis
1868 1521 210 44 accipiendum:

1305 1565 214 47 sepultura,
1473 1565 76 47 &
1503 1565 183 47 similia.
1641 1565 92 47 Et
1687 1565 122 47 haec
1763 1565 92 47 de
1809 1565 168 47 simonia
1931 1565 76 47 a
1962 1565 107 47 qua
2008 1565 76 47 nos

1306 1610 186 48 immunes
1441 1610 169 48 seruet
1560 1610 118 48 qui
1627 1610 101 48 ob
1678 1610 118 48 eam
1746 1610 186 48 Simonem
1881 1610 152 48 Magum
1966 1610 118 48 iuste

1310 1655 159 51 punit:
1421 1655 143 51 sicut
1517 1655 175 51 Simonem
1644 1655 159 51 Petrum
1755 1655 111 51 pro
1819 1655 159 51 illius
1914 1655 175 51 euitatio-

1311 1699 88 72 ne
1341 1699 161 72 praemiat.

1394 1772 394 93 Distinctionis
1695 1772 394 93 Vigesimaesextae

1493 1830 295 91 Quaestio
1690 1830 197 91 Prima.

1772 1934 318 84 Vperius
1974 1934 116 84 de

1790 1995 112 63 sex
1854 1995 240 63 sacramentis
2030 1995 48 63 )

1785 2044 195 58 scilicet
1915 2044 178 58 baptismo,

1784 2087 296 58 confirmatione,
2014 2087 66 58 eu

1791 2131 211 58 charistia,
1942 2131 136 58 extrema

1781 2177 219 56 vnctione,
1949 2177 84 56 &
1966 2177 118 56 ordi-

1794 2218 97 61 ne
1842 2218 177 61 loquuti
1955 2218 129 61 sumus.

1781 2267 254 56 consequenter
1988 2267 95 56 de
2019 2267 64 56 ma

1787 2309 196 59 trimonio
1934 2309 147 59 (quod
2016 2309 65 59 ma

1791 2353 112 61 gnam
1861 2353 140 61 partem
1945 2353 140 61 politiae

1784 2400 233 55 Christianae
1956 2400 124 55 contin

1773 2443 123 62 git)
1849 2443 200 62 loquendum
1988 2443 92 62 est.

1774 2487 136 56 cuius
1850 2487 227 56 intelligentia

1305 2526 183 60 theologo
1442 2526 92 60 in
1488 2526 153 60 primis
1595 2526 107 60 est
1656 2526 214 60 necessaria
1824 2526 107 60 tam
1885 2526 107 60 quo
1946 2526 92 60 ad
1977 2526 107 60 forum

1290 2576 183 48 interius
1427 2576 122 48 quam
1504 2576 199 48 exterius.
1656 2576 137 48 multa
1748 2576 153 48 quoque
1855 2576 168 48 ambigua
1962 2576 122 48 inclu-

1297 2619 123 48 dit.
1374 2619 92 48 in
1420 2619 138 48 cuius
1512 2619 231 48 argumentum.
1697 2619 123 48 xvi.
1773 2619 261 48 distinctiones
1973 2619 108 48 super

1298 2662 111 51 hoc
1361 2662 127 51 solo
1441 2662 222 51 sacramento
1615 2662 190 51 Magister
1757 2662 238 51 compilauit.
1947 2662 95 51 &.
1979 2662 95 51 xxv.

1289 2707 121 74 solum
1369 2707 81 74 in
1410 2707 121 74 aliis
1491 2707 108 74 sex.
1558 2707 94 74 sed
1612 2707 108 74 quam
1680 2707 189 74 breuissime
1828 2707 162 74 secundum
1936 2707 162 74 exigentiam
