2300 3311
482 355 81 60 â‹
514 355 259 60 Respondetur.
725 355 146 60 Minor
822 355 113 60 est
887 355 162 60 falsa:
1000 355 97 60 vt
1049 355 146 60 patet
1146 355 113 60 per
1194 355 65 60 de

486 404 205 60 finitionem
647 404 220 60 sacramenti.
823 404 88 60 de
867 404 132 60 cuius
955 404 161 60 ratione
1072 404 117 60 est,
1130 404 132 60 virtute

490 460 147 45 operis
593 460 162 45 operati
711 460 177 45 conferre
844 460 177 45 gratiam.
976 460 103 45 sed
1035 460 88 45 in
1079 460 103 45 quo
1123 460 133 45 tempore

501 497 90 49 vel
552 497 154 49 instanti
668 497 179 49 conferatur
808 497 141 49 gratia:
911 497 179 49 quaestione
1051 497 128 49 tertia
1141 497 115 49 huius
1205 497 51 49 di

485 539 155 50 stinct.
598 539 169 50 dicetur.
724 539 155 50 Glossas
837 539 127 50 illas
921 539 84 50 cu
963 539 197 50 auctoribus
1104 539 155 50 resitatis

487 585 75 58 &
517 585 196 58 similibus
668 585 166 58 omnibus
788 585 136 58 nego.
878 585 151 58 Textus
984 585 136 58 autem
1074 585 120 58 quos
1150 585 105 58 pro
1195 585 60 58 se

491 630 182 47 inducunt,
631 630 84 47 ne
673 630 126 47 sonum
756 630 140 47 quidem
854 630 98 47 pro
910 630 98 47 eis
966 630 154 47 habent.
1077 630 98 47 Na.
1133 630 84 47 c.
1161 630 98 47 Multi

485 674 163 55 loquitur
608 674 136 55 contra
703 674 136 55 laicos
798 674 95 55 qui
852 674 122 55 vitam
933 674 190 55 clericorum
1069 674 190 55 reprehendunt

494 716 172 56 putantes
623 716 101 56 eos
680 716 101 56 non
738 716 115 56 vere
810 716 172 56 conferre
939 716 215 56 sacramenta.
1111 716 129 56 Cuius
1183 716 72 56 com

483 762 163 54 trarium
602 762 133 54 illic
690 762 178 54 ostendit
824 762 207 54 Gregorius:
987 762 74 54 &
1016 762 89 54 de
1061 762 192 54 baptismo,
1194 762 59 54 Eu

482 805 220 54 charistia,
655 805 79 54 &
687 805 204 54 chrismate
844 805 94 54 id
891 805 173 54 probat.
1016 805 94 54 An
1048 805 204 54 matrimonium

478 856 164 49 conferat
601 856 150 49 gratiam
710 856 82 49 an
751 856 109 49 non:
819 856 123 49 illic
901 856 164 49 inuenies
1024 856 136 49 nihil.
1120 856 82 49 c.
1147 856 109 49 Nuptia

488 897 105 43 rum,
553 897 157 43 loquitur
671 897 78 43 de
710 897 209 43 dissolutione
880 897 183 43 vouentium.
1024 897 65 43 &
1050 897 91 43 ita
1102 897 78 43 in
1141 897 118 43 aliis
1207 897 52 43 ni

485 939 99 58 hil
541 939 85 58 ad
584 939 127 58 eorum
669 939 170 58 intentum
796 939 170 58 habetur.
923 939 198 58 Argumentum
1078 939 141 58 quoque
1163 939 99 58 eorum

490 982 159 53 nullius
605 982 101 53 est
663 982 173 53 momenti.
793 982 101 53 hic
851 982 130 53 datur
937 982 173 53 pecunia:
1067 982 116 53 ergo
1139 982 101 53 non
1183 982 72 53 est

482 1026 232 52 sacramentum.
670 1026 101 52 nam
728 1026 72 52 &
757 1026 116 52 post
829 1026 188 52 baptismum
974 1026 87 52 in
1017 1026 188 52 aliquibus
1148 1026 101 52 locis

485 1068 130 50 datur
571 1068 173 50 pecunia:
701 1068 72 50 &
729 1068 86 50 in
773 1068 115 50 fine
845 1068 245 50 celebrationis
1046 1068 158 50 missae:
1161 1068 86 50 vt
1204 1068 86 50 in

489 1117 113 48 dist.
565 1117 189 48 praecedente
716 1117 126 48 dictum
804 1117 101 48 est.
867 1117 88 48 hic
918 1117 113 48 autem
993 1117 88 48 nec
1044 1117 139 48 maritus
1145 1117 88 48 nec
1182 1117 76 48 pres

486 1163 145 53 byter
582 1163 177 53 ratione
711 1163 225 53 sacramenti
888 1163 225 53 matrimonii
1064 1163 145 53 capit
1145 1163 96 53 pecu

482 1205 112 53 niam
552 1205 154 53 licite:
664 1205 98 53 sed
719 1205 154 53 ratione
831 1205 251 53 sustentationis
1041 1205 168 53 mulieris
1166 1205 84 53 in
1194 1205 56 53 vi

487 1251 95 48 ctu
542 1251 68 48 &
569 1251 163 48 vestitu,
692 1251 109 48 quae
760 1251 109 48 sibi
828 1251 177 48 plerumque
964 1251 177 48 prouidere
1100 1251 150 48 nescit.
1196 1251 54 48 Et

483 1290 107 47 hoc
544 1290 153 47 vbique
651 1290 184 47 seruatur
789 1290 123 47 apud
866 1290 123 47 nos.
942 1290 138 47 Forte
1034 1290 138 47 aliud
1126 1290 123 47 erat
1188 1290 61 47 in

483 1336 232 49 Mesopotamia
668 1336 170 49 Syriae:
792 1336 108 49 vbi
854 1336 139 49 Iacob
947 1336 201 49 seruiuit.
1101 1336 155 49 xiiii.
1194 1336 62 49 an

485 1384 109 56 nos
548 1384 109 56 pro
610 1384 109 56 Lia
672 1384 78 56 &
703 1384 187 56 Rachele:
843 1384 155 56 sicque
952 1384 124 56 care
1029 1384 140 56 earum
1107 1384 140 56 matrimo

477 1433 120 52 nium
552 1433 135 52 emit:
642 1433 105 52 sed
703 1433 90 52 ob
748 1433 180 52 peritiam
883 1433 90 52 in
928 1433 120 52 arte
1003 1433 226 52 pascendorum
1169 1433 90 52 peco

479 1470 111 59 rum
542 1470 142 59 multa
637 1470 268 59 promerebatur:
858 1470 95 59 in
906 1470 158 59 signum
1016 1470 142 59 cuius
1111 1470 126 59 pro.
1174 1470 79 59 vi.

482 1521 172 46 annorum
607 1521 187 46 seruitio
747 1521 156 46 magnam
857 1521 172 46 pecudum
981 1521 249 46 multitudinem
1168 1521 94 46 col-

491 1562 141 52 legit.
590 1562 99 52 vel
646 1562 99 52 hoc
703 1562 113 52 esse
773 1562 155 52 poterat
886 1562 113 52 quia
957 1562 141 52 pauper
1055 1562 127 52 erat:
1140 1562 99 52 cum
1197 1562 85 52 in

483 1602 156 57 baculo
593 1602 109 57 suo
655 1602 188 57 lordanem
796 1602 281 57 partransiuerit
1031 1602 141 57 Laban
1109 1602 156 57 visitatu

481 1638 120 68 rus:
556 1638 75 68 &
586 1638 136 68 Laban
677 1638 151 68 potens
782 1638 75 68 &
812 1638 181 68 secundum
948 1638 166 68 gloriam
1068 1638 136 68 mundi
1144 1638 105 68 nobi-

491 1693 113 46 lis:
561 1693 127 46 sicut
646 1693 127 46 adhuc
731 1693 85 46 in
773 1693 183 46 nonnullis
914 1693 127 46 locis
998 1693 183 46 ignobilis
1139 1693 99 46 cum
1182 1693 70 46 no-

478 1734 119 60 bili
553 1734 209 60 contrahens
717 1734 104 60 dat
776 1734 179 60 pecuniam
910 1734 75 60 &
940 1734 164 60 munera,
1059 1734 149 60 saltem
1149 1734 104 60 clan-

485 1780 165 49 destine.
609 1780 96 49 Sed
664 1780 247 49 qualitercumque
869 1780 96 49 hoc
924 1780 110 49 sit:
993 1780 96 49 non
1047 1780 96 49 est
1102 1780 110 49 haec
1157 1780 96 49 pecu-

488 1823 96 61 nia
543 1823 137 61 licite
639 1823 110 61 data
707 1823 151 61 ratione
817 1823 205 61 sacramenti.
981 1823 68 61 â‹
1009 1823 82 61 Ex
1050 1823 137 61 dictis
1145 1823 68 61 /
1159 1823 96 61 sequi

483 1868 94 60 tur
536 1868 107 60 quod
603 1868 107 60 haec
670 1868 215 60 consequentia
845 1868 94 60 est
898 1868 134 60 nulla.
992 1868 80 60 In
1032 1868 201 60 virginitate
1180 1868 67 60 qui

486 1918 160 47 coniugio
606 1918 187 47 praefertur
752 1918 93 47 non
806 1918 173 47 confertur
939 1918 147 47 gratia:
1046 1918 107 47 ergo
1112 1918 93 47 nec
1166 1918 80 47 in
1192 1918 67 47 con

481 1956 151 58 iugio:
586 1956 105 58 cum
647 1956 211 58 virginitas
812 1956 105 58 non
873 1956 105 58 sit
933 1956 241 58 sacramentum.
1113 1956 136 58 Secundo

482 2005 128 61 patet
567 2005 114 61 hanc
638 2005 242 61 consequentiam
837 2005 114 61 esse
909 2005 156 61 nullam.
1022 2005 171 61 secundae
1136 2005 114 61 nuptia

484 2049 100 47 non
541 2049 242 47 benedicuntur:
740 2049 114 47 ergo
811 2049 85 47 in
854 2049 171 47 secundis
982 2049 156 47 nuptiis
1096 2049 100 47 non
1138 2049 114 47 confer

480 2090 102 49 tur
539 2090 160 49 gratia.
655 2090 116 49 haec
728 2090 116 49 enim
801 2090 204 49 benedictio
961 2090 102 49 est
1019 2090 87 49 ex
1063 2090 116 49 sola
1121 2090 131 49 hominum

476 2133 274 51 institutione:
701 2133 113 51 cum
766 2133 113 51 nec
830 2133 193 51 oporteat
975 2133 193 51 materiam
1104 2133 145 51 baptism

477 2177 194 55 benedici.
626 2177 75 55 &
656 2177 119 55 siue
730 2177 238 55 benedicantur
924 2177 238 55 contrahentes
1118 2177 119 55 siue
1177 2177 75 55 non

486 2225 131 60 nihilo
578 2225 118 60 tamen
656 2225 118 60 minus
735 2225 170 60 confertur
866 2225 144 60 gratia.
971 2225 131 60 Tertio
1063 2225 157 60 sequitur
1167 2225 79 60 quod

482 2270 171 49 pluries
607 2270 217 49 contrahens
777 2270 124 49 plus
855 2270 171 49 gratiae
979 2270 264 49 matrimonialis
1181 2270 62 49 ha

490 2313 96 50 bet
545 2313 109 50 quam
613 2313 96 50 non
668 2313 205 50 contrahens,
832 2313 96 50 vel
887 2313 137 50 rarius
983 2313 192 50 contrahens
1120 2313 123 50 caeteri

477 2356 186 59 paribus.
616 2356 139 59 Forte
709 2356 139 59 tamen
801 2356 139 59 minor
894 2356 155 59 gratia
1002 2356 93 59 in
1049 2356 108 59 hoc
1095 2356 155 59 sacramen

477 2404 93 46 to
523 2404 139 46 datur
616 2404 124 46 quam
693 2404 93 46 in
739 2404 185 46 baptismo
878 2404 77 46 &
909 2404 247 46 Eucharistia.
1110 2404 108 46 Non
1156 2404 93 46 enim

479 2451 96 47 est
534 2451 191 47 verosimile
684 2451 109 47 quod
753 2451 164 47 aequalis
876 2451 137 47 gratia
971 2451 150 47 virtute
1080 2451 137 47 operis
1162 2451 96 47 opera

481 2491 92 51 ti
527 2491 92 51 in
573 2491 185 51 quolibet
711 2491 215 51 sacramento
881 2491 231 51 conferatur:
1065 2491 108 51 nam
1112 2491 138 51 virtute

483 2536 149 52 operis
588 2536 194 52 operantis
737 2536 104 52 non
796 2536 104 52 est
856 2536 164 52 dubium.
975 2536 75 52 â‹
1005 2536 164 52 Secundo
1110 2536 149 52 arguitur

483 2577 184 56 probando
620 2577 122 56 quod
697 2577 138 56 verba
789 2577 230 56 requiruntur
972 2577 92 56 in
1018 2577 107 56 hoc
1064 2577 184 56 sacramento

488 2630 101 48 ci.
545 2630 87 48 q.
589 2630 87 48 i.
632 2630 87 48 c.
675 2630 173 48 Detrahe.
805 2630 130 48 dicit
892 2630 217 48 Augustinus.
1065 2630 159 48 Accedat
1166 2630 87 48 ver-

476 2666 111 58 bum
540 2666 95 58 ad
587 2666 207 58 elementum
746 2666 79 58 &
778 2666 111 58 fit
842 2666 254 58 sacramentum.
1032 2666 223 58 Respondetur.

490 2707 124 65 illa
567 2707 217 65 auctoritas
737 2707 201 65 Augustini
892 2707 108 65 est
954 2707 93 65 de
1000 2707 186 65 baptismo
1139 2707 108 65 qui
1186 2707 77 65 ver

477 2750 90 68 ba
522 2750 196 68 requirit:
672 2750 105 68 non
733 2750 135 68 autem
823 2750 105 68 hoc
883 2750 241 68 sacramentum.
1079 2750 135 68 cuius
1154 2750 105 68 causa

1322 359 99 62 est
1379 359 198 62 institutio
1534 359 170 62 Christi.
1662 359 85 62 Et
1704 359 128 62 licet
1789 359 142 62 facile
1889 359 128 62 esset
1974 359 113 62 dare
2030 359 71 62 con

1317 413 205 51 gruentias:
1479 413 132 51 circa
1567 413 88 51 id
1611 413 103 51 non
1669 413 103 51 est
1728 413 117 51 opus
1802 413 205 51 insistere.
1963 413 73 51 â‹
1978 413 117 51 Tertio

1322 461 187 47 arguitur.
1465 461 201 47 propositum
1624 461 158 47 mentale
1739 461 115 47 sine
1810 461 230 47 explicatione
1997 461 101 47 per
2040 461 58 47 si

1326 508 118 53 gnum
1400 508 176 53 exterius
1532 508 176 53 sufficit
1664 508 88 53 ad
1708 508 147 53 votum:
1811 508 118 53 ergo
1885 508 132 53 etiam
1973 508 88 53 ad
2002 508 103 53 matri

1314 552 170 55 monium.
1437 552 93 55 Si
1484 552 139 55 neges
1577 552 263 55 consequentiam
1794 552 77 55 &
1825 552 139 55 bene:
1918 552 124 55 quia
1980 552 108 55 votum

1323 587 109 61 fit
1386 587 109 61 deo
1448 587 109 61 qui
1510 587 202 61 scrutatur
1665 587 140 61 corda
1758 587 78 61 &
1789 587 155 61 renes:
1882 587 202 61 matrimonium

1323 634 121 62 autem
1403 634 162 62 respicit
1525 634 148 62 homines
1632 634 94 62 qui
1686 634 94 62 non
1740 634 189 62 cognoscunt
1888 634 108 62 nisi
1955 634 94 62 per
1996 634 94 62 exte-

1320 678 133 58 riora
1409 678 74 58 &
1439 678 252 58 accidentalia.
1646 678 207 58 Accidentia
1809 678 118 58 enim
1883 678 148 58 magnam
1972 678 118 58 partem

1327 725 176 47 conferunt
1463 725 81 47 ad
1504 725 217 47 cognoscendum
1680 725 109 47 quod
1748 725 109 47 quid
1816 725 109 47 est.
1884 725 68 47 i
1911 725 81 47 de
1952 725 136 47 anima.
2033 725 68 47 Po-

1322 768 127 55 natur
1406 768 112 55 quod
1477 768 155 55 angelus
1589 768 127 55 dicat
1673 768 141 55 Bertae
1772 768 112 55 quod
1842 768 141 55 Sortes
1940 768 84 55 in
1983 768 98 55 eam
2025 768 70 55 con

1317 811 163 52 sentit:
1436 811 74 52 &
1466 811 119 52 idem
1540 811 134 52 dicat
1629 811 148 52 Sorti:
1733 811 104 52 vel
1792 811 119 52 deus
1866 811 163 52 reuelet
1970 811 119 52 reuela

1312 859 127 49 tione
1397 859 198 49 interiore:
1552 859 113 49 tunc
1623 859 113 49 ille
1694 859 184 49 consensus
1835 859 113 49 sine
1906 859 127 49 signo
1977 859 113 49 sensi-

1308 904 132 51 bili
1391 904 99 51 ad
1441 904 248 51 matrimonium
1640 904 215 51 sufficit:
1805 904 132 51 ergo
1888 904 132 51 male
1954 904 149 51 ponitur

1312 947 187 57 ssignum
1448 947 237 57 sensibile)
1634 947 102 57 in
1685 947 254 57 definitione
1872 947 220 57 matrimonii.

1323 993 75 49 â‹
1353 993 240 49 Respondetur,
1548 993 105 49 non
1608 993 180 49 sufficit
1742 993 195 49 consensus
1892 993 165 49 mutuus:
1997 993 90 49 alio

1317 1045 117 51 quin
1391 1045 88 51 si
1435 1045 147 51 Sortes
1537 1045 147 51 Bertam
1640 1045 161 51 videret
1758 1045 73 51 &
1787 1045 88 51 in
1831 1045 103 51 eam
1890 1045 220 51 consentiret
2051 1045 44 51 &

1321 1087 209 55 econverso:
1485 1087 134 55 esset
1575 1087 239 55 matrimonium.
1769 1087 209 55 consequens
1933 1087 104 55 est
1978 1087 119 55 falsum

1320 1131 125 49 quia
1399 1131 110 49 sic
1461 1131 157 49 status
1571 1131 266 49 matrimonialis
1790 1131 141 49 esset
1884 1131 172 49 penitus
1993 1131 110 49 incer

1319 1173 110 53 tus.
1388 1173 193 53 requinitur
1540 1173 110 53 ergo
1609 1173 110 53 quod
1678 1173 179 53 consensus
1816 1173 110 53 ille
1884 1173 97 53 eis
1926 1173 179 53 innotescat:

1318 1218 110 54 quod
1387 1218 124 54 fieri
1469 1218 96 54 non
1524 1218 137 54 potest
1620 1218 110 54 sine
1689 1218 124 54 signo
1771 1218 178 54 seusibili
1895 1218 192 54 naturaliter.

1318 1255 88 51 Si
1362 1255 133 51 autem
1451 1255 118 51 deus
1525 1255 192 51 reuelaret
1672 1255 221 51 reuelatione
1849 1255 206 51 interiore:
1996 1255 103 51 esset

1325 1299 225 55 matrimonium:
1508 1299 98 55 sed
1564 1299 127 55 casus
1648 1299 98 55 est
1704 1299 155 55 praeter
1817 1299 141 55 legem,
1915 1299 98 55 nec
1971 1299 98 55 hoc
2014 1299 84 55 defi

1312 1340 199 59 nitionem
1462 1340 199 59 impedit:
1611 1340 116 59 cum
1677 1340 199 59 secundum
1826 1340 149 59 legem
1909 1340 182 59 loquamur.

1324 1387 73 62 â‹
1354 1387 146 62 Quarto
1456 1387 176 62 arguitur
1588 1387 176 62 probando
1720 1387 117 62 quod
1793 1387 102 62 non
1851 1387 132 62 debet
1939 1387 117 62 esse
1998 1387 102 62 perpe

1311 1438 102 45 tua
1370 1438 234 45 cohabitatio.
1560 1438 132 45 Omnis
1648 1438 102 45 res
1706 1438 219 45 dissoluitur
1882 1438 102 45 per
1940 1438 132 45 illas
2013 1438 88 45 cau-

1310 1481 91 48 sas
1362 1481 91 48 per
1414 1481 104 48 quas
1479 1481 143 48 oritur.
1583 1481 117 48 itut.
1661 1481 78 48 de
1700 1481 91 48 re.
1751 1481 91 48 iu.
1803 1481 78 48 l.
1842 1481 117 48 Nihil
1920 1481 78 48 ta
1946 1481 143 48 naturale.

1315 1519 88 53 vt
1359 1519 132 53 patet
1447 1519 88 53 in
1491 1519 205 53 societate,
1653 1519 73 53 &
1682 1519 132 53 aliis
1770 1519 249 53 contractibus.
1976 1519 88 53 C.
2005 1519 88 53 quan

1311 1568 94 52 do
1358 1568 141 52 licet
1452 1568 94 52 ab
1499 1568 187 52 emptione
1639 1568 219 52 discedere.
1811 1568 94 52 l.
1858 1568 94 52 i.
1905 1568 78 52 â‹
1920 1568 172 52 Respondei

1317 1609 133 65 licet
1406 1609 148 65 glossa
1510 1609 104 65 in.
1569 1609 89 65 c.
1614 1609 148 65 Omnis.
1718 1609 89 65 de
1762 1609 104 65 re.
1821 1609 133 65 iuris
1910 1609 89 65 in
1940 1609 163 65 antiquis.

1312 1659 154 47 multas
1420 1659 170 47 conetur
1543 1659 124 47 dare
1620 1659 216 47 instantias
1790 1659 154 47 contra
1898 1659 124 47 hanc
1960 1659 139 47 regulam

1312 1697 123 64 tamen
1394 1697 96 64 non
1449 1697 109 64 sunt
1518 1697 233 64 sufficientes.
1709 1697 151 64 concedo
1819 1697 164 64 maiorem:
1942 1697 96 64 sed
1983 1697 123 64 negatur

1322 1746 134 55 minor:
1415 1746 107 55 quod
1482 1746 160 55 scilicet
1602 1746 120 55 solus
1683 1746 241 55 comuniunctorum
1883 1746 174 55 consensus
2003 1746 94 55 matri

1311 1795 156 48 monium
1421 1795 172 48 causet,
1546 1795 109 48 sed
1608 1795 125 48 deus
1687 1795 250 48 rantificans.
1890 1795 125 48 modo
1968 1795 94 48 si
1999 1795 94 48 deus

1314 1831 236 55 dissolutionem
1509 1831 97 55 cum
1564 1831 181 55 consensu,
1704 1831 97 55 vel
1759 1831 111 55 sine
1829 1831 125 55 eorum
1912 1831 167 55 consensu
2023 1831 70 55 dis

1312 1878 208 59 solutionem
1476 1878 164 59 vellet:
1595 1878 134 59 esset
1684 1878 119 59 vera
1758 1878 208 59 dissolutio
1907 1878 193 59 matrimonii.

1318 1922 182 53 Analogia
1455 1922 122 53 est.
1531 1922 213 53 cardinales
1698 1922 167 53 Romanum
1819 1922 213 53 pontificem
1971 1922 137 53 creant:

1325 1964 102 56 sed
1383 1964 131 56 eorum
1470 1964 189 56 dissensus
1615 1964 102 56 non
1673 1964 189 56 destituit
1818 1964 102 56 eum
1876 1964 73 56 a
1905 1964 160 56 papatu:
2006 1964 87 56 quia

1315 2010 122 50 deus
1391 2010 214 50 approbauit
1560 2010 138 50 illam
1651 2010 214 50 creationem
1820 2010 184 50 mediante
1942 2010 153 50 electio-

1310 2055 112 57 ne:
1374 2055 80 57 &
1406 2055 129 57 post
1487 2055 225 57 electionem
1663 2055 112 57 via
1728 2055 161 57 humana
1840 2055 80 57 &
1872 2055 193 57 legitima
2001 2055 96 57 habi

1323 2100 112 63 tam
1387 2100 176 63 papatus
1515 2100 96 63 de
1563 2100 128 63 iure
1643 2100 160 63 diuino
1754 2100 96 63 in
1802 2100 128 63 isto
1866 2100 224 63 constituitur

1324 2139 102 64 Sic
1383 2139 87 64 de
1426 2139 218 64 matrimonio:
1600 2139 131 64 licet
1687 2139 102 64 non
1745 2139 102 64 sit
1803 2139 160 64 penitus
1919 2139 160 64 simile:
2021 2139 87 64 quia

1312 2184 166 58 papatus
1432 2184 151 58 potest
1538 2184 90 58 in
1583 2184 120 58 casu
1658 2184 75 58 a
1688 2184 166 58 persona
1809 2184 136 58 papae
1899 2184 151 58 tolli,
1990 2184 105 58 ceden

1323 2234 89 51 do
1368 2234 104 51 sua
1427 2234 118 51 pura
1501 2234 163 51 sponte,
1619 2234 104 51 vel
1679 2234 148 51 aliqua
1782 2234 118 51 alia
1856 2234 104 51 via
1915 2234 163 51 licita,
2034 2234 104 51 non

1321 2274 102 57 sic
1380 2274 102 57 est
1438 2274 87 57 de
1482 2274 218 57 matrimonio.
1656 2274 102 57 sed
1715 2274 131 57 tamen
1802 2274 102 57 quo
1860 2274 87 57 ad
1904 2274 102 57 hoc
1947 2274 146 57 sufficit

1323 2326 230 57 manuductio.
1507 2326 77 57 â‹
1537 2326 153 57 Quinto
1645 2326 184 57 arguitur
1783 2326 153 57 contra
1890 2326 153 57 eandem
1982 2326 123 57 partem

1309 2359 196 70 supponatur
1463 2359 112 70 quod
1533 2359 84 70 in
1575 2359 238 70 distinctione.
1771 2359 168 70 xxxviii.
1897 2359 168 70 dicetur:
2009 2359 84 70 quod

1307 2414 176 52 maximus
1435 2414 193 52 pontifex
1580 2414 160 52 potest
1692 2414 225 52 dispensare
1868 2414 112 52 cum
1917 2414 176 52 religioso

1321 2457 93 50 vt
1367 2457 217 50 religionem
1537 2457 232 50 egrediatur:
1723 2457 77 50 &
1754 2457 232 50 matrimonium
1925 2457 170 50 contrahat

1329 2507 96 46 vt
1377 2507 191 46 haeredem
1520 2507 159 46 habeat
1632 2507 191 46 quatenus
1775 2507 96 46 in
1823 2507 207 46 republica
1982 2507 112 46 pax
2030 2507 64 46 ob

1323 2543 176 55 tineatur
1455 2543 117 55 quae
1529 2543 117 55 alia
1602 2543 103 55 via
1661 2543 147 55 haberi
1764 2543 103 55 non
1822 2543 161 55 potest.
1940 2543 103 55 Hoc
1984 2543 117 55 suppo-

1311 2582 125 69 sito
1389 2582 187 69 Arguitur
1530 2582 125 69 sic.
1608 2582 125 69 post
1686 2582 187 69 haeredem
1827 2582 109 69 vel
1889 2582 187 69 haeredes
2014 2582 94 69 geni

1322 2628 97 57 tos
1378 2628 111 57 ille
1447 2628 153 57 tenetur
1558 2628 194 57 religionem
1711 2628 180 57 repetere:
1849 2628 111 57 quia
1919 2628 166 57 cessante
2030 2628 69 57 cau

1311 2682 92 49 sa
1357 2682 154 49 cessat
1465 2682 200 49 effectus:
1619 2682 123 49 ergo
1696 2682 231 49 matrimonium
1881 2682 108 49 est
1927 2682 185 49 dissolubi-

1313 2720 111 61 le.
1376 2720 79 61 â‹
1408 2720 253 61 Respondetur.
1614 2720 269 61 suppositionem
1836 2720 222 61 admittendo
1994 2720 95 61 nego

1322 2769 113 55 quod
1392 2769 169 55 teneatur
1519 2769 155 55 iterato
1632 2769 197 55 religionem
1786 2769 169 55 assumere
1913 2769 70 55 /
1927 2769 169 55 haeredibus
