2371 3331
975 440 174 78 lrca
1062 440 196 78 quartam

974 500 236 66 distinctionem
1155 500 97 66 quae-

982 548 123 57 ritur.
1068 548 74 57 An
1105 548 147 57 virtutes
1203 548 49 57 in

983 590 177 62 fundantur
1120 590 82 62 in
1147 590 109 62 bapti-

978 640 112 57 mo.
1042 640 145 57 Circa
1123 640 129 57 propo-

975 677 104 62 sitam
1045 677 173 62 quaestionem
1172 677 81 62 varie

968 725 173 58 doctores
1083 725 173 58 opinantur.

972 766 90 62 â‹
1008 766 126 62 Sed
1080 766 126 62 pro
1133 766 126 62 solu-

965 816 162 54 tione
1073 816 144 54 pono
1145 816 108 54 con-

970 856 237 57 clusiones.
1139 856 119 57 Prima

977 901 108 48 est.
1044 901 121 48 Licet
1111 901 135 48 naturali

971 945 87 66 ter
1020 945 124 66 nulius
1107 945 124 66 possit
1182 945 62 66 pro

930 990 154 55 bare
1026 990 116 55 in
1084 990 173 55 nobis
1180 990 77 55 ee

472 1026 183 59 aliquas
606 1026 200 59 virtutes
756 1026 200 59 infusas:
906 1026 183 59 debemus
1039 1026 150 59 tamen
1123 1026 133 59 firmi-

471 1078 108 51 ter
532 1078 170 51 credere
656 1078 170 51 aliquas
780 1078 139 51 nobis
873 1078 186 51 infundi.
1013 1078 124 51 Haec
1075 1078 170 51 conclusio

475 1119 97 51 quo
531 1119 84 51 ad
573 1119 153 51 priorem
684 1119 139 51 partem
781 1119 181 51 probatur:
921 1119 111 51 quia
990 1119 97 51 nec
1046 1119 97 51 per
1088 1119 153 51 experien-

474 1168 136 45 tiam,
564 1168 106 45 non
625 1168 121 45 enim
700 1168 196 45 experimur
851 1168 90 45 in
896 1168 136 45 nobis
987 1168 166 45 habitus
1092 1168 151 45 quoscun-

478 1206 126 56 quod,
562 1206 98 56 nec
618 1206 98 56 per
674 1206 182 56 rationem:
813 1206 112 56 quia
883 1206 98 56 hoc
939 1206 140 56 maxime
1037 1206 126 56 esset
1120 1206 70 56 a
1134 1206 112 56 poste-

481 1252 126 67 riori
565 1252 98 67 per
621 1252 140 67 actus.
720 1252 98 67 sed
776 1252 98 67 hoc
832 1252 98 67 non
888 1252 168 67 possumus
1014 1252 168 67 probare:
1141 1252 112 67 quia
1197 1252 56 67 si

473 1298 125 49 vnus
551 1298 187 49 paruulus
692 1298 218 49 baptizatus
864 1298 109 49 cui
926 1298 140 49 fides
1020 1298 218 49 infunditur
1176 1298 62 49 nu

469 1340 158 54 triatur
584 1340 130 54 inter
670 1340 202 54 infideles,
829 1340 158 54 nunquam
944 1340 158 54 audiens
1059 1340 130 54 loqui
1145 1340 86 54 de
1174 1340 72 54 hac

466 1392 117 62 deus
539 1392 102 62 est
598 1392 146 62 trinus
699 1392 73 62 &
729 1392 131 62 vnus,
816 1392 102 62 non
874 1392 146 62 credet
976 1392 131 62 illi.
1064 1392 160 62 Secunda
1166 1392 87 62 pars

476 1432 176 55 probatur:
612 1432 109 55 quia
680 1432 217 55 auctoritates
856 1432 176 55 sanctorum
992 1432 95 55 hoc
1046 1432 163 55 vincunt.
1169 1432 81 55 ad
1196 1432 54 55 he

466 1479 169 58 braeos.
588 1479 107 58 xi.
650 1479 123 58 Sine
726 1479 123 58 fide
803 1479 230 58 impossibile
987 1479 107 58 est
1048 1479 169 58 placere
1155 1479 92 58 deo.

461 1524 76 59 &
491 1524 167 59 paruuli
612 1524 106 59 non
673 1524 151 59 habent
779 1524 136 59 fidem
870 1524 227 59 acquisitam:
1051 1524 121 59 ergo
1112 1524 136 59 oportet

470 1563 113 56 quod
540 1563 113 56 illa
611 1563 198 56 auctoritas
766 1563 226 56 intelligatur
950 1563 85 56 de
992 1563 113 56 fide
1063 1563 155 56 infusa.
1161 1563 85 56 Cha-

466 1612 136 47 ritas
557 1612 166 47 ponitur
678 1612 181 47 qualitas
814 1612 76 47 a
844 1612 106 47 deo
904 1612 151 47 infusa
1010 1612 166 47 coniter
1116 1612 121 47 contra

466 1659 190 50 magistrum.
616 1659 122 50 xvii.
697 1659 122 50 dist.
779 1659 136 50 primi.
874 1659 68 50 &
901 1659 95 50 sic
956 1659 82 50 de
996 1659 122 50 aliis
1078 1659 149 50 duabus.
1173 1659 68 50 Il-

465 1696 102 59 lud
524 1696 146 59 etiam,
626 1696 131 59 patet
713 1696 87 59 de
757 1696 175 59 baptismo
888 1696 73 59 &
917 1696 117 59 eius
990 1696 175 59 effectu.
1121 1696 87 59 c.
1151 1696 87 59 Maio

468 1747 117 55 res.
541 1747 87 55 in
585 1747 233 55 Clementinis,
775 1747 87 55 de
818 1747 131 55 summa
906 1747 190 55 trinitate
1052 1747 73 55 &
1081 1747 117 55 fide
1139 1747 102 55 cath.

467 1785 130 67 Fidei
553 1785 217 67 catholicae.
727 1785 87 67 S.
771 1785 145 67 verum.
872 1785 130 67 Verum
959 1785 145 67 inquit
1060 1785 159 67 Romanus
1162 1785 72 67 pon

462 1835 146 53 tifex:
565 1835 117 53 quia
638 1835 161 53 quantum
754 1835 88 53 ad
798 1835 175 53 effectum
929 1835 175 53 baptismi
1061 1835 88 53 in
1090 1835 146 53 paruulis

472 1879 215 45 repeniutur
641 1879 185 45 doctores
779 1879 185 45 theologi
918 1879 200 45 opiniones
1056 1879 185 45 contrarias

467 1918 187 51 habuisse,
611 1918 187 51 quibusdam
755 1918 86 51 ex
798 1918 130 51 ipsis
884 1918 202 51 dicentibus
1042 1918 173 51 paruulis
1158 1918 86 51 qui-

473 1964 98 50 dem
529 1964 154 50 remitti
641 1964 98 50 &c.
696 1964 84 50 Et
738 1964 182 50 paulopost
878 1964 182 50 sequitur.
1018 1964 98 50 Nos
1073 1964 126 50 autem
1143 1964 98 50 attem

473 2011 131 59 dentes
565 2011 171 59 generalem
696 2011 184 59 efficaciam
841 2011 131 59 mortis
933 2011 145 59 Curisti
1038 2011 105 59 quae
1104 2011 92 59 per
1143 2011 92 59 bapti

469 2056 102 47 sma
527 2056 203 47 applicatur
686 2056 160 47 pariter
802 2056 160 47 omnibus
918 2056 218 47 baptizatis,
1078 2056 160 47 opinionem

465 2100 146 60 secundam
574 2100 97 60 quae
635 2100 109 60 dicit
707 2100 85 60 tam
756 2100 146 60 paruulis
865 2100 97 60 quam
926 2100 133 60 adultis
1023 2100 146 60 conferri
1132 2100 73 60 in
1156 2100 85 60 bapti

466 2143 96 49 smo
521 2143 205 49 informantem
685 2143 109 49 gram
753 2143 68 49 /
780 2143 68 49 &
808 2143 178 49 virtutes:
944 2143 150 49 tamquam
1040 2143 191 49 probabiliore

461 2190 80 58 &
493 2190 161 58 dictis
606 2190 177 58 sctorum
734 2190 80 58 &
767 2190 193 58 doctorum
911 2190 209 58 modemorum
1056 2190 177 58 theologit

461 2234 140 47 magis
555 2234 187 47 consonam
695 2234 78 47 &
726 2234 203 47 concordem
882 2234 140 47 sacro
976 2234 218 47 approbante
1132 2234 109 47 conci

462 2280 103 49 lio
521 2280 161 49 duximus
638 2280 205 49 eligendam.
799 2280 88 49 Et
843 2280 132 49 illud
931 2280 88 49 de
975 2280 147 49 tribus
1063 2280 176 49 virtutibus

456 2320 219 49 theologicis
631 2320 160 49 coniter
748 2320 175 49 tenetur.
879 2320 204 49 Coarctamur
1040 2320 131 49 autem
1112 2320 117 49 diceri

455 2360 103 56 quod
520 2360 155 56 charitas
636 2360 194 56 infunditur:
791 2360 103 56 quia
855 2360 155 56 secundum
972 2360 116 56 legem
1049 2360 90 56 dei
1088 2360 142 56 ordinatam

461 2412 128 46 saltem
551 2412 102 46 post
615 2412 128 46 primos
704 2412 153 46 parentes
819 2412 89 46 non
870 2412 115 46 datur
947 2412 141 46 aliquis
1049 2412 89 46 qui
1100 2412 89 46 non
1152 2412 89 46 sit
1190 2412 51 46 fi

459 2458 107 47 lius
526 2458 120 47 regni
606 2458 94 47 aut
659 2458 174 47 carceris:
793 2458 107 47 quos
860 2458 134 47 gratia
954 2458 161 47 diuidit.
1074 2458 94 47 xv.
1128 2458 80 47 de
1155 2458 80 47 tri-

466 2498 149 64 nitate.
575 2498 81 64 c.
615 2498 108 64 xix.
683 2498 108 64 ldem
751 2498 149 64 videtur
859 2498 81 64 de
900 2498 122 64 aliis
967 2498 122 64 duabus.

462 2570 105 67 â‹
504 2570 232 67 Secunda
673 2570 295 67 conclusio.
904 2570 147 67 quo
988 2570 126 67 ad
1030 2570 211 67 virtutes

466 2628 162 50 morales
584 2628 221 50 probabilius
761 2628 103 50 est
819 2628 191 50 opposito,
966 2628 132 50 alias
1055 2628 177 50 virtutes
1172 2628 74 50 pu-

467 2677 80 51 ta
507 2677 213 51 temperantiam
679 2677 66 51 /
706 2677 173 51 iustitiam
839 2677 66 51 /
866 2677 66 51 &
892 2677 213 51 fortitudinem
1065 2677 66 51 /
1092 2677 66 51 &
1105 2677 133 51 breuiter

459 2727 97 54 de
507 2727 145 54 aliis
604 2727 145 54 nobis
701 2727 97 54 ad
749 2727 129 54 bene
830 2727 194 54 viuendum
976 2727 258 54 adminiculis,
1185 2727 97 54 in

1312 324 150 75 fundi.
1417 324 180 75 Probatur
1552 324 105 75 per
1612 324 135 75 illud
1702 324 150 75 Moysi.
1806 324 180 75 Deutero.
1941 324 150 75 xxxii.
2031 324 75 75 Dei

1313 381 172 63 perfecta
1442 381 115 63 sunt
1514 381 144 63 opera.
1614 381 100 63 Sed
1671 381 115 63 haec
1743 381 172 63 probatio
1872 381 215 63 efficaciter
2030 381 72 63 non

1316 434 197 57 concludit:
1471 434 113 57 quia
1541 434 113 57 illa
1612 434 127 57 capta
1696 434 85 57 ad
1739 434 197 57 propositum
1894 434 169 57 probabis
2006 434 85 57 quod

1316 480 174 48 quicquid
1447 480 102 48 est
1505 480 131 48 vtile
1592 480 87 48 ad
1636 480 218 48 beatitudine
1810 480 232 48 consequendam
1984 480 102 48 nobis

1326 529 200 49 infunditur,
1486 529 107 49 quod
1552 529 93 49 non
1606 529 93 49 est
1659 529 120 49 verum
1739 529 107 49 nisi
1806 529 80 49 in
1846 529 173 49 pricipio:
1979 529 107 49 quia
2032 529 67 49 dat

1317 562 129 62 nobis
1402 562 186 62 potentiam
1545 562 86 62 ad
1588 562 129 62 omnia
1674 562 129 62 nobis
1759 562 200 62 necessaria
1902 562 186 62 consequenda

1314 605 180 61 Probatur
1449 605 150 61 aliter
1554 605 120 61 haec
1629 605 210 61 conclusio.
1793 605 165 61 Romanus
1913 605 180 61 pontifex
2033 605 60 61 vo

1320 656 88 56 cat
1371 656 113 56 illam
1446 656 164 56 opinionem
1572 656 227 56 probabiliorem:
1761 656 138 56 quamuis
1862 656 88 56 non
1912 656 176 56 praecipiat
2038 656 63 56 il-

1324 698 91 60 lam
1376 698 168 60 opinionem
1505 698 155 60 insequi.
1621 698 103 60 ergo
1686 698 78 60 si
1725 698 91 60 non
1777 698 91 60 sit
1828 698 129 60 fortis
1919 698 116 60 ratio
1996 698 78 60 ad
2022 698 52 60 op

1325 750 160 47 positum,
1444 750 146 47 debemus
1551 750 120 47 illam
1631 750 160 47 imitari.
1750 750 213 47 consequentia
1923 750 93 47 est
1976 750 133 47 plana.
2056 750 40 47 &

1313 786 173 47 loquitur
1442 786 216 47 indistincte
1615 786 86 47 de
1658 786 201 47 virtutibus
1816 786 216 47 theologicis
1988 786 72 47 &
2003 786 86 47 car-

1312 825 192 56 dinalibus:
1463 825 110 56 ergo
1532 825 178 56 concedens
1669 825 82 56 de
1710 825 192 56 aliquibus:
1861 825 96 56 non
1916 825 123 56 debes
1998 825 123 56 illud

1319 880 137 58 negare
1415 880 82 58 de
1456 880 137 58 aliis.
1552 880 164 58 Confirmo
1675 880 137 58 illud.
1771 880 109 58 viso
1839 880 109 58 quod
1907 880 109 58 omne
1962 880 123 58 argumen

1320 912 177 68 tum:contra
1459 912 101 68 hanc
1522 912 202 68 conclusionem
1686 912 88 68 est
1737 912 177 68 aequaliter
1876 912 126 68 contra
1964 912 139 68 primam:
2052 912 38 68 &

1311 959 182 65 aequaliter
1454 959 182 65 soluendum:
1597 959 130 65 satius
1688 959 91 65 est
1740 959 104 65 hanc
1805 959 143 65 tenere.
1909 959 143 65 Insuper
2000 959 91 65 sicut

1311 1009 196 46 definitio
1462 1009 211 46 pontificis
1628 1009 151 46 maximi
1733 1009 106 46 vbi
1793 1009 106 46 non
1854 1009 166 46 constat
1974 1009 90 46 de
2005 1009 90 46 oppo

1318 1046 105 68 sito
1384 1046 92 68 est
1436 1046 171 68 incocusse
1568 1046 158 68 tenenda:
1686 1046 92 68 ita
1738 1046 171 68 sententia
1870 1046 105 68 quam
1922 1046 158 68 probabilio

1312 1098 99 58 rem
1368 1098 184 58 existimat
1510 1098 127 58 debet
1595 1098 156 58 censeri
1708 1098 226 58 probabilior.
1892 1098 99 58 Cum
1949 1098 99 58 quo
1991 1098 99 58 tamen

1307 1139 106 60 stat
1373 1139 106 60 quod
1439 1139 119 60 licet
1518 1139 145 60 cuipiam
1624 1139 106 60 tali
1690 1139 238 60 determinationi
1889 1139 185 60 contraire.
2021 1139 66 60 mul

1315 1187 99 50 tae
1372 1187 99 50 aut
1428 1187 227 50 auctoritates
1613 1187 185 50 oppositum
1755 1187 213 50 insinuantes
1926 1187 85 50 de
1954 1187 128 50 adultis

1309 1226 225 54 intelligendae
1494 1226 106 54 sunt
1560 1226 66 54 &
1586 1226 79 54 de
1626 1226 185 54 virtutibus
1771 1226 198 54 acquisitis.
1930 1226 79 54 vt
1969 1226 92 54 est
2009 1226 79 54 glos

1308 1267 90 71 sa
1353 1267 90 71 ad
1398 1267 135 71 Roma.
1488 1267 90 71 v.
1533 1267 135 71 super
1623 1267 120 71 illo
1698 1267 150 71 verbo.
1802 1267 105 71 Pro
1862 1267 135 71 iusto
1952 1267 120 71 quis
2012 1267 75 71 mo-

1314 1312 95 67 ritur,
1380 1312 76 67 quae
1427 1312 95 67 dicit.
1494 1312 66 67 est
1532 1312 85 67 bonus
1588 1312 66 67 qui
1626 1312 66 67 non
1664 1312 66 67 est
1702 1312 104 67 iustus,
1778 1312 114 67 scilicet
1863 1312 66 67 qui
1901 1312 85 67 natus
1958 1312 66 67 est
1996 1312 57 67 in
2015 1312 76 67 simpli

1310 1361 130 62 citate
1401 1361 208 62 innocentiae.
1570 1361 78 62 Et
1609 1361 143 62 Iacobi.
1714 1361 91 62 ii.
1766 1361 117 62 Fides
1844 1361 104 62 sine
1909 1361 156 62 operibus
2013 1361 65 62 mor

1312 1409 75 54 tua
1355 1409 86 54 est.
1409 1409 54 54 &
1430 1409 118 54 secundo
1516 1409 150 54 Ethicorum.
1634 1409 107 54 Virtus
1709 1409 75 54 est
1752 1409 86 54 quae
1806 1409 129 54 habentem
1902 1409 129 54 perficit
1999 1409 54 54 &
2010 1409 64 54 eius

1315 1455 114 44 opus
1386 1455 129 44 bonum
1472 1455 157 44 reddit.
1586 1455 71 44 &
1615 1455 100 44 sic
1672 1455 86 44 de
1715 1455 157 44 multris
1829 1455 129 44 aliis
1900 1455 186 44 auctoritati

1308 1488 86 53 bus
1357 1488 99 53 quae
1419 1488 210 53 intelliguntur
1592 1488 74 53 de
1629 1488 173 53 virtutibus
1765 1488 185 53 acquisitis,
1913 1488 62 53 &
1938 1488 74 53 in
1962 1488 124 53 adultis.

1315 1537 74 64 Si
1352 1537 124 64 dicas.
1439 1537 87 64 hae
1488 1537 149 64 virtutes
1600 1537 99 64 sunt
1662 1537 124 64 inanes
1749 1537 87 64 pro
1799 1537 99 64 toto
1861 1537 137 64 tempore
1947 1537 137 64 infantiae

1318 1584 119 58 ergo
1392 1584 104 58 non
1452 1584 119 58 sunt
1526 1584 193 58 ponendae.
1674 1584 193 58 Similiter
1822 1584 163 58 catulus
1941 1584 119 58 ante
2000 1584 74 58 non

1314 1628 112 61 num
1378 1628 128 61 diem
1458 1628 112 61 nec
1522 1628 112 61 est
1586 1628 160 61 caecus
1698 1628 112 61 nec
1762 1628 176 61 videns:
1890 1628 128 61 quia
1954 1628 128 61 tempus

1301 1665 110 58 non
1364 1665 110 58 est
1427 1665 251 58 determinatum
1631 1665 78 58 a
1662 1665 157 58 natura
1772 1665 126 58 tunc
1851 1665 188 58 videndi.
1992 1665 126 58 ergo

1309 1717 97 48 cum
1365 1717 83 48 in
1406 1717 111 48 illo
1476 1717 153 48 tempore
1587 1717 153 48 paruuli
1699 1717 97 48 non
1754 1717 153 48 possint
1865 1717 125 48 exire
1949 1717 83 48 in
1977 1717 97 48 actus

1309 1758 102 64 non
1368 1758 233 64 reputabuntur
1557 1758 131 64 iusti
1644 1758 73 64 &
1673 1758 189 64 temperati
1819 1758 73 64 /
1848 1758 102 64 nec
1906 1758 160 64 iniusti
2008 1758 73 64 vel

1300 1800 231 54 intemperati.
1487 1800 145 54 Primum
1589 1800 101 54 non
1646 1800 145 54 mouet.
1748 1800 101 54 Nam
1805 1800 173 54 virtutes
1935 1800 145 54 manent
2022 1800 58 54 in

1305 1844 149 54 patria
1410 1844 90 54 ad
1454 1844 179 54 decorem.
1589 1844 134 54 etiam
1678 1844 134 54 istae
1768 1844 179 54 virtutes
1902 1844 164 54 prosunt
2006 1844 75 54 ac-

1306 1894 121 49 cedente
1394 1894 131 49 ratione.
1492 1894 66 49 Ad
1525 1894 99 49 aliud
1591 1894 121 49 dicitur
1679 1894 88 49 quod
1733 1894 77 49 non
1777 1894 77 49 est
1821 1894 110 49 simile
1898 1894 66 49 in
1920 1894 164 49 spiritualibus

1310 1933 71 64 &
1338 1933 227 64 corporalibus
1522 1933 128 64 Visio
1607 1933 113 64 enim
1678 1933 170 64 prouenit
1806 1933 85 64 ex
1848 1933 227 64 dispositione
2018 1933 57 64 or

1315 1987 120 57 gani.
1395 1987 146 57 dicente
1501 1987 146 57 Aristo.
1608 1987 120 57 primo
1688 1987 80 57 de
1727 1987 133 57 anima.
1821 1987 80 57 Si
1861 1987 120 57 senex
1941 1987 133 57 habret
2020 1987 67 57 ocu

1302 2027 103 48 lum
1361 2027 88 48 vt
1405 2027 176 48 iuuenis,
1537 2027 162 48 videret
1655 2027 88 48 vt
1699 2027 176 48 iuuenis.
1831 2027 162 48 Organum
1949 2027 118 48 enim
2008 2027 73 48 est

1301 2070 175 53 subiectum
1435 2070 175 53 visionis.
1570 2070 94 53 sed
1624 2070 108 53 sola
1691 2070 121 53 anima
1772 2070 94 53 est
1826 2070 175 53 subiectum
1947 2070 135 53 virtutum

1299 2116 96 45 quae
1359 2116 84 45 est
1407 2116 84 45 ita
1455 2116 144 45 perfecte
1563 2116 72 45 se
1599 2116 144 45 homionus
1708 2116 72 45 in
1744 2116 108 45 paruo
1816 2116 108 45 sicut
1888 2116 72 45 in
1924 2116 132 45 adulto.
2008 2116 60 45 Sed

1303 2154 125 61 illud
1386 2154 97 61 non
1442 2154 194 61 satisfacit
1594 2154 152 61 omnino:
1704 2154 111 61 quia
1774 2154 97 61 est
1829 2154 166 61 qualitas
1940 2154 138 61 positiua

1302 2197 90 65 in
1347 2197 180 65 paruulo.
1482 2197 90 65 in
1527 2197 120 65 cane
1602 2197 105 65 non
1662 2197 105 65 est
1721 2197 150 65 aliqua
1826 2197 210 65 caecitatem
1976 2197 105 65 deno-

1297 2251 162 60 minans.
1415 2251 133 60 Fides
1504 2251 177 60 interdum
1636 2251 162 60 capitur
1754 2251 103 60 pro
1813 2251 133 60 actu:
1901 2251 88 60 vt
1945 2251 118 60 quid
2004 2251 74 60 est

1313 2285 129 69 fides
1398 2285 114 69 nisi
1470 2285 157 69 credere
1584 2285 114 69 quod
1656 2285 100 69 non
1713 2285 143 69 vides:
1813 2285 71 69 &
1841 2285 157 69 aliquae
1955 2285 129 69 aliae
2027 2285 57 69 au

1308 2332 228 78 ctoritates
1487 2332 147 78 beati
1585 2332 212 78 Augustini
1748 2332 98 78 de
1797 2332 196 78 baptismo
1927 2332 147 78 paruulo

1290 2374 129 68 rum
1363 2374 111 68 ad
1419 2374 129 68 hoc
1474 2374 166 68 sonant.

1293 2440 115 76 â‹
1339 2440 231 76 Contra
1501 2440 231 76 primam
1662 2440 369 76 conclusionem
1963 2440 162 76 ar-

1300 2506 125 62 guitur
1387 2506 100 62 sic.
1449 2506 187 62 Supuacaneum
1599 2506 87 62 est
1648 2506 125 62 dicere
1736 2506 100 62 quod
1798 2506 100 62 deus
1860 2506 112 62 creet
1935 2506 112 62 fidem
1997 2506 75 62 infu

1307 2548 91 67 sam
1359 2548 169 67 probatur.
1489 2548 104 67 quia
1553 2548 117 67 nihil
1631 2548 104 67 agit
1696 2548 78 67 ad
1735 2548 117 67 actum
1813 2548 169 67 credendi.
1942 2548 104 67 pone
1994 2548 78 67 duos

1302 2589 135 63 quorum
1396 2589 108 63 vnus
1463 2589 94 63 est
1517 2589 189 63 baptizatus
1666 2589 67 63 /
1693 2589 67 63 &
1719 2589 121 63 alter
1800 2589 108 63 non.
1868 2589 189 63 baptizatus
2003 2589 67 63 non

1302 2642 115 57 magis
1379 2642 128 57 credit
1468 2642 102 57 quam
1532 2642 128 57 alter:
1622 2642 64 57 &
1647 2642 77 57 si
1686 2642 102 57 sic:
1750 2642 77 57 ad
1788 2642 102 57 quid
1852 2642 153 57 deseruit
1967 2642 102 57 illa
2018 2642 51 57 fi

1315 2684 80 61 des
1360 2684 125 61 infusa?
1451 2684 57 61 â‹
1474 2684 171 61 Respondetur
1610 2684 80 61 per
1656 2684 148 61 propones.
1769 2684 102 61 Prima
1838 2684 91 61 est,
1894 2684 91 61 bene
1951 2684 114 61 potest
2020 2684 45 61 de

1312 2727 108 78 fendi
1384 2727 96 78 quod
1444 2727 120 78 nullus
1528 2727 84 78 est
1576 2727 132 78 habitus
1672 2727 72 78 in
1709 2727 108 78 anima
1781 2727 84 78 vel
1829 2727 144 78 corpore,
1937 2727 96 78 lege
1985 2727 96 78 diuima
