2285 3315
212 348 111 62 xus,
281 348 111 62 quin
351 348 83 62 ei
392 348 139 62 pateat
490 348 97 62 via
545 348 166 62 salutis:
670 348 125 62 etiam
753 348 83 62 ex
795 348 180 62 quacumque
920 348 69 62 cul

204 407 90 49 pa
249 407 240 49 praecedente.
444 407 105 49 Sed
504 407 135 49 Berta
594 407 105 49 non
655 407 150 49 potest
760 407 210 49 contrahere
910 407 75 49 ma-

209 450 186 51 trimonium
352 450 129 51 sorte
438 450 172 51 viuente.
567 450 129 51 Ratio
653 450 115 51 est:
725 450 115 51 quia
797 450 100 51 non
854 450 143 51 potest
940 450 43 51 e

214 484 162 50 constare
336 484 108 50 quin
404 484 135 50 Sortes
498 484 95 50 sit
552 484 95 50 vir
607 484 108 50 suus
674 484 68 50 /
701 484 122 50 licet
782 484 108 50 ipsa
850 484 95 50 sit
890 484 95 50 perso

201 535 90 51 na
246 535 180 51 habilis,
381 535 75 51 &
411 535 135 51 Plato
501 535 105 51 cum
561 535 105 51 quo
620 535 210 51 contrahit.
785 535 75 51 &
815 535 150 51 reuera
905 535 75 51 est

206 575 249 56 matrimonium
405 575 149 56 inter
505 575 116 56 eam
571 575 83 56 &
605 575 216 56 Platonem:
770 575 116 56 cum
837 575 116 56 nec
886 575 100 56 ipsa

216 625 109 49 nec
279 625 124 49 ipse
356 625 124 49 sint
434 625 186 49 personae
573 625 202 49 inhabiles
729 625 93 49 ad
775 625 140 49 mutuo
853 625 124 49 contra

207 656 176 60 hendum.
335 656 112 60 Sed
399 656 160 60 quidiu
511 656 160 60 putant
622 656 240 60 matrimonium
814 656 128 60 esse
878 656 96 60 into

209 704 160 57 Sortem
321 704 80 57 &
353 704 176 57 Bertam:
482 704 128 57 illo
562 704 176 57 iudicio
690 704 160 57 stante
803 704 112 57 non
851 704 128 57 possun

205 752 110 54 sine
274 752 151 54 peccato
384 752 206 54 contrahere.
548 752 82 54 Si
589 752 123 54 tamen
671 752 178 54 constaret
795 752 178 54 sufficiente

216 796 150 55 Bertae
321 796 75 55 &
351 796 165 55 Platoni
471 796 105 55 non
531 796 150 55 fuisse
637 796 195 55 consensum
787 796 150 55 sortis
877 796 90 55 prim

214 837 100 56 cum
271 837 143 56 Berta:
371 837 115 56 ipsa
443 837 129 56 Berta
529 837 143 56 posset
629 837 115 56 tunc
701 837 158 56 Platoni
801 837 172 56 cohabitare

205 894 72 48 ⁋
233 894 172 48 Eccequoe
363 894 187 48 consensus
506 894 86 48 ad
549 894 215 48 matrimonium
722 894 201 48 requiritur
879 894 72 48 /
894 894 86 48 quai

200 925 99 61 non
256 925 170 61 sufficit
384 925 113 61 nisi
454 925 141 61 aliquo
553 925 127 61 signo
638 925 184 61 sensibili
779 925 99 61 vel
822 925 155 61 aequalent

203 980 198 55 explicetur.
362 980 106 55 quis
428 980 93 55 sit
481 980 172 55 consensus
613 980 172 55 actualis:
745 980 66 55 &
772 980 106 55 quis
824 980 146 55 virtualis

212 1019 107 58 quod
279 1019 120 58 ficte
359 1019 174 58 cotrahens
493 1019 94 58 cum
546 1019 134 58 aliqua
640 1019 67 58 /
666 1019 107 58 ante
733 1019 120 58 aliud
800 1019 174 58 matrimoniim

211 1056 181 60 cotractum
350 1056 111 60 debs
420 1056 167 60 deponere
545 1056 195 60 fictionem:
698 1056 70 60 &
726 1056 97 60 cum
782 1056 139 60 priore
866 1056 111 60 contra

206 1108 142 55 here:
301 1108 110 55 vel
364 1108 126 55 post
442 1108 236 55 matrimonium
631 1108 94 55 de
678 1108 204 55 praesenti
835 1108 126 55 ante
898 1108 79 55 car

203 1146 120 63 nalem
283 1146 147 63 copulam
390 1146 134 63 potest
484 1146 187 63 religionem
631 1146 187 63 profiteri:
778 1146 80 63 vt
818 1146 80 63 in
845 1146 134 63 quaestio

210 1195 86 47 ne
253 1195 173 47 sequente
382 1195 173 47 dicetur.
512 1195 115 47 post
584 1195 216 47 matrimonium
757 1195 115 47 vero
815 1195 158 47 contracti

199 1236 74 65 &
229 1236 221 65 consummatum
405 1236 74 65 /
435 1236 221 65 difficilius
611 1236 103 65 est
670 1236 147 65 culpam
773 1236 103 65 iam
832 1236 103 65 quo
891 1236 88 65 ad
920 1236 59 65 se

206 1281 107 65 quam
272 1281 94 65 quo
326 1281 80 65 ad
366 1281 120 65 illam
446 1281 94 65 cui
500 1281 147 65 illusit
593 1281 147 65 reparare.

233 1327 110 84 ⁋
277 1327 373 84 Distinctionis
563 1327 417 84 Vigesimaeseptimae

474 1384 252 88 Quaestio
642 1384 210 88 Secunda.

530 1468 197 88 Ecundo
668 1468 177 88 circa
786 1468 197 88 eandem
904 1468 79 88 di

524 1545 233 60 stinctionem
711 1545 218 60 quaeritur:
882 1545 93 60 An
913 1545 62 60 ma

532 1590 219 60 trimonium
700 1590 118 60 per
768 1590 168 60 sacros
868 1590 118 60 ordi-

537 1640 106 53 nes
598 1640 76 53 &
628 1640 197 53 religiois
765 1640 213 53 professionem

535 1677 220 61 dissoluatur.
714 1677 96 61 Pro
769 1677 207 61 quaestionis
921 1677 55 61 so

523 1720 175 62 lutione
650 1720 127 62 pono
730 1720 127 62 tres
793 1720 191 62 conclusio-

496 1767 86 58 ce
539 1767 115 58 nes.
611 1767 144 58 quarum
712 1767 130 58 Prima
798 1767 115 58 est.
856 1767 115 58 Contra

201 1812 125 60 hens
280 1812 234 60 matrimonium
467 1812 109 60 per
530 1812 141 60 verba
623 1812 94 60 de
670 1812 203 60 praesenti
827 1812 125 60 ante
889 1812 94 60 car-

204 1863 138 52 nalem
296 1863 169 52 copulam
419 1863 153 52 potest
526 1863 77 52 /
557 1863 153 52 altera
664 1863 138 52 parte
756 1863 138 52 etiam
833 1863 138 52 reniten

211 1902 85 44 te
253 1902 198 44 religionem
409 1902 198 44 profiteri.
564 1902 127 44 patet
649 1902 85 44 de
691 1902 155 44 conver.
804 1902 170 44 coniuga.
917 1902 57 44 ca

210 1947 146 58 Verum.
313 1947 102 58 vbi
371 1947 102 58 sic
430 1947 205 58 scribitur.
591 1947 132 58 Verum
678 1947 117 58 post
752 1947 190 58 consensum
883 1947 88 58 legi

207 1993 117 55 timum
285 1993 78 55 de
324 1993 168 55 praesenti
453 1993 142 55 licitum
557 1993 91 55 est
608 1993 129 55 alteri
699 1993 65 55 /
725 1993 129 55 altero
816 1993 117 55 etiam
880 1993 91 55 repu-

203 2044 143 48 gnante
303 2044 158 48 eligere
418 2044 229 48 monasterium:
604 2044 129 48 sicut
690 2044 143 48 sancti
791 2044 143 48 quidam
891 2044 86 48 de
920 2044 57 48 nu

202 2084 138 53 ptiis
294 2084 154 53 vocati
402 2084 200 53 fecerunt:
556 2084 169 53 dummodo
679 2084 185 53 carnalis
802 2084 169 53 commixtio

202 2123 101 59 non
259 2123 230 59 interuenerit
446 2123 129 59 inter
532 2123 115 59 eos.
604 2123 72 59 &
632 2123 144 59 alteri
733 2123 187 59 remanenti
876 2123 86 59 si
905 2123 72 59 com

197 2167 148 58 monitus
304 2167 215 58 continentiam
479 2167 148 58 seruare
587 2167 161 58 noluerit
708 2167 67 58 /
735 2167 148 58 licitum
842 2167 94 58 est
896 2167 81 58 ad
923 2167 54 58 se

200 2215 119 55 cunda
279 2215 106 55 vota
345 2215 172 55 transire.
478 2215 106 55 ldem
544 2215 146 55 dicitur
650 2215 79 55 in
689 2215 93 55 ca.
742 2215 79 55 Ex
782 2215 159 55 publico.
888 2215 79 55 eius

200 2255 94 59 dem
253 2255 148 59 tituli.
361 2255 81 59 &.
402 2255 135 59 xxvii.
496 2255 81 59 q.
537 2255 94 59 ii.
591 2255 108 59 cap.
658 2255 216 59 Desponsatam.
820 2255 148 59 Macharius

196 2300 145 59 namque
297 2300 73 59 &
326 2300 145 59 aliqui
428 2300 145 59 sancti
529 2300 145 59 patres
631 2300 102 59 hoc
689 2300 232 59 obseruarunt.
863 2300 102 59 xxvii

205 2346 73 54 q.
241 2346 85 54 ii.
290 2346 85 54 ca.
339 2346 146 54 Scribit.
448 2346 73 54 S.
485 2346 110 54 Ecce.
558 2346 85 54 vbi
607 2346 85 54 sic
655 2346 146 54 dicitur.
765 2346 73 54 Vt
802 2346 73 54 ei
838 2346 122 54 refert
911 2346 61 54 bea

191 2386 111 61 tus
255 2386 238 61 Hieronymus,
444 2386 206 61 Macharius
603 2386 222 61 praecipuus
777 2386 143 61 inter
856 2386 111 61 Chri-

195 2438 99 45 sti
251 2438 170 45 eremitas
379 2438 71 45 /
407 2438 184 45 celebrato
548 2438 170 45 nuptiali
675 2438 170 45 conviuio
803 2438 99 45 cum
845 2438 113 45 vesper

196 2481 176 55 thalamum
328 2481 132 55 esset
416 2481 235 55 ingressurus:
607 2481 88 55 ex
651 2481 117 55 vrbe
725 2481 191 55 egrediens
857 2481 117 55 trans-

190 2526 147 57 marina
293 2526 161 57 petiit:
410 2526 73 57 &
439 2526 132 57 eremi
527 2526 220 57 solitudinem
703 2526 117 57 sibi
777 2526 161 57 elegit.
879 2526 88 57 ltem

192 2564 152 58 beatus
298 2564 167 58 Alexius
420 2564 198 58 Epiphanii
572 2564 213 58 clarissimi
740 2564 152 58 filius
831 2564 137 58 simili-

191 2616 110 48 ter
254 2616 94 48 ex
301 2616 173 48 nuptiis
427 2616 157 48 diuina
537 2616 157 48 gratia
647 2616 189 48 vocatus,
788 2616 173 48 sponsam
898 2616 63 48 de

188 2654 176 63 seruit:
316 2654 80 63 &
348 2654 144 63 nudus
444 2654 176 63 Christo
572 2654 192 63 famulari
715 2654 176 63 coepit.
843 2654 96 63 Et
875 2654 80 63 mag

200 2699 111 58 ster
270 2699 83 58 in
311 2699 139 58 litera
408 2699 111 58 haec
478 2699 167 58 recitat.
603 2699 69 58 ⁋
631 2699 153 58 Secunda
742 2699 167 58 coclusio
853 2699 97 58 susce

189 2749 122 69 ptio
265 2749 137 69 sacri
357 2749 168 69 ordinis
479 2749 107 69 non
540 2749 168 69 dirimit
662 2749 229 69 matrimonium
845 2749 107 69 non
891 2749 76 69 con

1053 346 160 62 summatum
1173 346 67 62 /
1199 346 93 62 per
1253 346 120 62 verba
1333 346 80 62 de
1373 346 173 62 praesenti
1506 346 200 62 contractum.
1666 346 107 62 Haec
1719 346 107 62 conclu

1045 401 101 49 sio
1102 401 130 49 patet
1189 401 101 49 per
1246 401 274 49 determinationem
1476 401 173 49 loannis.
1606 401 130 49 xxii.
1692 401 115 49 quae
1750 401 72 49 inc

1055 448 109 48 pit.
1123 448 163 48 Antiquae
1246 448 245 48 concertationi.
1450 448 82 48 Et
1491 448 163 48 probatur
1613 448 163 48 ratione,
1736 448 95 48 non
1777 448 54 48 re

1044 486 152 53 pugnat
1150 486 122 53 iuri
1226 486 152 53 diuimo
1333 486 122 53 quod
1409 486 122 53 quis
1485 486 137 53 primo
1576 486 198 53 contrahat
1728 486 76 53 &
1744 486 91 53 post

1056 537 78 45 ea
1095 537 182 45 efficiatur
1238 537 169 45 sacerdos,
1368 537 78 45 ex
1407 537 143 45 distin.
1510 537 143 45 xxiiii.
1614 537 91 45 nam
1666 537 65 45 &
1692 537 130 45 graeci
1770 537 65 45 hoc

1056 576 170 51 faciunt.
1184 576 284 51 Indissolubilitas
1425 576 114 51 enim
1496 576 199 51 matrimonii
1652 576 99 51 est
1708 576 85 51 de
1737 576 85 51 iure

1049 620 136 47 diuino
1145 620 68 47 /
1172 620 109 47 nisi
1240 620 82 47 in
1281 620 109 47 illo
1349 620 109 47 solo
1417 620 123 47 casu.
1499 620 82 47 vt
1540 620 109 47 post
1608 620 164 47 dicetur.
1731 620 68 47 ⁋
1744 620 82 47 Ter-

1049 660 119 51 tia
1117 660 238 51 conclusio.
1304 660 255 51 Matrimonium
1509 660 255 51 consummatum
1713 660 85 51 /
1730 660 102 51 vtra

1042 704 124 60 quod
1119 704 139 60 parte
1211 704 247 60 consentiente
1412 704 108 60 tam
1474 704 93 60 ad
1520 704 232 60 matrimonium
1705 704 124 60 quam
1767 704 62 60 ad

1049 750 223 52 cosummationem
1232 750 92 52 non
1285 750 197 52 dissoluitur
1442 750 92 52 per
1494 750 183 52 religionis
1625 750 197 52 professionem-

1049 794 109 57 vel
1112 794 124 57 alio
1189 794 140 57 modo,
1282 794 186 57 extremis
1422 794 217 57 manentibus
1592 794 124 57 sine
1654 794 171 57 vtriusque

1051 839 180 52 consensu:
1189 839 97 52 vel
1245 839 111 52 nisi
1314 839 124 52 alter
1397 839 97 52 ius
1452 839 152 52 petendi
1562 839 152 52 amisit.
1673 839 124 52 Prima
1742 839 83 52 pars

1052 885 140 55 patet
1146 885 203 55 Matthaei.
1302 885 125 55 xix.
1380 885 109 55 vbi
1443 885 140 55 dicit
1536 885 203 55 Christus.
1692 885 125 55 Quod
1755 885 62 55 de

1043 920 203 62 coniunxit
1200 920 125 62 homo
1278 920 109 62 non
1340 920 188 62 separet.
1481 920 78 62 &
1512 920 94 62 de
1559 920 156 62 diuor.
1669 920 109 62 ca.
1716 920 109 62 Gaude

1050 972 124 47 mus.
1128 972 78 47 &
1159 972 156 47 postea
1268 972 171 47 amplius
1393 972 187 47 dicetur.
1533 972 124 47 ltem
1610 972 109 47 vir
1672 972 109 47 non
1719 972 109 47 solum

1042 1019 136 53 habet
1133 1019 212 53 potestatem
1299 1019 91 53 in
1345 1019 182 53 proprium
1481 1019 167 53 corpus:
1602 1019 106 53 sed
1663 1019 91 53 in
1693 1019 121 53 corpus

1048 1057 174 59 mulieris
1178 1057 72 59 &
1207 1057 203 59 econuerso.
1366 1057 87 59 vt
1409 1057 130 59 dicit
1496 1057 188 59 Apostolus
1641 1057 145 59 primae
1742 1057 87 59 ad
1771 1057 58 59 Co

1053 1105 123 51 rinth.
1139 1105 98 51 vii.
1200 1105 98 51 ergo
1261 1105 86 51 non
1310 1105 123 51 potest
1396 1105 123 51 vouere
1482 1105 110 51 illud
1556 1105 98 51 quod
1617 1105 86 51 est
1666 1105 74 51 in
1691 1105 135 51 praeiudi-

1047 1153 96 51 cium
1107 1153 156 51 mulieris.
1227 1153 84 51 sed
1276 1153 156 51 profiteri
1396 1153 168 51 religionem
1528 1153 108 51 esset
1600 1153 72 51 in
1637 1153 144 51 mulieris
1733 1153 84 51 prae-

1046 1193 176 53 iudicium
1179 1193 74 53 /
1208 1193 103 53 non
1267 1193 221 53 cohabitando
1443 1193 88 53 ei
1487 1193 103 53 nec
1546 1193 162 53 debitum
1664 1193 176 53 reddendo

1040 1239 98 46 De
1089 1239 196 46 extremis
1236 1239 115 46 non
1301 1239 229 46 manentibus
1481 1239 164 46 patet.
1596 1239 115 46 nam
1661 1239 164 46 mortuo
1760 1239 65 46 vi

1046 1285 85 46 ro
1088 1285 71 46 /
1117 1285 142 46 soluta
1216 1285 99 46 est
1273 1285 142 46 mulier
1372 1285 71 46 a
1400 1285 113 46 lege
1471 1285 128 46 viri,
1556 1285 170 46 secundum
1670 1285 156 46 apostolum

1050 1325 152 56 primae
1156 1325 91 56 ad
1201 1325 182 56 Corinth.
1338 1325 121 56 vii.
1414 1325 121 56 Post
1489 1325 212 56 adulterium
1656 1325 121 56 vero
1717 1325 106 56 alter

1038 1370 137 53 potest
1134 1370 192 53 religionem
1285 1370 178 53 profiteri
1422 1370 110 53 post
1490 1370 164 53 carnalem
1614 1370 164 53 copulam:
1723 1370 96 53 etiam

1045 1411 167 54 muliere
1166 1411 273 54 contradicente.
1394 1411 91 54 vt
1440 1411 137 54 fecit
1531 1411 152 54 Paulus
1637 1411 167 54 simplex
1743 1411 76 54 ere

1039 1455 128 52 mita.
1124 1455 128 52 Ratio
1209 1455 113 52 est:
1280 1455 113 52 quia
1351 1455 99 52 non
1408 1455 156 52 tenetur
1521 1455 85 52 ei
1564 1455 156 52 reddere
1677 1455 156 52 debitum
1776 1455 43 52 i

1037 1504 173 50 saeculo:
1166 1504 115 50 ipsa
1239 1504 115 50 enim
1311 1504 101 50 ius
1369 1504 144 50 debiti
1470 1504 159 50 amisit.
1585 1504 115 50 ergo
1657 1504 101 50 cum
1715 1504 101 50 sit
1758 1504 58 50 li

1041 1550 105 60 cite
1106 1550 157 60 solutus,
1224 1550 131 60 potest
1315 1550 78 60 ea
1355 1550 222 60 contradicente
1538 1550 183 60 religionem
1668 1550 157 60 profiteri.

1045 1602 99 86 ⁋
1085 1602 198 86 Contra
1224 1602 198 86 primam
1363 1602 317 86 conclusionem
1601 1602 218 86 arguitur.

1044 1680 102 57 Vel
1103 1680 102 57 hoc
1161 1680 131 57 esset
1249 1680 117 57 quia
1321 1680 175 57 Christus
1453 1680 102 57 ita
1511 1680 131 57 fecit
1598 1680 87 57 de
1642 1680 160 57 loanne,
1744 1680 73 57 eum

1035 1727 109 56 ad
1089 1727 274 56 apostolatum
1308 1727 201 56 vocando
1454 1727 146 56 post
1545 1727 274 56 matrimonium
1746 1727 73 56 de

1036 1775 202 50 praesenti.
1194 1775 101 50 nam
1252 1775 101 50 eum
1309 1775 86 50 de
1352 1775 158 50 nuptiis
1467 1775 144 50 nubere
1568 1775 173 50 volentem
1683 1775 130 50 vocauit

1045 1815 170 51 dominus:
1173 1815 85 51 vt
1215 1815 128 51 dicit
1300 1815 199 51 Hieronymus
1457 1815 85 51 in
1499 1815 156 51 prologo
1613 1815 185 51 euangelii
1741 1815 85 51 loan

1041 1858 120 52 nis.
1116 1858 105 52 sed
1176 1858 90 52 de
1221 1858 105 52 hoc
1281 1858 105 52 non
1341 1858 180 52 constat.
1475 1858 135 52 etiam
1565 1858 135 52 nullo
1655 1858 120 52 modo
1715 1858 90 52 sufi

1034 1900 178 60 ficienter
1171 1900 150 60 docetur
1281 1900 109 60 quod
1349 1900 164 60 apostoli
1472 1900 109 60 tria
1540 1900 109 60 vota
1609 1900 192 60 emiserunt.
1746 1900 68 60 Vel

1035 1947 103 55 hoc
1094 1947 103 55 est
1153 1947 117 55 quia
1226 1947 161 55 religio
1343 1947 103 55 est
1402 1947 88 55 de
1446 1947 161 55 meliore
1564 1947 132 55 bono.
1652 1947 73 55 &
1681 1947 117 55 tunc
1740 1947 73 55 dis

1029 1996 209 48 solueretur
1193 1996 224 48 matrimonium
1372 1996 238 48 consummatum:
1566 1996 119 48 quia
1640 1996 119 48 illi
1700 1996 104 48 matri

1033 2038 132 45 monio
1121 2038 161 45 religio
1238 2038 190 45 praestat.
1384 2038 73 45 ⁋
1413 2038 234 45 Respondetur.
1603 2038 175 45 quicquid
1720 2038 88 45 dica

1033 2084 120 54 tur
1101 2084 103 54 de
1153 2084 240 54 matrimonio
1342 2084 189 54 loannis
1479 2084 120 54 cum
1548 2084 240 54 Magdalena:
1719 2084 86 54 non

1038 2125 108 51 est
1099 2125 216 51 verosimile
1269 2125 124 51 quod
1347 2125 108 51 cum
1408 2125 201 51 Magdalena
1563 2125 216 51 contraxit.
1717 2125 93 51 quia

1042 2171 146 45 primo,
1144 2171 146 45 pauper
1246 2171 116 45 erat
1319 2171 73 45 &
1348 2171 189 45 piscator:
1494 2171 116 45 illa
1567 2171 131 45 autem
1654 2171 146 45 mulier
1741 2171 73 45 no-

1025 2214 157 56 bilis.
1135 2214 173 56 Secundo
1261 2214 110 56 nec
1323 2214 110 56 eis
1386 2214 220 56 defecisset
1559 2214 141 56 vinum
1653 2214 94 56 ob
1684 2214 126 56 soler-

1034 2259 116 51 tiam
1106 2259 159 51 Marthae
1222 2259 159 51 sororis
1338 2259 130 51 eius,
1425 2259 232 51 contraxisset
1613 2259 130 51 tamen
1685 2259 116 51 matri-

1026 2309 160 43 monium
1138 2309 96 43 si
1186 2309 96 43 ad
1234 2309 240 43 apostolatum
1427 2309 112 43 non
1491 2309 176 43 fuisset
1619 2309 192 43 vocatus:
1747 2309 64 43 vt

1026 2345 152 53 Petrus
1132 2345 76 53 &
1163 2345 137 53 alii.
1254 2345 76 53 &
1284 2345 106 53 hoc
1345 2345 182 53 sufficit
1482 2345 106 53 pro
1543 2345 137 53 dicto
1619 2345 182 53 Hieronymi-

1032 2390 122 51 Dico
1108 2390 152 51 igitur
1214 2390 122 51 quod
1290 2390 137 51 inter
1381 2390 198 51 arguendum
1533 2390 137 51 nulla
1625 2390 137 51 causa
1701 2390 106 51 suffi

1029 2438 138 46 ciens
1120 2438 138 46 tacta
1212 2438 122 46 est.
1289 2438 107 46 sed
1350 2438 183 46 exemplis
1487 2438 214 46 sanctorum,
1655 2438 76 46 &
1671 2438 122 46 deter-

1032 2478 256 53 minationibus
1240 2478 224 53 pontificum
1416 2478 96 53 ad
1463 2478 112 53 hoc
1527 2478 256 53 sufficienter
1719 2478 80 53 edo

1031 2522 121 53 cemur
1111 2522 108 53 quod
1179 2522 121 53 istic
1259 2522 67 53 e
1286 2522 162 53 exceptio
1408 2522 94 53 non
1461 2522 121 53 solum
1542 2522 81 53 ad
1583 2522 202 53 religionem:
1731 2522 67 53 sed

1026 2570 149 47 etiam
1125 2570 99 47 ad
1174 2570 165 47 eremum
1290 2570 99 47 in
1339 2570 116 47 qua
1405 2570 182 47 vouetur
1537 2570 215 47 castitas.
1686 2570 116 47 istum

1027 2610 127 53 ergo
1106 2610 142 53 casum
1201 2610 127 53 deus
1280 2610 190 53 excepit:
1423 2610 111 53 nam
1486 2610 111 53 deo
1549 2610 221 53 instigante
1707 2610 95 53 ali-

1023 2655 106 58 qui
1083 2655 151 58 sancti
1189 2655 106 58 ita
1250 2655 197 58 fecerunt.
1401 2655 76 58 &
1432 2655 106 58 hoc
1492 2655 121 58 erat
1568 2655 91 58 in
1613 2655 136 58 causa
1689 2655 106 58 quare

1024 2707 199 47 ecclesia
1173 2707 116 47 ita
1240 2707 281 47 determinauit.
1471 2707 83 47 ⁋
1504 2707 182 47 Secundo
1620 2707 182 47 arguitur.

1025 2743 297 62 Matrimonium
1263 2743 218 62 carnali
1422 2743 198 62 copula
1540 2743 258 62 consummatum
