2378 3321
238 362 189 52 dissolui:
384 362 116 52 dato
457 362 116 52 quod
529 362 131 52 erant
616 362 116 52 pura
689 362 73 52 &
718 362 218 52 categorica.
893 362 102 52 hoc
936 362 73 52 pa-

231 418 100 46 tet
288 418 114 46 per.
359 418 85 46 c.
401 418 199 46 Praeterea.
558 418 85 46 de
601 418 128 46 spon.
686 418 100 46 Sed
743 418 142 46 dicis:
842 418 171 46 pontifex
956 418 57 46 di

237 460 102 46 cit
296 460 131 46 illud
383 460 218 46 tolerandum:
557 460 131 46 sicut
644 460 145 46 aliqua
746 460 160 46 peccata
862 460 145 46 minora
949 460 58 46 ne

234 504 177 46 deteriora
370 504 191 46 contingant
520 504 68 46 /
547 504 204 46 tolerantur.
711 504 82 46 Et
751 504 95 46 ita
806 504 122 46 tenet
888 504 109 46 glo.
942 504 68 46 or-

228 548 134 42 dina.
317 548 149 42 Contra
421 548 104 42 hoc
481 548 149 42 arguo.
585 548 119 42 hunc
659 548 208 42 contractum
823 548 178 42 pontifex
942 548 74 42 so-

229 591 154 59 cietati
341 591 182 59 comparat.
481 591 112 59 modo
551 591 168 59 societas
677 591 126 59 inita
761 591 98 59 cum
817 591 182 59 vtriusque
943 591 70 59 con

227 635 135 47 sensu
317 635 150 47 potest
422 635 120 47 sine
497 635 165 47 peccato
617 635 195 47 dissolui.
767 635 135 47 Verum
857 635 105 47 hoc
902 635 105 47 argu-

225 681 138 50 mentu
316 681 107 50 non
378 681 199 50 vinceret.
530 681 122 50 quia
607 681 199 50 diceretur
760 681 107 50 non
821 681 122 50 esse
882 681 122 50 omnino

224 725 174 46 simile:
351 725 111 46 sed
414 725 95 46 in
462 725 159 46 aliquo
573 725 143 46 quoad
668 725 254 46 tolerantiam.
858 725 143 46 Secundo

231 771 185 46 arguitur
369 771 92 46 ad
415 771 139 46 idem.
508 771 139 46 Omnis
600 771 108 46 res
662 771 108 46 per
724 771 216 46 quascumque
878 771 123 46 causas

230 815 147 47 oritur
333 815 73 47 /
363 815 103 47 per
421 815 147 47 easdem
524 815 235 47 dissoluitur.
715 815 73 47 &
745 815 103 47 hoc
803 815 88 47 in
833 815 176 47 contracti-

224 857 103 47 bus
283 857 266 47 ratificationem
505 857 325 47 indissolubilitatis
785 857 103 47 non
830 857 177 47 habentibus

223 902 83 51 a
257 902 133 51 deo:
340 902 249 51 quemadmodum
539 902 133 51 sunt
621 902 232 51 sponsalia.
804 902 116 51 sed
854 902 149 51 sponsa-

224 948 103 49 lia
283 948 133 49 etiam
372 948 207 49 categorica
534 948 118 49 sunt
608 948 207 49 huiusmodi.
770 948 162 49 igitur.
888 948 74 49 ⁋
903 948 103 49 Secun

225 991 93 48 da
271 991 216 48 conclusio.
441 991 201 48 Sponsalia
595 991 170 48 possunt
719 991 185 48 dissolui
858 991 124 48 sine
919 991 93 48 pec-

219 1037 116 46 cato
291 1037 144 46 altero
392 1037 246 46 dissentiente.
594 1037 188 46 probatur.
739 1037 144 46 potest
825 1037 188 46 superuenire

216 1081 119 50 noua
291 1081 149 50 causa:
395 1081 119 50 quae
470 1081 90 50 si
515 1081 224 50 occurrisset
694 1081 90 50 in
738 1081 239 50 contractione
917 1081 90 50 spon

225 1123 141 49 salium
324 1123 71 49 /
352 1123 183 49 sponsalia
493 1123 99 49 non
549 1123 169 49 fuissent
676 1123 198 49 contracta:
832 1123 99 49 sed
888 1123 85 49 in
916 1123 85 49 tali

217 1171 117 57 casu
290 1171 161 57 possunt
407 1171 190 57 sponsalia
554 1171 117 57 sine
627 1171 161 57 peccato
744 1171 190 57 dissolui.
875 1171 132 57 igitur.

218 1216 181 44 Secundo
349 1216 197 44 probatur
497 1216 148 44 idem.
596 1216 164 44 aliqui
711 1216 148 44 casus
810 1216 99 44 in
859 1216 132 44 iure
925 1216 82 44 con

227 1258 169 47 ceduntur
354 1258 141 47 liciti
452 1258 84 47 de
494 1258 99 47 non
551 1258 225 47 perficiendis
734 1258 225 47 sponsalibus:
902 1258 99 47 etiam

220 1302 144 44 altero
320 1302 245 44 dissentiente:
522 1302 115 44 ergo
594 1302 187 44 conclusio
739 1302 130 44 vera.
825 1302 144 44 quorum
912 1302 86 44 ali-

211 1350 144 49 quos
301 1350 306 49 enumerabimus.
553 1350 90 49 ⁋
589 1350 180 49 Primus
716 1350 162 49 casus
824 1350 126 49 est
878 1350 126 49 quan-

214 1396 89 45 do
259 1396 133 45 alter
347 1396 207 45 religionem
510 1396 163 45 assumit
628 1396 133 45 etiam
717 1396 118 45 ante
776 1396 222 45 professionem.

223 1436 131 55 patet
311 1436 116 55 per.
383 1436 87 55 c.
427 1436 174 55 Veniens.
557 1436 102 55 qui
615 1436 145 55 cleri.
717 1436 102 55 vel
775 1436 145 55 vouen.
862 1436 145 55 secundum

220 1492 123 42 vnum
296 1492 245 42 intellectum.
495 1492 214 42 Praeterea,
664 1492 230 42 matrimonium
848 1492 123 42 ante
909 1492 92 42 car-

215 1525 152 50 nalem
316 1525 185 50 copulam
451 1525 118 50 per
518 1525 270 50 professionem
737 1525 202 50 dissolui
872 1525 135 50 potest

219 1573 85 48 ex
261 1573 141 48 dictis
360 1573 85 48 in
403 1573 99 48 hac
459 1573 156 48 distin.
573 1573 113 48 quod
643 1573 170 48 alioquin
771 1573 99 48 est
813 1573 184 48 indissolubi

220 1611 108 54 le.
281 1611 108 54 sed
343 1611 138 54 multo
435 1611 138 54 minus
527 1611 200 54 sponsalia
681 1611 185 54 obligant
819 1611 123 54 quam
881 1611 123 54 matri-

213 1661 179 42 monium.
343 1661 179 42 igitur.
473 1661 179 42 Tertio.
604 1661 179 42 aliquis
734 1661 147 42 casus
816 1661 196 42 sponsalium

207 1705 253 57 dissolutionem
415 1705 149 57 parit:
519 1705 104 57 qui
579 1705 89 57 id
623 1705 134 57 minus
713 1705 164 57 videtur
831 1705 134 57 posse
906 1705 89 57 quam

211 1747 206 49 religionis
373 1747 206 49 ingressus,
535 1747 88 49 vt
580 1747 162 49 patebit
697 1747 103 49 per
756 1747 206 49 sequentia:
904 1747 88 49 ergo

213 1792 136 58 etiam
303 1792 121 58 ille
379 1792 106 58 est
439 1792 242 58 admittendus.
636 1792 75 58 ⁋
666 1792 181 58 Secundus
802 1792 151 58 casus:
892 1792 106 58 quan-

202 1835 98 58 do
251 1835 147 58 alter
349 1835 180 58 sponsus
479 1835 114 58 cum
545 1835 131 58 alia
626 1835 212 58 contrahit
790 1835 114 58 per
855 1835 147 58 verba
937 1835 65 58 de

203 1881 209 56 praesenti
364 1881 113 56 vel
428 1881 113 56 per
492 1881 145 56 verba
589 1881 97 56 de
637 1881 161 56 futuro
750 1881 177 56 carnali
862 1881 129 56 copula

203 1928 199 45 subsecuta.
359 1928 85 45 c.
402 1928 85 45 i.
444 1928 85 45 de
487 1928 128 45 spon.
572 1928 156 45 duorum.
686 1928 85 45 Et
729 1928 128 45 patet
814 1928 171 45 ratione.
928 1928 71 45 nam

203 1973 202 52 vinculum
355 1973 151 52 minus
456 1973 202 52 vinculum
607 1973 151 52 maius
708 1973 84 52 &
725 1973 269 52 incompossibile

201 2016 165 48 tollit.
321 2016 75 48 ⁋
351 2016 165 48 Tertius
472 2016 150 48 casus,
577 2016 150 48 quando
682 2016 150 48 certus
787 2016 180 48 terminus
908 2016 90 48 tem-

198 2060 148 55 poris
296 2060 82 55 a
329 2060 213 55 principio
493 2060 230 55 sponsalium
674 2060 213 55 appositus
838 2060 148 55 fuit.
920 2060 82 55 Nam

200 2105 145 50 termino
305 2105 132 50 elapso
398 2105 106 50 ille
464 2105 92 50 per
517 2105 106 50 quem
583 2105 92 50 non
636 2105 132 50 stetit
728 2105 119 50 liber
807 2105 106 50 est:
873 2105 66 50 &
886 2105 106 50 contra

194 2149 102 58 hit
253 2149 131 58 etiam
340 2149 116 58 sine
413 2149 189 58 periurio:
558 2149 102 58 sed
617 2149 146 58 alteri
718 2149 189 58 imponitur
849 2149 146 58 poeniten

196 2197 97 53 tia
251 2197 83 53 de
293 2197 180 53 periurio.
431 2197 124 53 patet
514 2197 83 53 in
556 2197 124 53 eodem
639 2197 152 53 titulo.
749 2197 83 53 c.
791 2197 124 53 Sicut
874 2197 83 53 ex
901 2197 97 53 lite-

192 2240 120 43 ris.
267 2240 195 43 Signanter
417 2240 165 43 dicitur
537 2240 90 43 (a
582 2240 195 43 principio
731 2240 225 43 sponsalium)
896 2240 90 43 quia

193 2281 90 47 si
238 2281 180 47 fuissent
373 2281 195 47 sponsalia
523 2281 75 47 a
553 2281 195 47 principio
704 2281 210 47 categorice
854 2281 135 47 contra-

186 2325 123 50 cta,
263 2325 77 50 &
294 2325 154 50 postea
402 2325 93 50 de
448 2325 108 50 die
509 2325 201 50 nuptiarum
664 2325 262 50 conuenissent:
880 2325 108 50 per
926 2325 77 50 la-

179 2369 135 60 psum:
269 2369 150 60 illius
374 2369 120 60 diei
449 2369 105 60 non
509 2369 195 60 liberatur
659 2369 150 60 alter.
764 2369 75 60 ⁋
794 2369 180 60 Quartus.
914 2369 90 60 quam

183 2415 98 49 do
232 2415 147 49 alter
329 2415 163 49 lepram
444 2415 114 49 aut
509 2415 212 49 paralysim
672 2415 212 49 incurrit:
835 2415 114 49 aut
884 2415 114 49 visum

180 2462 105 58 vel
240 2462 135 58 nasum
330 2462 180 58 amittit:
465 2462 105 58 aut
525 2462 90 58 ei
570 2462 165 58 aliquid
690 2462 165 58 turpius
810 2462 150 58 euenit
900 2462 90 58 post

168 2503 205 56 sponsalia.
329 2503 132 56 patet
417 2503 102 56 in.
476 2503 88 56 c.
520 2503 176 56 Literas.
651 2503 88 56 de
695 2503 146 56 coniu.
798 2503 146 56 lepro.
900 2503 88 56 Et
929 2503 59 56 in

165 2546 99 49 c.
214 2546 264 49 Quemadmodum.
428 2546 99 49 de
478 2546 231 49 iureiuran.
659 2546 198 49 Notanter
808 2546 148 49 (post
890 2546 99 49 spon

166 2591 138 56 salia)
263 2591 110 56 quia
332 2591 124 56 secus
415 2591 97 56 est
470 2591 83 56 si
511 2591 110 56 ante
580 2591 179 56 sponsalia
718 2591 138 56 vitium
815 2591 110 56 tale
870 2591 124 56 inerat.

170 2628 85 65 Et
212 2628 127 65 ratio
297 2628 141 65 istius
396 2628 127 65 casus
481 2628 113 65 est:
551 2628 113 65 quia
622 2628 85 65 si
664 2628 127 65 istud
749 2628 141 65 vitium
848 2628 71 65 a
862 2628 127 65 princi-

163 2682 101 47 pio
220 2682 202 47 affuisset:
379 2682 173 47 fictione
509 2682 130 47 iuris
595 2682 144 47 obicem
696 2682 216 47 sponsalibus
855 2682 130 47 praesti

155 2721 147 59 tisset.
261 2721 80 59 Si
301 2721 120 59 dicas
381 2721 107 59 quod
448 2721 107 59 non:
514 2721 107 59 tunc
581 2721 120 59 alter
661 2721 133 59 vitium
754 2721 93 59 non
807 2721 133 59 habens
887 2721 107 59 potest

154 2768 227 69 matrimonium
335 2768 212 69 perficere.
501 2768 91 69 si
547 2768 121 69 ergo
622 2768 151 69 vitium
728 2768 106 69 non
788 2768 151 69 habens
879 2768 121 69 retro

1067 373 144 59 cedit,
1167 373 72 59 &
1196 373 100 59 non
1253 373 158 59 constat
1368 373 129 59 quare
1454 373 158 59 aliunde
1569 373 172 59 decedit:
1698 373 144 59 signum
1784 373 72 59 est

1081 424 115 48 quod
1152 424 143 48 vitium
1253 424 129 48 illud
1339 424 229 48 impedimentum
1525 424 215 48 sponsalibus
1697 424 172 48 dedisset
1812 424 43 48 a

1073 471 188 54 principio
1217 471 87 54 si
1261 471 203 54 affuisset.
1420 471 72 54 ⁋
1449 471 159 54 Quintus
1565 471 145 54 casus:
1666 471 145 54 quando
1753 471 101 54 alter

1071 511 204 48 fornicatur
1232 511 73 48 /
1261 511 102 48 quo
1320 511 88 48 ad
1363 511 219 48 innocentem.
1539 511 117 48 ille
1612 511 117 48 enim
1685 511 102 48 qui
1729 511 131 48 fornica

1076 555 89 47 tus
1127 555 89 47 est
1178 555 89 47 non
1229 555 128 47 potest
1319 555 153 47 resilite
1434 555 77 47 si
1472 555 115 47 alter
1549 555 153 47 innocens
1664 555 115 47 velit
1740 555 89 47 cum
1778 555 77 47 ipso

1087 602 84 54 vel
1135 602 96 54 ipsa
1195 602 180 54 contrahere.
1338 602 108 54 patet
1410 602 96 54 per.
1470 602 72 54 c.
1506 602 84 54 ii.
1554 602 72 54 de
1590 602 144 54 transsa.
1697 602 132 54 praela.
1781 602 84 54 etiam

1073 635 84 67 si
1115 635 195 67 fornicatio
1268 635 125 67 esset
1352 635 167 67 violenta
1477 635 97 67 cum
1533 635 111 67 tali
1602 635 167 67 cognita.
1714 635 139 67 Plerique

1079 686 112 59 enim
1149 686 112 59 sunt
1219 686 98 59 qui
1275 686 126 59 nullo
1358 686 112 59 modo
1428 686 195 59 contrahere
1582 686 70 59 /
1610 686 70 59 &
1624 686 223 59 rationabiliter

1085 731 150 49 nollent
1195 731 96 49 cum
1249 731 123 49 tali.
1332 731 96 49 hoc
1386 731 137 49 potest
1482 731 123 49 etiam
1564 731 192 49 contingere
1715 731 82 49 si
1742 731 123 49 tempore

1074 771 269 54 desponsationis
1298 771 120 54 erat
1373 771 180 54 corrupta
1508 771 120 54 quam
1583 771 180 54 virginem
1702 771 150 54 putabat.

1076 821 100 43 nam
1133 821 143 43 potest
1233 821 114 43 esse
1304 821 114 43 quod
1376 821 129 43 nolit
1461 821 171 43 bigamiam
1590 821 71 43 &
1618 821 129 43 illam
1704 821 143 43 poenam
1790 821 71 43 ca-

1072 862 161 62 nonicam
1189 862 204 62 incurrere.
1350 862 102 62 vel
1408 862 117 62 sine
1481 862 102 62 hoc
1539 862 73 62 /
1569 862 117 62 vult
1642 862 146 62 castam
1744 862 73 62 &
1758 862 88 62 inco

1074 914 145 55 gnitam.
1179 914 66 55 ⁋
1206 914 132 55 Sextus
1298 914 132 55 casus,
1391 914 132 55 quando
1483 914 119 55 alter
1562 914 92 55 est
1615 914 198 55 haereticus.
1761 914 92 55 Haere

1076 957 88 50 sis
1127 957 101 50 enim
1190 957 88 50 est
1241 957 177 50 fornicatio
1380 957 202 50 spiritualis.
1544 957 139 50 xxviii.
1645 957 76 50 q.
1683 957 76 50 i.
1721 957 76 50 c.
1759 957 88 50 Non
1796 957 51 50 so

1064 994 129 52 lum.
1144 994 97 52 &.
1193 994 97 52 c.
1241 994 113 52 lam
1305 994 145 52 nunc.
1402 994 80 52 ⁋
1434 994 193 52 Septimus
1579 994 161 52 casus,
1691 994 97 52 in
1723 994 129 52 sponsa

1079 1039 127 57 libus
1164 1039 268 57 conditionalibus
1389 1039 198 57 deficiente
1545 1039 212 57 conditione:
1714 1039 85 57 vt
1756 1039 85 57 si
1784 1039 71 57 mu-

1068 1083 127 64 lier
1147 1083 206 64 promittat
1306 1083 143 64 dotem
1401 1083 127 64 quam
1480 1083 127 64 dare
1559 1083 174 64 nequit.
1686 1083 79 64 ⁋
1702 1083 143 64 Octauus

1076 1133 130 46 casus
1162 1133 101 46 est
1220 1133 86 46 ob
1263 1133 230 46 affinitatem.
1450 1133 86 46 vt
1493 1133 86 46 si
1536 1133 158 46 sponsus
1637 1133 216 46 consanguineam

1070 1170 149 63 sponsae
1179 1170 190 63 cognoscat,
1328 1170 95 63 vel
1382 1170 203 63 econtrario.
1545 1170 136 63 xxvii.
1640 1170 81 63 q.
1680 1170 95 63 ii.
1735 1170 81 63 Si
1762 1170 81 63 quis

1062 1223 176 45 sponsam.
1194 1223 88 45 de
1238 1223 88 45 eo
1282 1223 102 45 qui
1341 1223 146 45 cogno.
1443 1223 161 45 consan.
1560 1223 117 45 vxo.
1633 1223 102 45 su.
1692 1223 88 45 c.
1736 1223 88 45 Ex
1765 1223 88 45 lite

1061 1265 107 55 ris.
1128 1265 94 55 Non
1181 1265 121 55 autem
1262 1265 81 55 ob
1302 1265 161 55 publicae
1423 1265 188 55 honestatis
1571 1265 188 55 iustitiam.
1719 1265 121 55 ratio
1786 1265 67 55 est

1074 1310 122 58 quia
1150 1310 107 58 per
1211 1310 199 58 sponsalia
1364 1310 138 58 primo
1456 1310 199 58 contracta
1609 1310 122 58 fuit
1685 1310 138 58 primo
1761 1310 92 58 indu

1073 1354 100 55 cta
1130 1354 171 55 publicae
1258 1354 200 55 honestatis
1416 1354 186 55 iustitia:
1558 1354 114 55 ergo
1630 1354 100 55 par
1687 1354 129 55 ratio
1758 1354 86 55 indu

1060 1397 105 52 cta
1120 1397 105 52 non
1180 1397 150 52 potest
1286 1397 105 52 eam
1346 1397 180 52 tollere.
1481 1397 75 52 ⁋
1511 1397 135 52 Nonus
1601 1397 135 52 casus
1692 1397 90 52 ob
1722 1397 135 52 ordinis

1067 1438 120 58 sacri
1147 1438 227 58 susceptionem.
1333 1438 133 58 xxvii.
1427 1438 80 58 q.
1467 1438 93 58 ii.
1520 1438 80 58 c.
1560 1438 160 58 Scribit.
1680 1438 80 58 S.
1720 1438 120 58 Ecce.
1786 1438 67 58 se-

1063 1493 107 51 cus
1124 1493 107 51 est
1185 1493 91 51 de
1230 1493 228 51 matrimonio.
1413 1493 91 51 vt
1458 1493 91 51 ex
1504 1493 274 51 praecedentibus
1717 1493 137 51 patuit.

1071 1531 81 52 ⁋
1103 1531 179 52 Decimus
1233 1531 163 52 casus.
1347 1531 98 52 si
1396 1531 179 52 sponsus
1526 1531 98 52 se
1575 1531 98 52 ad
1624 1531 163 52 remota
1722 1531 130 52 trans-

1066 1574 135 43 fert:
1156 1574 195 43 sponsalia
1305 1574 135 43 etiam
1395 1574 195 43 iuramento
1545 1574 165 43 firmata
1665 1574 120 43 sunt
1724 1574 135 43 dissol-

1061 1617 134 54 uenda
1151 1617 75 54 a
1180 1617 179 54 muliere:
1314 1617 89 54 si
1359 1617 104 54 per
1419 1617 104 54 eam
1478 1617 104 54 non
1538 1617 149 54 stetit
1642 1617 119 54 quin
1702 1617 149 54 matrimo-

1063 1659 112 66 nium
1133 1659 237 66 compleuisset.
1328 1659 84 66 de
1370 1659 126 66 spon.
1454 1659 84 66 c.
1495 1659 84 66 De
1537 1659 139 66 illis.
1635 1659 84 66 Et
1677 1659 126 66 licet
1746 1659 98 66 ponam

1070 1712 98 43 tur
1126 1712 112 43 tres
1196 1712 112 43 anni
1266 1712 168 43 secundum
1391 1712 140 43 leges.
1489 1712 98 43 vt.
1545 1712 84 43 C.
1587 1712 84 43 de
1629 1712 126 43 repu.
1712 1712 84 43 l.
1754 1712 84 43 ii
1782 1712 70 43 non

1063 1754 128 47 tamen
1148 1754 99 47 est
1205 1754 156 47 necesse
1318 1754 99 47 sic
1375 1754 199 47 expectare:
1532 1754 99 47 sed
1588 1754 85 47 ad
1631 1754 185 47 arbitrium
1759 1754 85 47 iudi

1064 1804 98 48 cis
1120 1804 168 48 secundum
1246 1804 196 48 exigentiam
1400 1804 126 48 casus
1484 1804 70 48 /
1512 1804 140 48 tempus
1610 1804 98 48 est
1652 1804 196 48 abbreuiandum

1068 1845 116 52 vel
1135 1845 266 52 prorogandum.
1351 1845 149 52 Casus
1450 1845 116 52 hos
1517 1845 166 52 tangit
1633 1845 166 52 glossa
1749 1845 100 52 in
1783 1845 66 52 di

1074 1885 106 65 cto.
1140 1885 80 65 c.
1180 1885 80 65 De
1220 1885 133 65 illis.
1312 1885 66 65 &
1339 1885 133 65 patent
1432 1885 80 65 in
1472 1885 93 65 his
1525 1885 199 65 versiculis.
1684 1885 119 65 Lepra
1750 1885 106 65 super:

1052 1935 177 56 ueniens,
1185 1935 148 56 furor,
1289 1935 133 56 ordo,
1377 1935 177 56 sanguis,
1510 1935 74 56 &
1540 1935 163 56 absens:
1658 1935 177 56 Laesaque
1776 1935 74 56 vir

1059 1977 179 53 ginitas:
1193 1977 149 53 membri
1298 1977 164 53 dannum:
1417 1977 134 53 minor
1506 1977 149 53 aetas,
1611 1977 89 53 Ac
1655 1977 179 53 heresis:
1774 1977 75 53 la-

1064 2025 144 49 psus,
1160 2025 144 49 fidei
1256 2025 208 49 remissio,
1416 2025 176 49 prorsus
1545 2025 176 49 Sponsos
1657 2025 192 49 dissoluunt

1059 2071 75 54 &
1089 2071 120 54 vota
1164 2071 150 54 futura
1269 2071 225 54 retractant.
1449 2071 180 54 Breuiter
1585 2071 105 54 tot
1645 2071 135 54 casus
1720 2071 120 54 super:

1057 2109 161 56 uenire
1170 2109 177 56 possunt
1299 2109 97 56 vt
1347 2109 210 56 enumerari
1508 2109 210 56 nequeant.
1670 2109 113 56 Sed
1734 2109 97 56 in
1766 2109 81 56 hac

1052 2155 193 51 theorica
1197 2155 177 51 standum
1326 2155 113 51 est
1390 2155 113 51 qua
1455 2155 97 51 in
1503 2155 129 51 tota
1583 2155 177 51 materia
1696 2155 145 51 vtimur.

1058 2196 133 55 Casus
1147 2196 119 55 ille
1221 2196 119 55 post
1295 2196 193 55 sponsalia
1444 2196 178 55 eueniens
1577 2196 252 55 dissolutionem
1770 2196 74 55 eo-

1055 2244 149 64 rundem
1159 2244 179 64 inducit:
1294 2244 104 64 qui
1353 2244 89 64 si
1398 2244 194 64 affuisset
1547 2244 89 64 in
1592 2244 194 64 principio
1726 2244 119 64 sponsa

1061 2283 114 65 lium
1132 2283 71 65 /
1160 2283 128 65 eadem
1245 2283 156 65 iudicio
1359 2283 185 65 prudentum
1501 2283 241 65 impediuisset.
1700 2283 85 65 Et
1728 2283 114 65 quando

1057 2338 136 57 causa
1147 2338 106 57 est
1208 2338 166 57 notoria
1329 2338 106 57 vel
1389 2338 196 57 sponsalia
1540 2338 121 57 sunt
1616 2338 166 57 penitus
1721 2338 121 57 occul-

1061 2375 94 54 ta:
1114 2375 202 54 auctoritate
1276 2375 148 54 propria
1383 2375 135 54 potest
1478 2375 175 54 resilire:
1612 2375 81 54 in
1653 2375 108 54 casu
1720 2375 121 54 autem
1787 2375 54 54 du

1055 2420 100 49 bio
1112 2420 187 49 ecclesiae
1256 2420 215 49 auctoritate
1428 2420 187 49 separatio
1571 2420 129 49 fieri
1657 2420 144 49 debet.
1744 2420 100 49 patet

1056 2467 126 52 per.
1135 2467 94 52 c.
1182 2467 94 52 Si
1229 2467 110 52 duo
1292 2467 157 52 pueri.
1402 2467 94 52 de
1449 2467 173 52 despon.
1574 2467 173 52 impube.
1700 2467 78 52 ⁋
1715 2467 126 52 Tertia

1056 2512 213 44 conclusio.
1223 2512 198 44 Sponsalia
1375 2512 106 44 non
1436 2512 167 44 possunt
1557 2512 182 44 dissolui
1694 2512 122 44 sine
1755 2512 91 44 pec-

1057 2561 113 50 cato
1127 2561 113 50 nisi
1198 2561 99 50 vbi
1254 2561 197 50 interuenit
1409 2561 127 50 causa
1494 2561 70 50 /
1522 2561 113 50 quae
1592 2561 85 50 ab
1635 2561 141 50 initio
1733 2561 85 50 ea
1762 2561 70 50 iu-

1058 2597 141 50 dicio
1152 2597 203 50 prudentis
1308 2597 266 50 impediuisset.
1527 2597 203 50 probatur.
1668 2597 172 50 quaelibet

1061 2646 202 44 promissio
1217 2646 217 44 deliberata
1387 2646 78 44 &
1418 2646 248 44 rationabilis
1620 2646 109 44 est
1666 2646 171 44 seruanda.

1053 2692 91 54 de
1098 2692 137 54 pact.
1189 2692 91 54 c.
1235 2692 91 54 i.
1280 2692 106 54 vbi
1341 2692 182 54 dicitur.
1478 2692 197 54 Antigonus
1630 2692 197 54 episcopus
1766 2692 76 54 di-

1059 2735 122 44 xit.
1135 2735 76 44 &
1166 2735 153 44 infra.
1273 2735 107 44 Aut
1334 2735 138 44 inita
1425 2735 138 44 pacta
1517 2735 122 44 suam
1594 2735 199 44 obtineant
1731 2735 107 44 firmi

1053 2778 148 63 tatem:
1157 2778 104 63 aut
1216 2778 193 63 conuentus
1364 2778 89 63 si
1409 2778 89 63 se
1453 2778 104 63 non
1512 2778 207 63 cohibuerit
1675 2778 74 63 /
1690 2778 148 63 ecclesia
