2316 3332
484 357 147 62 sticam
587 357 162 62 sentiat
705 357 236 62 disciplinam.
897 357 133 62 Pacta
985 357 118 62 enim
1059 357 177 62 legitima
1177 357 88 62 quae

487 417 131 51 neque
575 417 116 51 dolo
647 417 116 51 malo
720 417 73 51 /
749 417 131 51 neque
836 417 174 51 aduersus
966 417 131 51 leges
1053 417 73 51 /
1082 417 131 51 neque
1155 417 116 51 quibus

502 451 125 57 fraus
586 451 139 57 alicui
683 451 111 57 fiat
753 451 125 57 facta
836 451 125 57 sunt,
920 451 167 57 seruabo.
1045 451 97 57 ait
1101 451 167 57 praetor.
1212 451 56 57 ff

503 503 78 62 de
542 503 103 62 pac.
607 503 78 62 l.
645 503 129 62 Iluris
736 503 155 62 gentium.
852 503 78 62 S.
891 503 91 62 Ait
930 503 129 62 praetor.

481 551 108 95 ⁋
525 551 217 95 Contra
676 551 217 95 primam
828 551 347 95 conclusionem
1089 551 173 95 argui-

503 629 92 54 tur
555 629 105 54 per.
621 629 79 54 l.
660 629 79 54 i.
700 629 118 54 itur.
778 629 79 54 Ex
818 629 131 54 quibus
910 629 105 54 cau.
975 629 118 54 infa.
1054 629 118 54 irro.
1133 629 92 54 vbi
1172 629 105 54 sponsa

491 674 184 57 efficitur
633 674 156 57 infamis
746 674 85 57 si
789 674 113 57 bina
860 674 184 57 sponsalia
1001 674 199 57 contrahat.
1143 674 128 57 Respon-

500 723 150 51 detur.
605 723 105 51 hoc
665 723 105 51 est
726 723 150 51 verum:
831 723 120 51 nisi
906 723 150 51 primis
1011 723 226 51 sponsalibus
1177 723 105 51 renun

504 760 120 57 ciet.
584 760 80 57 vt
624 760 133 57 patet.
717 760 80 57 l.
757 760 80 57 i.
797 760 80 57 C.
837 760 80 57 de
877 760 120 57 spon.
957 760 93 57 vbi
1010 760 160 57 dicitur.
1130 760 93 57 Vni
1170 760 107 57 despon

502 808 112 58 sata
572 808 140 58 alteri
670 808 140 58 nubere
767 808 98 58 non
823 808 209 58 prohibetur.
991 808 70 58 ⁋
1019 808 154 58 Secundo
1116 808 154 58 arguitur.

500 864 110 44 per
563 864 235 44 matrimonium
751 864 173 44 sequens
877 864 78 44 /
908 864 204 44 sponsalia
1050 864 235 44 dissoluuntur.

501 905 91 45 vt
546 905 152 45 videre
653 905 107 45 est
714 905 91 45 in
760 905 152 45 secudo
866 905 122 45 casu
942 905 137 45 prius
1033 905 198 45 recitato.
1186 905 76 45 ⁋
1201 905 76 45 Re-

489 941 215 55 spondetur.
658 941 108 55 hic
719 941 185 55 ponuntur
858 941 123 55 duae
935 941 185 55 regulae.
1073 941 154 55 quarum
1165 941 108 55 Prior

491 987 124 54 est.
569 987 155 54 quando
678 987 124 54 sunt
755 987 109 54 duo
817 987 171 54 vincula
942 987 310 54 incompossibilia:
1205 987 78 54 a
1221 987 62 54 mi

489 1032 121 58 nore
565 1032 167 58 vinculo
686 1032 136 58 maius
777 1032 197 58 absoluit.
928 1032 91 58 vt
974 1032 106 58 est
1034 1032 91 58 in
1080 1032 167 58 materia
1186 1032 91 58 prae

497 1075 178 47 ceptorum
631 1075 89 47 de
676 1075 178 47 obligato
809 1075 164 47 seruare
928 1075 149 47 vitam:
1032 1075 74 47 &
1062 1075 178 47 obligato
1181 1075 104 47 ieiu-

490 1123 121 52 nare
565 1123 106 52 qui
626 1123 106 52 est
686 1123 197 52 infirmus.
838 1123 106 52 cum
898 1123 121 52 vero
974 1123 121 52 sunt
1034 1123 242 52 compossibilia.

491 1168 190 52 vtrumque
634 1168 238 52 seruabitur.
824 1168 79 52 ⁋
855 1168 174 52 Secunda
982 1168 174 52 regula.
1109 1168 158 52 quando
1204 1168 79 52 vin

490 1213 122 53 cula
566 1213 289 53 incompossibilia
809 1213 122 53 sunt
885 1213 182 53 aequalis
1022 1213 213 53 ligaminis:
1174 1213 106 53 prius

495 1256 109 47 est
558 1256 202 47 seruandum
713 1256 202 47 propterea
869 1256 109 47 cum
931 1256 156 47 duabus
1040 1256 218 47 successiue
1196 1256 78 47 con

503 1295 152 46 trahens
614 1295 69 46 /
641 1295 138 46 priori
738 1295 207 46 adhaerebit:
904 1295 124 46 licet
987 1295 138 46 iurata
1084 1295 152 46 fuerint
1180 1295 97 46 spon-

494 1341 130 55 salia
580 1341 173 55 secunda.
710 1341 86 55 Et
753 1341 130 55 ratio
839 1341 115 55 est:
911 1341 115 55 quia
983 1341 101 55 per
1041 1341 216 55 iusiurandum
1199 1341 72 55 non

494 1387 235 52 egrediuntur
683 1387 173 52 limites
808 1387 220 52 contractus
981 1387 235 52 sponsalium:
1169 1387 78 52 &
1185 1387 94 52 iura

490 1439 153 45 mentum
597 1439 107 45 est
658 1439 214 45 illicitum:
827 1439 214 45 quapropter
995 1439 107 45 non
1056 1439 107 45 est
1102 1439 184 45 seruandum:

498 1474 117 44 nisi
572 1474 146 44 fuerit
674 1474 117 44 vnus
747 1474 132 44 casus
835 1474 88 44 in
879 1474 102 44 quo
938 1474 73 44 a
967 1474 190 44 prioribus
1113 1474 132 44 licet
1187 1474 102 44 disce

504 1521 124 53 dere
582 1521 249 53 sponsalibus.
784 1521 156 53 semper
893 1521 140 53 illum
987 1521 187 53 excipio.
1126 1521 93 53 Ex
1173 1521 109 53 quo
1220 1521 62 53 pa

499 1563 103 55 tet
558 1563 117 55 quod
631 1563 132 55 votum
719 1563 161 55 simplex
836 1563 191 55 sponsalia
983 1563 205 55 praecedens
1144 1563 132 55 etiam
1217 1563 59 55 iu

495 1609 165 56 ramento
615 1609 165 56 firmata
736 1609 75 56 /
766 1609 165 56 impedit
886 1609 105 56 ea.
946 1609 135 56 casus
1036 1609 105 56 est
1097 1609 90 56 in
1142 1609 120 56 cap.
1202 1609 75 56 Rur

496 1652 109 54 sus.
565 1652 96 54 qui
619 1652 137 54 cleri.
715 1652 96 54 vel
770 1652 137 54 vouen.
866 1652 192 54 iuramentum
1016 1652 109 54 enim
1085 1652 96 54 est
1126 1652 150 54 illicitum

493 1702 100 48 cum
550 1702 128 48 iurat
635 1702 114 48 quis
707 1702 143 48 facere
806 1702 114 48 quod
878 1702 100 48 non
935 1702 157 48 potest:
1049 1702 128 48 quare
1134 1702 100 48 non
1177 1702 100 48 obli-

496 1747 111 53 gat
560 1747 206 53 iurantem.
718 1747 111 53 Sed
782 1747 95 53 si
829 1747 206 53 sponsalia
988 1747 159 53 iurata
1099 1747 143 53 votum
1178 1747 111 53 prae-

496 1791 197 51 cesserint:
651 1791 141 51 potest
750 1791 155 51 defendi
862 1791 113 51 quod
933 1791 127 51 votum
1017 1791 99 51 non
1074 1791 183 51 dissoluit
1200 1791 85 51 spon

497 1833 122 48 salia
579 1833 122 48 illa.
660 1833 149 48 Tenendo
769 1833 122 48 autem
850 1833 109 48 quod
918 1833 122 48 votum
1000 1833 68 48 &
1027 1833 190 48 iuramentum
1176 1833 136 48 aequa-

495 1876 138 53 liter
587 1876 199 53 obligant:
740 1876 138 53 prius
832 1876 168 53 ligamen
954 1876 123 53 erat
1031 1876 153 53 maius:
1138 1876 138 53 licet
1214 1876 77 53 op-

502 1928 168 45 positum
624 1928 107 45 sit
685 1928 275 45 rationabilius:
914 1928 122 45 quia
990 1928 122 45 vnum
1066 1928 92 45 ex
1112 1928 137 45 parte
1188 1928 92 45 obie

496 1968 101 54 cti
553 1968 187 54 praestat:
697 1968 173 54 scilicet
827 1968 130 54 votum
913 1968 86 54 de
957 1968 216 54 continentia
1130 1968 187 54 seruanda:

499 2008 115 56 quae
570 2008 187 56 castitati
714 2008 187 56 coniugali
858 2008 101 56 est
915 2008 230 56 anteferenda.
1102 2008 172 56 Vlterius
1217 2008 72 56 se-

501 2057 153 51 quitur
608 2057 123 51 quod
685 2057 230 51 matrimonium
868 2057 92 51 de
914 2057 199 51 praesenti
1068 2057 123 51 ante
1129 2057 153 51 carnalem

491 2103 176 53 copulam
619 2103 144 53 omnia
714 2103 207 53 sponsalia
874 2103 176 53 soluit:
1002 2103 112 53 sed
1066 2103 128 53 ista
1145 2103 112 53 per
1209 2103 112 53 ma-

500 2148 222 45 trimonium
671 2148 256 45 consummatum
876 2148 120 45 non
944 2148 239 45 tolluntur:
1132 2148 103 45 vt
1166 2148 120 45 supe-

498 2197 130 46 rius
579 2197 162 46 dictum
692 2197 130 46 est.
773 2197 195 46 Secundum
919 2197 130 46 enim
1000 2197 113 46 non
1065 2197 113 46 est
1130 2197 146 46 maius
1211 2197 81 46 vin

511 2234 152 55 culum:
617 2234 122 55 immo
693 2234 106 55 non
754 2234 106 55 est
815 2234 198 55 vinculum:
967 2234 106 55 sed
1028 2234 137 55 purum
1119 2234 137 55 nihil
1195 2234 91 55 post

516 2281 138 49 verum
608 2281 184 49 vinculum
746 2281 77 49 /
776 2281 123 49 quod
853 2281 123 49 solo
929 2281 107 49 vno
991 2281 123 49 modo
1067 2281 138 49 solui
1144 2281 138 49 potest.

504 2324 78 50 ⁋
536 2324 157 50 Tertio
645 2324 204 50 arguitur,
802 2324 204 50 contrahat
959 2324 157 50 Petrus
1069 2324 204 50 sponsalia
1210 2324 78 50 cum

500 2369 164 41 duabus
615 2369 164 41 simul,
730 2369 164 41 postea
845 2369 115 41 cum
911 2369 132 41 vna:
993 2369 115 41 iam
1059 2369 181 41 secunda
1174 2369 115 41 spon-

510 2410 137 56 salia
601 2410 107 56 non
662 2410 244 56 dissoluuntur
860 2410 107 56 per
921 2410 152 56 prima.
1027 2410 122 56 ergo
1103 2410 122 56 male
1164 2410 122 56 dictum

503 2460 129 50 est.
583 2460 242 50 Respondetur
777 2460 225 50 concedendo
954 2460 129 50 quod
1034 2460 177 50 secunda
1163 2460 113 50 per
1211 2460 81 50 pri

500 2502 96 43 ma
548 2502 112 43 non
612 2502 272 43 dissoluuntur:
836 2502 128 43 quia
917 2502 144 43 prima
1013 2502 112 43 non
1077 2502 128 43 sunt
1141 2502 144 43 sponsa-

509 2543 128 56 lia:
589 2543 80 56 &
621 2543 112 56 hoc
685 2543 96 56 si
732 2543 144 56 ambae
828 2543 239 56 consentiant
1020 2543 160 56 simul:
1131 2543 128 56 nemo
1195 2543 96 56 enim

506 2591 158 53 potest
617 2591 158 53 habere
728 2591 127 53 duas
807 2591 222 53 cmuniuges.
981 2591 95 53 si
1029 2591 143 53 autem
1124 2591 143 53 solum
1203 2591 79 53 vna

503 2636 225 49 consentiat:
683 2636 105 49 cum
743 2636 120 49 illa
818 2636 210 49 contrahet.
982 2636 90 49 si
1027 2636 150 49 neutra
1117 2636 165 49 consensit

509 2678 177 49 secunda
638 2678 113 49 est
702 2678 97 49 ei
751 2678 161 49 sponsa
864 2678 113 49 cum
928 2678 113 49 qua
993 2678 194 49 manebit.
1138 2678 81 49 ⁋
1154 2678 129 49 Quarto

520 2726 184 55 arguitur
658 2726 153 55 contra
765 2726 153 55 eandem
872 2726 261 55 conclusionem.
1087 2726 169 55 ponendo
1194 2726 92 55 quod

512 2770 154 63 Petrus
619 2770 108 63 cum
681 2770 154 63 priore
789 2770 108 63 sub
851 2770 108 63 hac
912 2770 139 63 forma
1005 2770 216 63 contraxit,
1159 2770 123 63 nullam

1324 352 140 63 aliam
1417 352 109 63 abs
1479 352 93 63 te
1525 352 155 63 vnquam
1634 352 171 63 habebo:
1758 352 78 63 &
1789 352 109 63 cum
1851 352 171 63 secunda
1975 352 109 63 sub
2021 352 93 63 for-

1325 408 97 53 ma
1373 408 195 53 communi.
1520 408 130 53 illo
1601 408 130 53 casu
1682 408 211 53 supposito
1844 408 162 53 potest
1958 408 114 53 cum
2006 408 114 53 secun

1330 453 92 55 da
1376 453 168 55 manere,
1498 453 122 55 quod
1574 453 153 55 probo:
1681 453 122 55 quia
1757 453 107 55 non
1818 453 183 55 cotraxit
1940 453 168 55 sponsalia

1328 500 111 53 cum
1392 500 174 53 priore:
1518 500 159 53 quippe
1629 500 111 53 per
1693 500 143 53 illam
1788 500 206 53 negatiuam
1931 500 174 53 sponsalia

1331 545 98 48 non
1387 545 196 48 contraxit:
1541 545 98 48 sed
1597 545 154 48 poterat
1709 545 140 48 licite
1808 545 112 48 tota
1878 545 112 48 illa
1934 545 182 48 promissione

1330 590 195 56 admissa,
1476 590 195 56 perpetuo
1622 590 195 56 caelibem
1769 590 163 56 ducere
1882 590 163 56 vitam.
1980 590 130 56 Respon

1334 632 158 59 detur.
1445 632 237 59 contrahendo
1634 632 205 59 sponsalia
1792 632 111 59 cum
1855 632 174 59 secunda
1966 632 142 59 peccat,

1334 676 295 50 contraueniendo
1579 676 115 50 suo
1645 676 213 50 promisso:
1808 676 115 50 non
1874 676 147 50 tamen
1955 676 164 50 promisso

1331 725 95 51 ad
1379 725 205 51 sponsalia
1536 725 252 51 sufficienti:
1741 725 110 51 cum
1804 725 110 51 sit
1868 725 126 51 pure
1931 725 189 51 negatiuum.

1347 765 138 48 Secus
1438 765 107 48 est
1500 765 92 48 de
1545 765 183 48 negatiua
1683 765 244 48 affirmatiuam
1882 765 107 48 non
1927 765 199 48 necessariam

1335 810 203 54 intrinsece
1495 810 203 54 inferente:
1655 810 87 54 vt
1698 810 87 54 de
1742 810 131 54 tali,
1829 810 145 54 nullam
1930 810 174 54 mulierem
2046 810 73 54 ca-

1337 860 107 54 piam
1404 860 147 54 praeter
1511 860 80 54 te
1551 860 94 54 vel
1605 860 107 54 nisi
1672 860 94 54 te.
1725 860 107 54 quae
1792 860 134 54 infert
1886 860 121 54 hanc,
1967 860 134 54 capiam
2047 860 67 54 te-

1333 901 84 50 ⁋
1367 901 134 50 Ecce
1450 901 184 50 quomodo
1584 901 218 50 sponsalia
1752 901 117 50 per
1819 901 218 50 vtriusque
1969 901 151 50 consen-

1342 947 104 47 sum
1402 947 179 47 dissolui
1536 947 149 47 licite
1640 947 179 47 possunt:
1774 947 75 47 &
1804 947 104 47 vno
1864 947 238 47 dissentiente
2042 947 75 47 in-

1336 990 154 54 terdum
1443 990 154 54 licite
1551 990 200 54 soluuntur
1704 990 154 54 quando
1812 990 138 54 causa
1904 990 184 54 occurrit
2027 990 92 54 post

1343 1031 101 52 psa
1400 1031 202 52 contracta,
1559 1031 115 52 quae
1631 1031 86 52 si
1674 1031 72 52 a
1703 1031 187 52 principio
1846 1031 202 52 infuisset:
1990 1031 130 52 contra:

1334 1085 132 44 ctum
1416 1085 231 44 sponsalium
1597 1085 263 44 prohibuisset
1811 1085 181 44 iudicio
1926 1085 198 44 prudentum.

1332 1121 194 46 interdum
1477 1121 97 46 ab
1526 1121 113 46 eis
1590 1121 226 46 disceditur
1768 1121 97 46 de
1816 1121 145 46 facto
1913 1121 113 46 cum
1962 1121 161 46 peccato.

1342 1167 124 54 ltem
1419 1167 108 54 per
1481 1167 185 54 vinculum
1619 1167 139 54 maius
1712 1167 139 54 eorum
1805 1167 108 54 fit
1867 1167 232 54 dissolutio:
2036 1167 93 54 quia

1337 1210 184 55 semperi
1471 1210 101 55 in
1522 1210 201 55 vinculis
1672 1210 352 55 incompossibilibus
1957 1210 168 55 vinculum

1337 1254 145 68 minus
1434 1254 194 68 tollitur
1579 1254 113 68 per
1628 1254 129 68 maius.

1321 1304 115 92 ⁋
1367 1304 390 92 Distinctionis
1666 1304 436 92 Vigesimaeseptimae

1514 1377 274 92 Quaestio
1697 1377 183 92 Sexta.

1731 1442 239 90 Tquia
1864 1442 266 90 magister

1737 1516 92 60 in
1783 1516 154 60 vltimo
1890 1516 185 60 capitulo
2013 1516 108 60 huius

1739 1560 229 62 distinctionis
1927 1560 121 62 dicit
2008 1560 108 62 quod
2062 1560 67 62 bi-

1736 1602 148 61 gamus
1834 1602 115 61 non
1900 1602 164 61 potest
2014 1602 98 61 ad
2047 1602 82 61 or-

1721 1649 146 58 dines
1818 1649 227 58 promoueri:
1980 1649 146 58 idcirco

1716 1693 147 60 Sexto
1813 1693 228 60 quaeritur.
1992 1693 98 60 An
2025 1693 114 60 ponti

1728 1740 125 60 fex
1799 1740 178 60 possit
1924 1740 125 60 cum
1978 1740 142 60 bigamo

1715 1781 73 60 e
1745 1781 203 60 dispensare
1904 1781 87 60 vt
1948 1781 160 60 ordines
2049 1781 73 60 sus

1715 1826 178 60 cipiat.
1844 1826 81 60 ⁋
1877 1826 113 60 Pro
1941 1826 129 60 illo
2006 1826 113 60 nota-

1342 1871 83 50 to
1384 1871 111 50 quod
1453 1871 152 50 triplex
1564 1871 97 50 est
1619 1871 166 50 bigamia.
1744 1871 152 50 quaedam
1854 1871 125 50 vera:
1937 1871 152 50 quaedam
2034 1871 97 50 inter

1340 1918 188 55 pretatiua:
1487 1918 67 55 &
1514 1918 147 55 quaedam
1621 1918 268 55 similitudinaria.
1849 1918 121 55 Vera,
1929 1918 134 55 quando
2023 1918 107 55 quis
2076 1918 54 55 ha

1350 1964 117 52 buit
1423 1964 146 52 plures
1525 1964 146 52 vxores
1627 1964 204 52 legitimas.
1788 1964 131 52 xxvi.
1875 1964 131 52 dist.
1963 1964 175 52 Acutius.
2079 1964 44 52 &

1347 2006 117 51 cap.
1420 2006 146 51 sequi.
1522 2006 87 51 si
1566 2006 131 51 ambas
1654 2006 190 51 cognouit.
1799 2006 87 51 vt
1843 2006 131 51 patet
1931 2006 87 51 ex
1974 2006 102 51 ca.
2018 2006 102 51 Debi-

1342 2048 108 53 tum.
1410 2048 81 53 de
1451 2048 122 53 biga.
1532 2048 149 53 Bigamia
1640 2048 244 53 interpretatiua
1844 2048 163 53 bifariam
1952 2048 176 53 contrahitur

1358 2100 109 57 vno
1421 2100 125 57 modo
1499 2100 156 57 quando
1608 2100 125 57 quis
1686 2100 109 57 cum
1749 2100 187 57 corrupta
1889 2100 125 57 quam
1951 2100 172 57 cognouiti

1346 2145 195 49 contraxit.
1500 2145 154 49 xxxiii.
1611 2145 126 49 dist.
1695 2145 168 49 Maritum.
1821 2145 70 49 &
1849 2145 112 49 cap.
1919 2145 154 49 Anobis.
2030 2145 84 49 de
2058 2145 56 49 bi

1357 2186 97 58 ga.
1413 2186 139 58 Altero
1510 2186 111 58 modo
1579 2186 139 58 quando
1676 2186 153 58 debitum
1787 2186 125 58 vxori
1870 2186 180 58 adulterae
1995 2186 139 58 redditur

1346 2236 170 47 xxxiiii.
1473 2236 127 47 dist.
1558 2236 85 47 Si
1600 2236 141 47 cuius.
1699 2236 113 47 &.c.
1770 2236 85 47 Si
1813 2236 141 47 laici.
1912 2236 156 47 Bigamia
2011 2236 127 47 simili-

1349 2276 184 59 tudinaria
1491 2276 227 59 quadrifariam
1675 2276 227 59 contrahitur.
1859 2276 128 59 Primo
1945 2276 99 59 cum
2001 2276 113 59 quis
2058 2276 71 59 cum

1348 2324 105 50 deo
1408 2324 195 50 contraxit
1558 2324 105 50 per
1618 2324 135 50 votum
1708 2324 180 50 solenne:
1844 2324 75 50 &
1874 2324 150 50 postea
1964 2324 165 50 contraxit

1348 2367 222 56 matrimonium
1526 2367 89 56 de
1570 2367 148 56 facto.
1674 2367 148 56 xxvii.
1777 2367 118 56 qui.
1851 2367 89 56 i.
1895 2367 192 56 Quotquot.
2028 2367 104 56 Secun

1349 2409 89 52 do
1394 2409 119 52 modo
1468 2409 149 52 quando
1572 2409 119 52 quis
1647 2409 179 52 diuersis
1781 2409 208 52 temporibus
1944 2409 149 52 habuit
2034 2409 89 52 plu-

1350 2461 107 40 res
1411 2461 167 40 vxores:
1532 2461 122 40 vnam
1609 2461 91 40 de
1654 2461 137 40 iure:
1746 2461 76 40 &
1776 2461 167 40 alteram
1898 2461 91 40 de
1943 2461 152 40 facto:
2050 2461 76 40 &
2065 2461 61 40 am

1351 2496 111 48 bas
1415 2496 206 48 cognouit.
1573 2496 95 48 c.
1621 2496 159 48 Nuper.
1732 2496 175 48 eiusdem
1859 2496 143 48 titu.
1954 2496 159 48 Tertio
2050 2496 79 48 mo-

1352 2542 97 53 do
1400 2542 97 53 si
1449 2542 146 53 simul
1546 2542 162 53 habuit
1659 2542 130 53 duas
1740 2542 178 53 vxores:
1870 2542 130 53 vnam
1951 2542 97 53 de
1999 2542 146 53 iure:
2080 2542 49 53 &

1349 2589 177 47 alteram
1478 2589 97 47 de
1526 2589 161 47 facto:
1638 2589 80 47 &
1671 2589 193 47 vtramque
1815 2589 209 47 cognouit.
1976 2589 161 47 Quarto
2073 2589 64 47 mo

1358 2630 86 52 do
1401 2630 86 52 si
1443 2630 171 52 existens
1572 2630 86 52 in
1615 2630 143 52 sacris
1715 2630 200 52 contrahat.
1872 2630 86 52 vt
1915 2630 86 52 in
1958 2630 100 52 di.
2015 2630 100 52 ca.
2058 2630 71 52 Nu-

1356 2675 115 55 per.
1428 2675 72 55 ⁋
1457 2675 87 55 Ex
1500 2675 101 55 his
1558 2675 130 55 patet
1644 2675 115 55 quod
1716 2675 87 55 si
1759 2675 115 55 quis
1832 2675 87 55 in
1875 2675 216 55 concubinatu
2033 2675 87 55 sae-

1353 2730 191 43 culariter
1500 2730 103 43 vel
1559 2730 220 43 regulariter
1735 2730 73 43 /
1765 2730 117 43 siue
1838 2730 88 43 in
1882 2730 206 43 matrimonio
2029 2730 88 43 vero

1348 2768 123 51 siue
1424 2768 306 51 similitudinario:
1685 2768 123 51 siue
1761 2768 276 51 interpretatiuo
1976 2768 153 51 cognoue
