2286 3314
221 303 140 76 monium:
323 303 140 76 quamuis
424 303 165 76 consensus
551 303 89 76 sit
602 303 152 76 coactus.
716 303 140 76 igitur.
817 303 63 76 ⁋
830 303 165 76 Respondetur

212 379 133 46 raro
295 379 166 46 blanda
411 379 149 46 verba
511 379 166 46 tantum
627 379 166 46 mouent
743 379 182 46 quantum
859 379 133 46 minae.

215 419 123 53 Nam.
291 419 92 53 M.
338 419 154 53 Tullii
445 419 215 53 eloquentia
614 419 108 53 cum
675 419 123 53 eius
737 419 261 53 adinuentionibus

218 466 155 56 orando
327 466 109 56 non
389 466 155 56 tantum
498 466 186 56 Augustum
638 466 93 56 ad
684 466 186 56 imperium
809 466 186 56 relinquen-

225 508 115 48 dum
290 508 180 48 senatui
421 508 246 48 impulisset,
618 508 180 48 quantum
749 508 148 48 metus
847 508 164 48 mortis
946 508 49 48 a

208 553 200 47 Dionysio
358 553 183 47 tyranno
492 553 117 47 vel
558 553 200 47 Annibale
709 553 217 47 incussus.
875 553 100 47 Et
909 553 83 47 hoc

213 599 109 58 patet
286 599 73 58 ex
322 599 109 58 mente
395 599 182 58 Aristotelis
541 599 121 58 tertii
626 599 170 58 Ethicorum.
759 599 61 58 i
784 599 97 58 quod
844 599 73 58 si
869 599 121 58 quispian

210 642 129 47 ideo
291 642 178 47 iucunda
420 642 194 47 violenta
566 642 178 47 dixerit
695 642 129 47 esse
776 642 129 47 quia
857 642 81 47 &
873 642 113 47 extra

217 684 100 46 sunt
279 684 62 46 &
304 684 174 46 compellunt
441 684 62 46 /
466 684 112 46 omnia
540 684 112 46 erunt
615 684 100 46 eius
678 684 162 46 sententia
802 684 162 46 violenta.
914 684 75 46 Vult

213 729 160 45 dicere,
330 729 102 45 non
388 729 102 45 sic
446 729 145 45 mouent
547 729 145 45 dulcia
649 729 87 45 vt
693 729 218 45 terribilia.
867 729 73 45 &
896 729 87 45 si
925 729 58 45 in

209 773 132 54 terdum
301 773 185 54 contingat:
446 773 119 54 nihil
525 773 106 54 est.
591 773 119 54 Leges
671 773 106 54 enim
737 773 185 54 respiciunt
882 773 106 54 illa
934 773 40 54 d

204 821 182 53 plurimum
340 821 197 53 eueniunt.
492 821 76 53 &
522 821 121 53 vnum
598 821 212 53 contractum
765 821 197 53 irritant,
901 821 76 53 non

204 863 153 48 alium.
311 863 107 48 sic
372 863 230 48 meticulosus
556 863 184 48 duntaxat
694 863 199 48 mouebitur
847 863 77 48 a
862 863 123 48 paruis

213 911 152 46 minis:
319 911 182 46 cuileges
455 911 76 46 &
486 911 121 46 iuta
562 911 106 46 non
622 911 212 46 succurrunt
789 911 121 46 nisi
850 911 136 46 fuerint

214 953 151 55 dulcia
320 953 136 55 verba
410 953 166 55 tyranni
531 953 181 55 cogniti:
667 953 106 55 qui
727 953 136 55 solet
818 953 136 55 viros
893 953 91 55 roga

201 996 88 48 re
245 996 220 48 suppliciter
421 996 88 48 vt
465 996 117 48 sibi
539 996 264 48 condescendant.
759 996 103 48 cui
818 996 88 48 si
862 996 103 48 non
906 996 73 48 con

208 1037 251 52 descenderint:
415 1037 133 52 solet
503 1037 133 52 graue
592 1037 192 52 tormentum
739 1037 207 52 applicare.
887 1037 103 52 talis

203 1086 129 53 autem
289 1086 187 53 consensus
432 1086 100 53 est
490 1086 158 53 coactus
605 1086 100 53 per
662 1086 187 53 terribile
791 1086 201 53 appraehensum

202 1131 70 59 &
230 1131 181 59 iudicatum
369 1131 84 59 in
411 1131 112 59 fine
481 1131 84 59 de
523 1131 181 59 propinquo
662 1131 195 59 adducendum
816 1131 70 59 /
844 1131 70 59 &
871 1131 98 59 non
913 1131 70 59 per

203 1174 139 50 dulcia
301 1174 139 50 verba.
398 1174 70 50 ⁋
426 1174 125 50 Sexto
509 1174 181 50 arguitur.
649 1174 84 50 Si
691 1174 97 50 qui
746 1174 153 50 eligant
858 1174 97 50 per
899 1174 84 50 metu

205 1218 125 47 tenet
288 1218 166 47 electio:
413 1218 111 47 ergo
483 1218 69 47 &
510 1218 222 47 matrimonium.
691 1218 222 47 Respondetur.
871 1218 83 47 si
899 1218 83 47 ele-

211 1262 135 47 ctores
306 1262 162 47 cogantur
428 1262 149 47 eligere
536 1262 149 47 aliquem
644 1262 108 47 vnum
712 1262 149 47 certum:
820 1262 149 47 electio
914 1262 68 47 est

205 1307 110 58 ipso
274 1307 110 58 iure
342 1307 137 58 nulla:
438 1307 110 58 quia
507 1307 137 58 contra
603 1307 206 58 substantiam
768 1307 206 58 electionis.
918 1307 69 58 nam

208 1353 169 47 electio
330 1353 107 47 est
392 1353 123 47 vnum
469 1353 92 47 ex
515 1353 184 47 pluribus
653 1353 184 47 eligere.
791 1353 138 47 patet
868 1353 107 47 istud

199 1398 90 47 in
244 1398 120 47 cap.
319 1398 195 47 Quisquis.
469 1398 90 47 de
514 1398 150 47 elect.
618 1398 75 47 &
648 1398 90 47 in
693 1398 120 47 cap.
768 1398 105 47 Vbi
813 1398 165 47 periculum

207 1440 90 66 in.
259 1440 77 66 S.
297 1440 167 66 Caeterum.
426 1440 77 66 de
464 1440 128 66 elect.
554 1440 103 66 lib.
618 1440 90 66 vi.
670 1440 90 66 vbi
721 1440 116 66 dicit
798 1440 154 66 pontifex
901 1440 64 66 qui

202 1483 154 47 cessat
310 1483 170 47 electio
433 1483 108 47 vbi
495 1483 185 47 adimitur
634 1483 185 47 libertas
773 1483 201 47 eligendi.
912 1483 62 47 Na

200 1527 174 50 electio
327 1527 111 50 est
390 1527 127 50 vnum
469 1527 95 50 de
517 1527 190 50 pluribus
659 1527 222 50 acceptare.
834 1527 111 50 Aut
881 1527 95 50 ele-

208 1571 146 53 ctores
311 1571 234 53 compelluntur
501 1571 117 53 vnum
574 1571 161 53 eligere
691 1571 88 53 ex
735 1571 102 53 vno
793 1571 132 53 certo
866 1571 117 53 genere

200 1625 247 50 personarum:
397 1625 82 50 &
430 1625 115 50 sic
496 1625 148 50 metus
595 1625 115 50 non
661 1625 165 50 vitiat
776 1625 132 50 ipso
842 1625 132 50 factos

206 1667 119 54 quia
280 1667 119 54 non.
355 1667 89 54 ex
399 1667 119 54 toto
474 1667 178 54 adimitur
607 1667 178 54 potestas
741 1667 193 54 eligendi.
875 1667 104 54 patet

201 1705 89 59 in
246 1705 119 59 cap.
320 1705 164 59 Abbate.
440 1705 89 59 de
484 1705 149 59 verbo.
589 1705 149 59 signi.
693 1705 75 59 &
723 1705 89 59 in
767 1705 119 59 cap.
842 1705 104 59 Cum
887 1705 89 59 dile

209 1746 121 53 ctus.
289 1746 81 53 de
330 1746 148 53 consue.
437 1746 94 53 Sed
491 1746 162 53 quicquid
612 1746 94 53 sit
666 1746 81 53 de
707 1746 148 53 secundo
814 1746 135 53 dicto,
895 1746 81 53 dico

207 1804 120 47 quod
282 1804 120 47 male
357 1804 135 47 agunt
447 1804 105 47 eos
507 1804 180 47 cogentes
641 1804 165 47 quemuis
761 1804 180 47 eligere.
896 1804 75 47 &
911 1804 60 47 po

202 1840 189 54 tissimum
344 1840 95 54 in
391 1840 142 54 paruo
486 1840 158 54 numero
596 1840 205 54 electores
754 1840 189 54 tenentur
880 1840 95 54 eli-

200 1878 129 66 gere
280 1878 145 66 magis
377 1878 177 66 idoneum
506 1878 113 66 non
570 1878 177 66 curando
699 1878 97 66 de
748 1878 177 66 patria,
876 1878 97 66 ex
909 1878 64 66 di

206 1936 130 39 ctis:
292 1936 86 39 in
335 1936 130 39 dist.
422 1936 158 39 xxiiii.
537 1936 101 39 Pro
594 1936 144 39 dictis
695 1936 130 39 autem
781 1936 187 39 canonibus
925 1936 86 39 in

203 1975 139 50 ductis
300 1975 153 50 dicitur
411 1975 111 50 quod
481 1975 111 50 erat
550 1975 208 50 priuilegium
716 1975 83 50 ad
758 1975 97 50 hoc
814 1975 83 50 vt
855 1975 111 50 alii
911 1975 69 50 es-

198 2014 120 53 sent
273 2014 165 53 capaces
393 2014 180 53 passiue.
528 2014 90 53 Si
573 2014 120 53 enim
647 2014 120 53 sunt
722 2014 150 53 idonei
827 2014 165 53 actiue:
932 2014 45 53 &

195 2064 102 61 non
254 2064 131 61 detur
341 2064 102 61 eis
400 2064 190 61 facultas,
546 2064 102 61 lex
604 2064 102 61 est
662 2064 161 61 iniqua:
779 2064 73 61 &
808 2064 102 61 per
852 2064 117 61 conse-

198 2108 134 59 quens
287 2108 104 59 non
347 2108 163 59 meretur
465 2108 119 59 dici
540 2108 119 59 lex:
614 2108 163 59 tenendo
733 2108 119 59 quod
807 2108 119 59 puto
866 2108 104 59 verum

205 2152 111 73 quod
274 2152 152 73 elector
385 2152 69 73 &
413 2152 166 73 collator
538 2152 166 73 tenentur
662 2152 152 73 eligere
773 2152 125 73 magis
842 2152 125 73 idoneum

208 2191 107 69 vel
269 2191 91 69 ei
314 2191 213 69 beneficium
467 2191 152 69 conferre

196 2257 130 80 ⁋
248 2257 260 80 Contra
430 2257 286 80 quartam
612 2257 364 80 conclusionem

198 2320 200 51 arguitur.
352 2320 200 51 mediocres
506 2320 139 51 minae
598 2320 216 51 sufficiunt
768 2320 185 51 irritare
891 2320 77 51 cor

201 2366 153 52 sensum
308 2366 199 52 mulierum:
461 2366 123 52 ergo
538 2366 138 52 etiam
630 2366 184 52 virorum.
752 2366 215 52 consequentia

195 2412 163 52 tenent:
314 2412 118 52 quia
388 2412 118 52 sunt
462 2412 163 52 eiusdem
580 2412 163 52 soeciei
699 2412 237 52 essentialis.
876 2412 104 52 ante-

198 2455 152 52 cedens
304 2455 152 52 patet.
410 2455 152 52 xxxii.
516 2455 121 52 qui.
592 2455 106 52 vi.
653 2455 243 52 Indignantur.
850 2455 76 52 &
880 2455 91 52 de
910 2455 61 52 ho

186 2496 127 64 mi.
258 2496 163 64 Sicut
367 2496 199 64 dignum.
512 2496 90 64 ⁋
548 2496 289 64 Respondetur,
765 2496 217 64 consequen-

202 2541 99 56 tia
258 2541 99 56 est
315 2541 141 56 nulla:
413 2541 113 56 quia
483 2541 113 56 sunt
554 2541 70 56 a
582 2541 113 56 tota
652 2541 141 56 specie
751 2541 211 56 regulariter
906 2541 70 56 ti-

198 2587 185 50 midiores
336 2587 77 50 &
367 2587 200 50 frigidae:
521 2587 108 50 nec
583 2587 92 50 ad
629 2587 169 50 virorum
752 2587 231 50 aimositatem
921 2587 62 50 ac

191 2632 173 48 cedunt.
317 2632 126 48 hinc
396 2632 142 48 dixit
491 2632 173 48 Sapiens
617 2632 189 48 prouerb.
758 2632 173 48 vltimo.
869 2632 110 48 Mulie

190 2676 98 65 rem
246 2676 139 65 fortem
343 2676 112 65 quis
413 2676 181 65 inueniet:
553 2676 98 65 Nec
608 2676 223 65 respiciendum
790 2676 98 65 est
845 2676 84 65 ad
873 2676 98 65 pauca

196 2721 226 73 sfpndiuidua.
380 2721 99 73 nam
436 2721 127 73 licet
521 2721 184 73 Semiramis
662 2721 71 73 /
690 2721 212 73 Penthesilea
860 2721 71 73 /
888 2721 71 73 &
902 2721 71 73 Tho

1055 313 124 70 myris
1138 313 138 70 multis
1234 313 124 70 viris
1317 313 248 70 praestiterint:
1523 313 96 70 hoc
1578 313 96 70 non
1633 313 96 70 est
1675 313 151 70 frequens.

1055 386 119 44 nec
1123 386 171 44 facile
1243 386 239 44 crediderim
1430 386 205 44 Amaxones
1584 386 154 44 illas
1669 386 154 44 virorum

1047 428 91 59 in
1092 428 152 59 simili
1198 428 152 59 patria
1305 428 167 59 natorum
1426 428 212 59 aiositatem
1593 428 212 59 attigisse.
1744 428 76 59 Sed

1055 472 109 47 est
1118 472 140 47 etiam
1211 472 155 47 quidam
1320 472 140 47 timor
1413 472 93 47 in
1460 472 218 47 constantes
1631 472 187 47 mulieres
1755 472 62 47 ca

1048 514 115 70 dens
1120 514 101 70 qui
1177 514 173 70 sufficit
1307 514 216 70 matrimonium
1480 514 187 70 impedire.
1624 514 159 70 aliquis
1725 514 101 70 autem

1046 557 141 46 minor
1140 557 109 46 non
1203 557 203 46 sufficit:
1359 557 94 46 vt
1406 557 94 46 in
1453 557 141 46 viris
1547 557 188 46 diximus.
1687 557 78 46 ⁋
1703 557 125 46 Secun-

1052 601 100 51 do
1102 601 201 51 arguitur
1253 601 167 51 contra
1370 601 167 51 eandem
1487 601 284 51 conclusionem.
1705 601 117 51 Metus

1047 648 163 52 cadens
1161 648 98 52 in
1209 648 228 52 constantem
1389 648 146 52 virum
1486 648 114 52 non
1551 648 195 52 sufficit
1698 648 98 52 ad
1747 648 114 52 ma-

1050 691 183 48 trimonium:
1194 691 65 48 &
1220 691 118 48 merus
1299 691 92 48 non
1351 691 131 48 cadens
1443 691 79 48 in
1482 691 183 48 constantem
1626 691 118 48 virum
1691 691 131 48 sufficit

1063 734 74 63 ed
1100 734 123 63 dubium
1186 734 86 63 est
1235 734 123 63 quando
1321 734 86 63 est
1370 734 111 63 talis
1444 734 123 63 metus:
1531 734 62 63 &
1555 734 123 63 quando
1641 734 98 63 non.
1703 734 98 63 ergo
1764 734 86 63 du-

1052 780 111 54 bium
1122 780 97 54 est
1177 780 139 54 quando
1275 780 97 54 est
1331 780 223 54 matrimonium.
1512 780 223 54 Respondetur.
1693 780 153 54 prudens
1790 780 42 54 &

1047 825 133 51 iudex
1136 825 133 51 habet
1224 825 88 51 de
1268 825 118 51 tali
1342 825 118 51 metu
1415 825 177 51 iudicare
1548 825 88 51 in
1592 825 118 51 casu
1651 825 162 51 ambiguo.-

1056 869 107 53 Sed
1117 869 152 53 contra
1223 869 107 53 hoc
1284 869 198 53 arguitur.
1437 869 91 53 Si
1483 869 122 53 erat
1559 869 137 53 metus
1635 869 183 53 sufficiens

1040 915 239 49 constantem
1228 915 154 49 virum
1330 915 188 49 mouere:
1467 915 171 49 reuera
1587 915 120 49 non
1655 915 120 49 est
1706 915 120 49 matri

1054 955 162 65 monium.
1172 955 103 65 nam
1231 955 148 65 potest
1335 955 118 65 esse
1409 955 118 65 quod
1482 955 133 65 iudex
1571 955 74 65 &
1601 955 192 65 prudentes
1733 955 89 65 con-

1044 1001 140 51 sulti
1138 1001 187 51 iudicent
1278 1001 109 51 non
1340 1001 125 51 esse
1418 1001 140 51 talem
1512 1001 156 51 metum.
1621 1001 78 51 &
1652 1001 109 51 per
1698 1001 125 51 conse-

1040 1047 154 51 quens
1142 1047 239 51 separabunt
1330 1047 256 51 matrimonium
1535 1047 137 51 vere
1604 1047 222 51 contractum.

1051 1094 287 41 Respondetur.
1284 1094 251 41 argumentum
1482 1094 126 41 non
1554 1094 162 41 cogit
1661 1094 108 41 in
1697 1094 126 41 propo

1042 1134 126 49 sito.
1126 1134 126 49 Fadem
1209 1134 112 49 enim
1279 1134 98 49 est
1335 1134 209 49 difficultas
1502 1134 84 49 in
1544 1134 126 49 aliis
1628 1134 181 49 materiis:
1753 1134 70 49 sed

1042 1183 192 56 contingit
1190 1183 118 56 quod
1264 1183 133 56 iudex
1352 1183 74 56 &
1382 1183 192 56 prudentes
1529 1183 118 56 sint
1603 1183 133 56 omnes
1677 1183 148 56 excusati

1040 1228 109 50 per
1103 1228 172 50 errorem
1228 1228 266 50 inuincibilem.
1447 1228 188 50 putantes
1588 1228 109 50 non
1650 1228 125 50 esse
1713 1228 109 50 matri

1040 1270 169 44 monium
1158 1270 169 44 quando
1276 1270 135 44 est:
1361 1270 84 44 &
1394 1270 236 44 econuerso.
1580 1270 101 44 In
1630 1270 186 44 talibus
1749 1270 67 44 au

1048 1315 100 49 tem
1105 1315 86 49 si
1148 1315 157 49 homines
1262 1315 186 49 facientes
1405 1315 114 49 quod
1476 1315 86 49 in
1519 1315 86 49 se
1562 1315 100 49 est
1619 1315 186 49 aberrent:
1748 1315 71 49 non

1041 1360 194 46 imputatur
1190 1360 104 46 eis
1250 1360 119 46 quod
1325 1360 284 46 transgrediantur
1563 1360 134 46 illud
1638 1360 179 46 praeceptum

1052 1402 199 45 Christi.
1202 1402 133 45 Quos
1285 1402 133 45 deus
1368 1402 216 45 coniunxit
1534 1402 133 45 homo
1617 1402 100 45 no
1650 1402 166 45 separet.

1046 1447 82 48 ⁋
1078 1447 197 48 Hactenus
1226 1447 98 48 de
1275 1447 148 48 metu,
1374 1447 82 48 &
1407 1447 131 48 quis
1489 1447 148 48 cadat
1587 1447 98 48 in
1620 1447 197 48 constantem

1055 1491 123 52 virum
1138 1491 96 52 vel
1192 1491 178 52 mulierem,
1329 1491 110 52 quam
1398 1491 178 52 consensum
1535 1491 96 52 non
1590 1491 96 52 dat
1631 1491 192 52 sufficientem

1046 1535 94 44 ad
1093 1535 251 44 matrimonium.
1298 1535 141 44 quare
1392 1535 157 44 stante
1502 1535 126 44 tali
1581 1535 126 44 metu
1659 1535 110 44 vir
1722 1535 110 44 non
1769 1535 63 44 de

1038 1579 104 50 bet
1098 1579 179 50 mulierem
1232 1579 224 50 cognoscere,
1411 1579 104 50 nec
1471 1579 194 50 econverso
1620 1579 149 50 mulier
1710 1579 119 50 potest

1041 1628 117 52 pati
1114 1628 88 52 se
1158 1628 190 52 cognosci:
1304 1628 117 52 quia
1378 1628 102 52 hoc
1436 1628 132 52 velle
1524 1628 146 52 facere
1626 1628 102 52 vel
1684 1628 117 52 pati
1743 1628 73 52 vbi

1037 1663 217 50 resistere
1204 1663 134 50 pot,
1288 1663 117 50 est
1355 1663 201 50 peccatum
1505 1663 150 50 extra
1589 1663 234 50 matrimonium:

1045 1711 119 46 nisi
1119 1711 208 46 ignorantia
1283 1711 237 46 inuincibilis
1476 1711 178 46 excuset.
1609 1711 104 46 Vbi
1669 1711 134 46 autem
1743 1711 74 46 mu-

1054 1755 85 56 ier
1102 1755 85 56 est
1151 1755 73 56 in
1187 1755 194 56 captiuitate,
1345 1755 146 56 secundum
1455 1755 109 56 vires
1528 1755 170 56 resistens,
1661 1755 121 56 semper
1734 1755 85 56 prae-

1037 1800 151 44 sumitur
1147 1800 179 44 consensus
1284 1800 165 44 coactus.
1408 1800 96 44 sed
1463 1800 82 44 si
1504 1800 137 44 libere
1600 1800 179 44 permittat
1738 1800 82 44 se
1765 1800 55 44 co

1052 1844 132 56 gnosci
1144 1844 198 56 praesumitur
1303 1844 172 56 consensus
1435 1844 132 56 liber.
1528 1844 185 56 praesertim
1673 1844 79 56 si
1713 1844 93 56 non
1753 1844 66 56 dis

1044 1890 115 63 cedat
1121 1890 76 63 cu
1159 1890 127 63 libere
1248 1890 166 63 discedere
1375 1890 140 63 potest:
1477 1890 191 63 praesumitur
1630 1890 102 63 quod
1681 1890 140 63 consensum

1036 1937 190 56 coactum
1174 1937 104 56 in
1226 1937 225 56 consensum
1398 1937 138 56 pure
1485 1937 242 56 spontaneum
1658 1937 155 56 mutaue-

1042 1980 123 46 rit:
1118 1980 107 46 qui
1180 1980 92 46 ad
1226 1980 230 46 matrimonium
1410 1980 199 46 sufficit.
1563 1980 138 46 Metus
1655 1980 138 46 tamen
1731 1980 77 46 non

1044 2023 153 55 cadens
1151 2023 92 55 in
1197 2023 215 55 constantem
1366 2023 138 55 virum
1458 2023 107 55 non
1519 2023 215 55 irritatur.
1673 2023 138 55 Praetei

1045 2064 90 55 ea
1090 2064 75 55 /
1120 2064 165 55 tempore
1240 2064 135 55 metus
1331 2064 150 55 dicens
1436 2064 90 55 se
1481 2064 135 55 aliam
1571 2064 150 55 vxorem
1677 2064 135 55 velle
1752 2064 75 55 du-

1045 2112 131 56 cere,
1133 2112 73 56 &
1162 2112 102 56 hoc
1220 2112 160 56 iurans:
1337 2112 102 56 nec
1395 2112 175 56 mentitur
1526 2112 102 56 nec
1584 2112 175 56 peierat,
1701 2112 116 56 inten-

1045 2151 110 65 dens
1114 2151 124 65 tamen
1197 2151 83 65 id
1238 2151 166 65 complere
1363 2151 152 65 quantum
1473 2151 83 65 in
1515 2151 83 65 se
1556 2151 110 65 est:
1625 2151 110 65 quia
1694 2151 110 65 illa
1749 2151 83 65 con-

1045 2199 133 53 ditio
1134 2199 147 53 tacite
1237 2199 103 53 est
1296 2199 250 53 intelligenda.
1502 2199 88 53 Si
1546 2199 133 53 tamen
1635 2199 133 53 animo
1708 2199 118 53 dissen

1040 2247 130 46 tiret
1126 2247 188 46 peccaret:
1271 2247 101 46 nec
1328 2247 101 46 est
1386 2247 130 46 timor
1473 2247 87 46 in
1516 2247 202 46 constantem
1675 2247 130 46 virum
1747 2247 72 46 ca-

1046 2287 128 52 dens.
1131 2287 99 52 sed
1188 2287 128 52 talis
1273 2287 184 52 consensus
1414 2287 99 52 est
1471 2287 113 52 iure
1542 2287 113 52 ipso
1613 2287 156 52 irritus
1726 2287 71 52 &
1754 2287 85 52 in

1042 2333 128 51 anis:
1127 2333 71 51 &
1156 2333 71 51 a
1184 2333 114 51 iure
1255 2333 256 51 annihilationem
1469 2333 142 51 capit.
1568 2333 128 51 secus
1654 2333 100 51 est
1710 2333 85 51 in
1739 2333 71 51 con

1043 2375 149 67 sensu
1143 2375 165 67 mixto:
1258 2375 165 67 qualem
1374 2375 149 67 habet
1473 2375 182 67 capiens
1605 2375 99 67 ad
1655 2375 165 67 vsuram
1754 2375 66 67 de

1048 2419 224 65 transsatione
1230 2419 126 65 lucri
1314 2419 126 65 vltra
1398 2419 154 65 sortem:
1509 2419 98 65 vel
1565 2419 140 65 qualem
1663 2419 126 65 habet
1733 2419 84 65 quis

1046 2460 87 55 de
1089 2460 159 55 pecunia
1204 2460 159 55 raptori
1320 2460 144 55 danda.
1421 2460 202 55 blanditiae
1579 2460 130 55 autem
1666 2460 72 55 &
1680 2460 130 55 pulchra

1036 2508 186 65 allectiua
1179 2508 215 65 regulariter
1351 2508 100 65 non
1408 2508 100 65 sic
1466 2508 143 65 mouent
1566 2508 86 65 vt
1609 2508 201 65 terribiles
1753 2508 57 65 mi

1027 2556 124 71 nae.
1105 2556 217 71 quapropter
1276 2556 78 71 a
1307 2556 124 71 iure
1385 2556 109 71 non
1431 2556 202 71 irritantur.

1063 2626 116 86 ⁋
1109 2626 395 86 Distinctionis
1435 2626 302 86 Vigesimae
1644 2626 163 86 nonae

1189 2701 313 85 Quaestio
1397 2701 261 85 Secunda
