2291 3313
203 334 106 62 mam
263 334 196 62 ecclesiae
414 334 227 62 impensurus.
596 334 196 62 Similiter
747 334 151 62 potest
837 334 136 62 ordines

197 374 206 65 suscipere
356 374 95 65 de
403 374 143 65 facto
498 374 79 65 /
530 374 79 65 &
562 374 238 65 characterem
752 374 190 65 ordinis.
879 374 95 65 cap.

199 424 119 60 Cum
267 424 204 60 illorum.
420 424 102 60 de
471 424 187 60 senten.
608 424 238 60 excommuni.
795 424 153 60 Quare
880 424 85 60 com

191 456 209 75 sequentia
352 456 112 75 est
416 456 161 75 nulla:
528 456 112 75 cum
593 456 209 75 oppositum
737 456 225 75 consequentis

193 508 218 63 manifeste
361 508 117 63 iam
428 508 117 63 sit
495 508 201 63 ostensum
646 508 185 63 compati
764 508 201 63 antecedens

203 551 147 71 ipsum.
306 551 103 71 Non
365 551 117 71 enim
438 551 147 71 memini
541 551 88 71 me
585 551 162 71 legisse
703 551 176 71 raptorem
820 551 147 71 mulieris

191 600 328 58 excommunicatum.
467 600 138 58 bene
553 600 190 58 habemus
691 600 104 58 in
743 600 138 58 cap.
829 600 121 58 Tua
881 600 86 58 nos

199 640 85 60 de
241 640 157 60 sentem.
355 640 199 60 excommuni.
512 640 114 60 quod
583 640 142 60 omnens
683 640 214 60 incendiarii
840 640 128 60 proprie

192 693 132 46 dicti
280 693 176 46 postquam
412 693 146 46 fuerit
514 693 161 46 publice
631 693 249 46 excommunicati
836 693 73 46 &
851 693 117 46 denun-

196 730 152 55 ciati,
302 730 106 55 non
363 730 167 55 possunt
485 730 167 55 absolui
606 730 137 55 citra
697 730 137 55 sedem
773 730 198 55 apostolicam

183 772 137 69 ldem
268 772 188 69 legimus
405 772 103 69 de
457 772 291 69 spoliatoribus
696 772 86 69 &
713 772 257 69 effractoribus

192 816 226 71 ecclesiarum.
376 816 85 71 in
418 816 113 71 cap.
489 816 198 71 Comquesti.
645 816 156 71 eiusdem
758 816 156 71 tituli.
871 816 85 71 Et
899 816 71 71 sic

193 867 196 53 argumentum
347 867 154 53 deficit
459 867 98 53 tam
515 867 84 53 in
557 867 154 53 materia
669 867 112 53 quam
739 867 84 53 in
781 867 140 53 forma.
879 867 70 53 â‹
893 867 70 53 Hac

195 907 146 54 tenus
292 907 130 54 quod
373 907 162 54 raptor
487 907 162 54 potest
601 907 227 54 contrahere
763 907 211 54 matrimonium

193 947 109 69 cum
256 947 171 69 muliere
380 947 124 69 quam
457 947 171 69 rapuit:
582 947 124 69 modo
659 947 140 69 adsit
753 947 202 69 consensus
892 947 78 69 mu-

192 994 121 66 tuus
268 994 121 66 pure
343 994 152 66 liber:
450 994 76 66 &
480 994 121 66 sint
556 994 182 66 personae
692 994 182 66 habiles,
829 994 106 66 nec
874 994 91 66 pon-

195 1037 184 70 derandae
333 1037 123 70 sunt
409 1037 138 70 leges
501 1037 123 70 iuri
578 1037 215 70 pontificio
747 1037 215 70 contrariae
916 1037 92 70 in

189 1093 170 44 materia
312 1093 278 44 sacramentorum.
544 1093 139 44 Forte
637 1093 139 44 dicis
729 1093 77 44 /
760 1093 139 44 sicut
837 1093 124 44 Panor-

191 1125 89 55 in
236 1125 118 55 cap.
310 1125 192 55 penultimo
458 1125 89 55 de
502 1125 148 55 rapto.
606 1125 118 55 quod
680 1125 133 55 leges
769 1125 74 55 &
783 1125 178 55 pontificum

198 1177 163 54 canones
316 1177 103 54 non
376 1177 118 54 sunt
450 1177 207 54 contrarii,
612 1177 103 54 sed
671 1177 177 54 diuersi:
804 1177 118 54 quia
864 1177 103 54 leges

186 1218 291 54 considerarunt
425 1218 205 54 delictum
579 1218 205 54 raptoris
733 1218 86 54 &
751 1218 222 54 deceptionem

196 1266 220 60 mulierum.
365 1266 118 60 lus
433 1266 135 60 vero
517 1266 220 60 canonicum
687 1266 237 60 considerat
856 1266 118 60 liber

194 1303 146 58 tatem
291 1303 97 58 in
339 1303 243 58 matrimonio.
533 1303 113 58 Hoc
598 1303 113 58 non
663 1303 162 58 valet.
776 1303 162 58 Nemini
873 1303 97 58 enim

199 1347 142 64 dubium
298 1347 114 64 est,
370 1347 114 64 quin
441 1347 128 64 leges
526 1347 185 64 positiuae
669 1347 85 64 in
712 1347 142 64 variis
811 1347 128 64 foris
883 1347 85 64 sint

200 1398 229 51 oppositae:
380 1398 131 51 quia
462 1398 164 51 habent
576 1398 196 51 rationes
723 1398 115 51 pro
789 1398 115 51 vna
838 1398 131 51 parte:

196 1438 82 60 &
228 1438 114 60 pro
294 1438 147 60 parte
392 1438 229 60 contraria.
572 1438 98 60 vt
621 1438 98 60 in
670 1438 213 60 Britannia
817 1438 147 60 primoge

185 1488 141 49 nitus
279 1488 141 49 domus
373 1488 188 49 nobilium
514 1488 109 49 est
576 1488 156 49 haeres
686 1488 94 49 in
733 1488 141 49 toto:
826 1488 94 49 in
858 1488 109 49 aliis

191 1528 149 56 autem
291 1528 166 56 regnis
407 1528 116 56 est
473 1528 232 56 oppositum.
655 1528 83 56 &
688 1528 99 56 in
738 1528 215 56 proposito
887 1528 83 56 no-

197 1573 124 67 stro
275 1573 140 67 inter
368 1573 140 67 leges
461 1573 78 67 &
492 1573 186 67 canones.
632 1573 109 67 nam
694 1573 93 67 hi
741 1573 202 67 dicerent,
880 1573 78 67 hi-

198 1610 227 60 contractus
376 1610 113 60 est
441 1610 259 60 matrimonium.
652 1610 146 60 leges
749 1610 130 60 vero
814 1610 162 60 dicerent

198 1657 117 69 hic
265 1657 233 69 contractus
448 1657 117 69 non
515 1657 117 69 est
581 1657 266 69 matrimonium,
798 1657 133 69 quae
864 1657 100 69 pro-

192 1705 205 62 positiones
353 1705 175 62 realiter
485 1705 248 62 contradicunt:
689 1705 73 62 &
719 1705 102 62 ita
777 1705 190 62 vtrobique
909 1705 58 62 es

205 1744 84 76 in
247 1744 168 76 omnibus:
373 1744 154 76 quamuis
485 1744 140 76 causae
583 1744 112 76 sint
654 1744 224 76 differentes,
836 1744 126 76 quare
906 1744 70 76 hae

199 1802 165 68 dentur
299 1802 132 68 leges.

239 1854 121 93 â‹
287 1854 412 93 Distinctionis
602 1854 291 93 Trigesimae

365 1941 306 80 Quaestio
568 1941 204 80 Prima.

702 2027 123 68 N
751 2027 172 68 hac
824 2027 147 68 tri-

708 2085 145 59 gesima
796 2085 174 59 distinctio

709 2135 93 62 ne
756 2135 187 62 Magister
881 2135 93 62 pri-

706 2179 108 55 mo
760 2179 217 55 loquitur
905 2179 72 55 de

703 2215 176 58 errore
809 2215 158 58 matrimo

706 2265 151 60 nium
782 2265 188 60 impedien

703 2308 103 61 te.
762 2308 147 61 postea
850 2308 118 61 matri-

718 2354 154 47 nonium
826 2354 139 47 inter
903 2354 77 47 di-

711 2399 127 58 uam
783 2399 218 58 virginem
929 2399 54 58 &

710 2442 159 62 Ioseph
806 2442 175 62 prosequi-

711 2486 125 56 tur.
774 2486 202 56 Conformiter

699 2532 111 60 ad
755 2532 130 60 hoc
811 2532 167 60 aliquas

692 2581 83 55 i
726 2581 199 55 proponam
875 2581 133 55 quae

200 2617 192 67 stiones:
344 2617 160 67 quarum
456 2617 144 67 prima
552 2617 144 67 erit.
647 2617 144 67 Vtrum
743 2617 144 67 error
823 2617 160 67 matrimo-

201 2666 133 44 nium
284 2666 215 44 impediat.
450 2666 182 44 Secunda
582 2666 215 44 quaestio:
748 2666 99 44 in
798 2666 116 44 quo
847 2666 133 44 consi-

211 2710 117 76 stat
285 2710 220 76 virginitas:
461 2710 73 76 &
490 2710 88 76 an
534 2710 103 76 sit
593 2710 161 76 virtus.
710 2710 161 76 Tertia:
827 2710 88 76 an
857 2710 117 76 vidui

1035 325 119 49 tati
1109 325 74 49 &
1139 325 193 49 castitati
1287 325 193 49 coniugali
1436 325 208 49 virginitas
1584 325 223 49 sitanteferen-

1045 367 106 56 da.
1105 367 167 56 Quarta:
1227 367 91 56 an
1272 367 151 56 fuerit
1378 367 136 56 verum
1469 367 227 56 matrimonium
1651 367 136 56 inter
1726 367 76 56 di-

1037 412 111 52 uam
1101 412 191 52 virginem
1244 412 79 52 &
1276 412 175 52 loseph.
1403 412 79 52 â‹
1435 412 111 52 Pro
1498 412 159 52 primae
1593 412 223 52 enucleatione

1038 462 188 55 supponatur
1185 462 107 55 quod
1252 462 121 55 error
1333 462 94 55 est
1386 462 161 55 assensus
1507 462 121 55 falsi
1587 462 121 55 extra
1654 462 148 55 proponnem

1039 500 203 61 insolubilem
1202 500 95 61 non
1256 500 230 61 significantem
1445 500 149 61 taliter
1553 500 108 61 esse
1620 500 162 61 qualiter
1728 500 68 61 est

1051 545 99 47 vel
1108 545 99 47 est
1164 545 185 47 dissensus
1307 545 128 47 veri,
1392 545 99 47 vel
1449 545 171 47 assensus
1577 545 114 47 veri
1633 545 171 47 inferentis

1037 587 99 49 cum
1093 587 239 49 circumstantia
1290 587 127 49 casus
1375 587 169 49 iudicium
1501 587 169 49 habentem
1628 587 155 49 errare.
1727 587 84 49 vnde

1034 631 170 55 assensus
1162 631 142 55 istius
1261 631 71 55 /
1290 631 99 55 hoc
1346 631 99 55 est
1403 631 142 55 falsum
1503 631 71 55 /
1531 631 99 55 per
1588 631 170 55 pronomen
1702 631 99 55 demon

1032 678 168 56 strando
1154 678 260 56 propositionem
1368 678 138 56 cuius
1460 678 107 56 est
1521 678 138 56 pars,
1612 678 107 56 non
1673 678 107 56 est
1719 678 92 56 erro

1037 728 122 41 neus:
1119 728 68 41 &
1146 728 122 41 tamen
1227 728 95 41 est
1281 728 162 41 assensus
1402 728 135 41 falsi:
1497 728 95 41 sed
1551 728 108 41 quia
1619 728 95 41 ita
1673 728 95 41 est
1713 728 95 41 sicut

1026 767 133 47 illud
1115 767 148 47 falsum
1218 767 221 47 significat:
1395 767 103 47 non
1454 767 103 47 est
1513 767 148 47 error.
1616 767 133 47 secus
1705 767 103 47 est
1749 767 59 47 de

1034 811 147 55 assensu
1140 811 147 55 istius.
1247 811 120 55 Omnis
1327 811 160 55 propotes
1448 811 200 55 vniuersalis
1608 811 93 55 est
1661 811 134 55 falsa.
1741 811 67 55 as-

1034 856 131 51 sensus
1125 856 105 51 enim
1191 856 131 51 illius
1282 856 170 51 proponnis
1413 856 196 51 vniuersalis
1570 856 91 51 est
1622 856 131 51 error.
1700 856 105 51 dissen

1032 905 102 45 sus
1091 905 161 45 istius,
1208 905 132 45 mares
1295 905 117 45 sunt
1369 905 190 45 longioris
1515 905 132 45 vitae
1602 905 117 45 quam
1661 905 146 45 foeminae

1041 947 92 54 est
1094 947 132 54 error.
1186 947 171 54 Similiter
1318 947 158 54 assensus
1436 947 145 54 istius,
1541 947 92 54 ego
1594 947 119 54 erro:
1673 947 119 54 licet
1739 947 66 54 pro

1029 986 160 57 positio
1146 986 116 57 ipsa
1218 986 102 57 sit
1276 986 131 57 vera.
1364 986 102 57 Non
1422 986 116 57 voco
1494 986 160 57 errorem
1611 986 131 57 verum
1698 986 102 57 vel
1741 986 73 57 fal

1028 1041 101 55 sum,
1091 1041 101 55 quia
1155 1041 88 55 est
1205 1041 189 55 propositeso
1357 1041 101 55 vera
1420 1041 88 55 vel
1470 1041 126 55 falsa:
1559 1041 88 55 sed
1609 1041 114 55 solum
1672 1041 139 55 obiectiue

1037 1082 78 59 ob
1076 1082 104 59 eius
1141 1082 169 59 obiectum.
1271 1082 117 59 Omnis
1349 1082 104 59 enim
1414 1082 156 59 propotes
1531 1082 156 59 mentalis
1648 1082 78 59 ex
1674 1082 130 59 partibus

1037 1119 179 48 diuersarum
1178 1119 153 48 rationum
1293 1119 192 48 componitur.
1446 1119 153 48 assensus
1561 1119 115 48 autem
1638 1119 102 48 ille
1702 1119 89 48 vel
1740 1119 77 48 dis-

1041 1159 155 62 sensus
1149 1159 108 62 est
1211 1159 186 62 qualitas
1350 1159 170 62 simplex
1474 1159 93 62 in
1520 1159 186 62 essendo,
1644 1159 170 62 complexus

1032 1201 92 65 in
1078 1201 290 65 repraesentando.
1322 1201 107 65 sed
1383 1201 107 65 hoc
1444 1201 107 65 est
1505 1201 183 65 alterius
1643 1201 183 65 negocii:
1765 1201 46 65 &

1042 1252 84 62 in
1084 1252 182 62 proposito
1224 1252 98 62 non
1280 1252 154 62 refert.
1392 1252 70 62 â‹
1420 1252 182 62 Praeterea
1560 1252 154 62 aduerte
1672 1252 112 62 quod
1742 1252 112 62 qua-

1033 1298 159 45 druplex
1148 1298 101 45 est
1206 1298 145 45 error:
1307 1298 87 45 vt
1351 1298 130 45 dicit
1438 1298 174 45 magister
1568 1298 188 45 inlitera.
1713 1298 72 45 &
1727 1298 87 45 Gra.

1034 1346 116 56 xxix.
1111 1346 77 56 q.
1150 1346 77 56 i.
1189 1346 77 56 S.
1227 1346 77 56 Ad
1266 1346 103 56 haec
1330 1346 154 56 scilicet
1446 1346 116 56 error
1523 1346 167 56 personae:
1652 1346 90 56 cum
1703 1346 103 56 quis
1755 1346 64 56 pu-

1027 1385 129 53 tatur
1113 1385 158 53 sortes:
1228 1385 101 53 qui
1285 1385 101 53 est
1343 1385 144 53 plato,
1443 1385 101 53 non
1501 1385 129 53 tamen
1587 1385 129 53 circa
1673 1385 129 53 solam
1745 1385 72 53 no-

1035 1432 145 58 minis
1131 1432 241 58 mutationem,
1324 1432 177 58 dummodo
1453 1432 209 58 identitas
1614 1432 161 58 maneat
1727 1432 129 58 per-

1035 1473 164 47 sonae:
1149 1473 98 47 vt
1198 1473 98 47 si
1247 1473 131 47 quis
1329 1473 164 47 credat
1444 1473 229 47 contrahere
1624 1473 115 47 cum
1673 1473 147 47 primoge

1029 1518 123 54 nita
1106 1518 139 54 talis
1198 1518 154 54 regis:
1306 1518 154 54 putans
1414 1518 92 54 ei
1460 1518 139 54 nomen
1552 1518 123 54 esse
1629 1518 77 54 a
1660 1518 108 54 est
1706 1518 108 54 tamen

1030 1563 69 51 b
1058 1563 96 51 non
1113 1563 96 51 est
1168 1563 124 51 error
1250 1563 179 51 personae,
1388 1563 96 51 cum
1443 1563 138 51 semper
1539 1563 138 51 maneat
1635 1563 124 51 eadem
1718 1563 124 51 per-:

1038 1609 138 53 sona.
1129 1609 183 53 Secundus
1267 1609 153 53 error,
1374 1609 107 53 est
1435 1609 244 53 conditionis.
1634 1609 92 53 vt
1679 1609 107 53 cum
1725 1609 92 53 quis

1032 1653 160 55 putatur
1149 1653 145 55 liber:
1250 1653 102 55 est
1309 1653 131 55 tamen
1396 1653 145 55 seruus
1497 1653 189 55 seruitute
1643 1653 160 55 legali.
1744 1653 73 55 Ter

1029 1702 121 52 tius
1104 1702 136 52 error
1195 1702 106 52 est
1255 1702 226 52 qualitatis:
1436 1702 90 52 vt
1481 1702 106 52 cum
1542 1702 166 52 putatur
1662 1702 166 52 pulchra
1768 1702 45 52 &

1029 1741 136 59 mitis
1120 1741 121 59 quae
1196 1741 106 59 est
1256 1741 182 59 deformis
1393 1741 76 59 &
1423 1741 167 59 tumida.
1544 1741 167 59 Quartus
1665 1741 136 59 error
1741 1741 76 59 est

1034 1785 182 63 fortunae,
1174 1785 84 63 vt
1216 1785 140 63 quando
1314 1785 154 63 putatur
1426 1785 112 63 homo
1496 1785 182 63 opulentus
1636 1785 98 63 qui
1692 1785 98 63 est
1734 1785 70 63 pau

1036 1826 130 75 per:
1117 1826 113 75 vel
1165 1826 195 75 econuerso.

1033 1888 115 85 â‹
1079 1888 161 85 His
1171 1888 322 85 praemissis
1424 1888 184 85 duas
1540 1888 184 85 pono
1632 1888 184 85 conclu

1040 1953 155 61 siones:
1153 1953 141 61 quarum
1251 1953 127 61 prior
1335 1953 113 61 est.
1406 1953 127 61 Ftror
1490 1953 211 61 conditionis
1659 1953 70 61 &
1673 1953 141 61 personae

1042 2011 214 41 matrimonium
1213 2011 171 41 impedit.
1341 2011 157 41 Secunda
1455 2011 199 41 conclusio.
1612 2011 114 41 Alii
1683 2011 100 41 duo
1726 2011 85 41 erro

1037 2048 120 59 res
1105 2048 120 59 non
1174 2048 239 59 impediunt.
1362 2048 85 59 â‹
1396 2048 154 59 Prior
1498 2048 222 59 conclusio
1652 2048 171 59 probatur

1036 2093 113 45 sic.
1107 2093 170 45 Quicquid
1234 2093 156 45 impedit
1348 2093 142 45 causam
1447 2093 170 45 alicuius
1575 2093 184 45 effectus:
1717 2093 128 45 ipsum

1037 2136 192 61 effectum
1181 2136 192 61 impedit:
1324 2136 80 61 &
1356 2136 112 61 hoc
1420 2136 160 61 quando
1532 2136 128 61 ille
1612 2136 192 61 effectus
1739 2136 80 61 non

1035 2189 153 53 potest
1142 2189 168 53 produci
1264 2189 122 53 nisi
1341 2189 92 53 ab
1387 2189 122 53 illa
1463 2189 153 53 causa.
1570 2189 107 53 sed
1631 2189 138 53 error
1708 2189 107 53 impe-

1044 2231 112 54 dit
1108 2231 191 54 notitiam
1251 2231 128 54 sine
1331 2231 112 54 qua
1395 2231 112 54 non
1459 2231 176 54 habetur
1587 2231 223 54 consensus,
1746 2231 64 54 di

1045 2271 127 59 cente
1130 2271 198 59 Augustinus
1285 2271 85 59 v.
1328 2271 85 59 de
1370 2271 198 59 trinitate.
1526 2271 142 59 Inuisa
1625 2271 170 59 diligere
1738 2271 71 59 pos

1051 2312 147 48 sumus:
1154 2312 191 48 incognita
1301 2312 117 48 vero
1374 2312 205 48 nequaquam.
1535 2312 191 48 Consensus
1682 2312 117 48 enim
1741 2312 73 48 est

1048 2359 136 48 actus
1138 2359 211 48 voluntatis
1304 2359 106 48 qui
1365 2359 90 48 ab
1410 2359 121 48 actu
1485 2359 226 48 intellectus
1666 2359 121 48 puta
1727 2359 90 48 noti

1047 2397 90 58 tia
1099 2397 193 58 producitur:
1253 2397 90 58 vel
1304 2397 90 58 eam
1356 2397 219 58 praesupponit.
1536 2397 90 58 nam
1587 2397 77 58 in
1626 2397 129 58 nullum
1703 2397 116 58 consen-

1044 2444 147 62 timus
1142 2444 114 62 vel
1207 2444 163 62 amamus
1321 2444 131 62 quem
1403 2444 147 62 nequa
1501 2444 98 62 od
1550 2444 261 62 cognoscimus.
1746 2444 82 62 Di-

1051 2481 73 62 xi
1087 2481 73 62 in
1124 2481 170 62 probatione
1258 2481 61 62 (
1282 2481 122 62 quando
1367 2481 97 62 ille
1428 2481 146 62 effectus
1537 2481 73 62 no
1574 2481 122 62 potest
1659 2481 134 62 produci
1744 2481 73 62 nisi

1046 2546 83 44 ab
1088 2546 111 44 illa
1157 2546 139 44 causa)
1254 2546 97 44 nam
1310 2546 111 44 illa
1379 2546 111 44 quae
1448 2546 166 44 prohibet
1573 2546 125 44 ignem
1657 2546 69 44 a
1670 2546 153 44 productio

1047 2584 80 50 ne
1087 2584 147 50 caloris
1193 2584 93 50 non
1247 2584 147 50 impedit
1353 2584 147 50 caloris
1460 2584 227 50 productionem:
1647 2584 80 50 cu
1687 2584 107 50 ille
1753 2584 67 50 a
1767 2584 53 50 ra

1043 2619 101 66 dio
1100 2619 130 66 solis
1187 2619 86 66 in
1230 2619 158 66 speculo
1345 2619 158 66 concauo
1460 2619 101 66 vel
1518 2619 130 66 alibi
1604 2619 158 66 produci
1705 2619 115 66 possit

1042 2666 143 57 Dicis.
1142 2666 129 57 calor
1227 2666 229 57 producibilis
1413 2666 86 57 ab
1456 2666 100 57 vna
1513 2666 157 57 istarum
1627 2666 171 57 causarum
1742 2666 71 57 non

1046 2713 144 74 potest
1146 2713 158 74 produci
1262 2713 86 74 ab
1305 2713 130 74 alia.
1391 2713 101 74 Non
1449 2713 101 74 est
1507 2713 130 74 alius
1593 2713 86 74 in
1636 2713 158 74 specie:
1737 2713 101 74 quare
