2349 3325
457 322 144 63 Ethico.
562 322 118 63 viii.
640 322 92 63 sic
692 322 131 63 virtus
784 322 170 63 quaelibet
915 322 131 63 cuique
1007 322 144 63 virtuti
1111 322 92 63 est
1151 322 65 63 com

469 379 199 56 possibilis.
628 379 66 56 ⁋
654 379 199 56 Respondetur
814 379 146 56 negando
920 379 159 56 maiorem:
1039 379 133 56 quando
1119 379 106 56 virtus

469 423 89 57 vel
520 423 102 57 eius
584 423 115 57 actus
661 423 89 57 est
712 423 102 57 opus
776 423 166 57 consilii.
904 423 141 57 Aliquis
1006 423 102 57 enim
1070 423 128 57 potest
1146 423 77 57 esse

463 467 147 51 virgo
561 467 130 51 sine
642 467 147 51 voto:
740 467 82 51 &
773 467 163 51 habere
887 467 228 51 propositum
1050 467 163 51 seruandi

469 524 220 46 virginitatis
648 524 96 46 pro
703 524 151 46 tempore
813 524 69 46 /
840 524 96 46 vel
895 524 179 46 perpetuo:
1033 524 110 46 quae
1101 524 96 46 per
1143 524 82 46 con-

460 554 154 58 lugium
567 554 169 58 licitum
690 554 77 58 &
721 554 215 58 meritorium
890 554 246 58 corrumpitur.
1091 554 92 58 Et
1121 554 108 58 licet

469 600 140 55 possit
567 600 140 55 habere
665 600 196 55 propositum
819 600 154 55 eiusdem
932 600 154 55 speciei
1044 600 98 55 cum
1100 600 98 55 est
1142 600 84 55 com-

457 654 125 46 iunx:
541 654 125 46 tamen
624 654 97 46 non
680 654 125 46 habet
763 654 153 46 amplius
874 654 236 46 virginitatem:
1069 654 111 46 siue
1125 654 97 46 actus

462 693 229 46 categoricos
645 693 229 46 castitatis,
828 693 122 46 siue
904 693 260 46 conditionales
1103 693 122 46 habeat

462 736 77 53 ⁋
492 736 186 53 Secundo.
632 736 170 53 ponatur
755 736 139 53 Berta
848 736 155 53 habens
956 736 170 53 habitum
1064 736 155 53 intensum

458 778 234 51 virginitatis
648 778 73 51 &
678 778 146 51 actum:
780 778 219 51 cognoscatur
955 778 146 51 inuita
1057 778 73 51 &
1072 778 146 51 renitens

450 820 109 53 tunc
519 820 96 53 sic
573 820 178 53 arguitur.
710 820 82 53 In
751 820 96 53 hac
806 820 191 53 virginitas
956 820 178 53 amittitur
1092 820 96 53 vel
1133 820 96 53 amit-

460 875 131 42 titur
548 875 218 42 virginitas.
722 875 102 42 sed
780 875 131 42 nulla
867 875 145 42 virtus
969 875 145 42 inuito
1056 875 160 42 aufertur.

452 909 160 50 igitur.
568 909 102 50 Hic
626 909 73 50 a
655 909 145 50 variis
756 909 131 50 vario
843 909 116 50 modo
916 909 232 50 respondetur.
1104 909 102 50 sed
1148 909 73 50 di-

458 954 87 57 co
501 954 115 57 quod
573 954 216 57 corrumpitur
746 954 216 57 virginitas.
919 954 144 57 Contra
1020 954 101 57 hoc
1063 954 159 57 arguitur.

452 998 92 47 non
504 998 92 47 est
557 998 144 47 necesse
662 998 144 47 habitum
767 998 118 47 illum
846 998 171 47 corrumpi:
977 998 92 47 qui
1029 998 131 47 augeri
1108 998 118 47 potest.

452 1043 104 49 Hic
512 1043 134 49 dicit
601 1043 179 49 Martinus
735 1043 193 49 magister:
884 1043 119 49 quod
958 1043 119 49 ille
1033 1043 164 49 habitus
1152 1043 104 49 non

461 1092 205 52 corrumpitur:
628 1092 90 52 sed
679 1092 90 52 non
730 1092 154 52 inclinat
845 1092 77 52 in
883 1092 141 52 similes
986 1092 115 52 actus
1062 1092 141 52 eiusdem
1152 1092 64 52 spe

461 1131 101 58 ciei
525 1131 227 58 specialissimae
714 1131 177 58 entitatiue
853 1131 76 58 vt
891 1131 126 58 antea:
979 1131 88 58 sed
1030 1131 76 58 in
1067 1131 139 58 similes
1156 1131 63 58 qui

443 1177 203 55 aequalent
600 1177 94 55 in
647 1177 157 55 merito
756 1177 266 55 virginitatis.
976 1177 219 55 Integritas
1132 1177 94 55 enim

454 1221 181 56 corporis
589 1221 181 56 existens
725 1221 136 56 cadit
815 1221 90 56 in
861 1221 166 56 ratione
981 1221 166 56 obiecti
1086 1221 136 56 virgini

444 1265 148 46 tatis.
548 1265 193 46 propterea
697 1265 223 46 integritate
875 1265 148 46 amissa
979 1265 163 46 desinit
1097 1265 119 46 illd
1157 1265 74 46 ob-

458 1305 153 59 iectum:
570 1305 70 59 &
598 1305 98 59 per
653 1305 195 59 consequens
807 1305 98 59 non
862 1305 139 59 potest
960 1305 195 59 virginitas
1100 1305 126 59 haberi:

452 1352 100 55 nec
509 1352 201 55 propositum
667 1352 158 55 actuale
781 1352 158 55 eiusdem
896 1352 158 55 speciei
997 1352 229 55 specialissimae

452 1404 259 52 quemadmodum
659 1404 190 52 notitia
797 1404 225 52 intuitiua
970 1404 121 52 non
1039 1404 155 52 manet
1125 1404 104 52 obie

461 1443 105 53 cto
521 1443 166 53 absente
642 1443 105 53 vel
702 1443 196 53 corrupto.
853 1443 120 53 Haec
928 1443 166 53 positio
1048 1443 105 53 est
1093 1443 136 53 nullius

461 1494 158 45 momenti.
579 1494 92 45 nam
632 1494 132 45 quaero
724 1494 105 45 quid
790 1494 79 45 in
830 1494 105 45 viro
896 1494 211 45 corrumpatur:
1067 1494 66 45 &
1080 1494 145 45 responde,

459 1537 92 50 re
505 1537 107 50 non
566 1537 169 50 potest.
689 1537 169 50 Secundo
811 1537 169 50 ponendo
934 1537 123 50 quod
1010 1537 123 50 deus
1072 1537 153 50 miraculo

454 1579 93 51 se
501 1579 155 51 teneat
610 1579 186 51 claustra
750 1579 171 51 pudoris
874 1579 171 51 integra
998 1579 93 51 in
1045 1579 171 51 muliere
1153 1579 78 51 co-

462 1619 136 62 gnita,
558 1619 68 62 &
585 1619 109 62 quod
653 1619 95 62 sit
708 1619 191 62 penetratio
857 1619 177 62 corporum:
993 1619 95 62 iam
1048 1619 136 62 potest
1130 1619 95 62 habe-

457 1674 86 47 re
500 1674 200 47 propositum
657 1674 157 47 actuale
771 1674 157 47 eiusdem
885 1674 171 47 speciei.
1014 1674 71 47 &
1042 1674 100 47 sic
1085 1674 143 47 meretrix

466 1710 110 64 erit
535 1710 138 64 virgo.
632 1710 138 64 Tertio
728 1710 166 64 sequitur
853 1710 110 64 quod
921 1710 166 64 corrupta
1046 1710 124 64 ferro
1128 1710 83 64 in
1156 1710 69 64 iu-

462 1750 169 55 uentute:
589 1750 99 55 hoc
645 1750 99 55 est
702 1750 85 55 si
744 1750 169 55 claustra
871 1750 198 55 virginalia
1026 1750 113 55 sint
1097 1750 85 55 in
1125 1750 99 55 iuuem

461 1798 123 56 tute
538 1798 200 56 corrupta:
692 1798 108 56 non
753 1798 154 56 possit
861 1798 123 56 esse
938 1798 154 56 virgo:
1046 1798 108 56 cum
1108 1798 108 56 non
1154 1798 77 56 pos

457 1841 110 52 sit
520 1841 157 52 habere
630 1841 219 52 propositum
802 1841 219 52 sufficiens
974 1841 94 52 ad
1006 1841 219 52 virginitatem

463 1886 173 49 secundum
593 1886 116 49 eum.
665 1886 159 49 Quarto,
780 1886 144 49 falsum
881 1886 101 49 est
939 1886 116 49 quod
1011 1886 173 49 mulieris
1127 1886 101 49 inte-

464 1936 134 55 gritas
557 1936 214 55 corrumpitur:
731 1936 94 55 sed
784 1936 120 55 solum
864 1936 200 55 corrumpitur
1025 1936 187 55 integritas
1158 1936 67 55 mu-

460 1976 150 51 lieris.
570 1976 137 51 Partes
665 1976 109 51 enim
734 1976 109 51 quae
802 1976 150 51 fuerunt
912 1976 191 51 integritas
1062 1976 150 51 manent:
1158 1976 68 51 sed

459 2022 105 55 non
519 2022 151 55 manent
625 2022 226 55 integritas.
805 2022 166 55 Quinto,
926 2022 90 55 si
971 2022 136 55 Berta
1061 2022 151 55 habeat
1152 2022 75 55 pro

453 2063 170 62 positum
576 2063 170 62 actuale
700 2063 247 62 virginitatis
901 2063 185 62 antequam
1024 2063 201 62 cognoscatur

456 2107 98 67 non
512 2107 127 67 video
597 2107 112 67 quin
667 2107 112 67 ipsa
737 2107 155 67 cognita
850 2107 141 67 possit
948 2107 127 67 talem
1032 2107 127 67 actum
1117 2107 84 67 in
1145 2107 84 67 spe-

460 2151 95 55 cie
515 2151 189 55 entitatiua
663 2151 189 55 continuare
812 2151 95 55 vel
866 2151 149 55 similem
974 2151 162 55 elicere:
1096 2151 95 55 non
1136 2151 95 55 autem

450 2198 87 57 in
494 2198 116 57 tali
567 2198 247 57 denomnatione.
770 2198 87 57 Et
813 2198 131 57 licet
900 2198 131 57 actus
987 2198 203 57 voluntatis
1132 2198 102 57 depem

462 2250 118 50 dens
536 2250 74 50 a
565 2250 162 50 notitia
683 2250 206 50 intuitiua:
845 2250 74 50 &
875 2250 133 50 actus
963 2250 88 50 ab
1007 2250 221 50 abstractiua
1169 2250 59 50 de

451 2296 157 52 pendens
565 2296 185 52 differant
707 2296 157 52 specie:
821 2296 100 52 non
878 2296 142 52 potest
978 2296 100 52 hic
1035 2296 85 52 ad
1077 2296 128 52 illud
1149 2296 85 52 con-

460 2332 168 51 fugere.
582 2332 76 51 &
612 2332 137 51 ratio
704 2332 122 51 est:
780 2332 122 51 quia
856 2332 91 51 de
902 2332 122 51 tali
978 2332 168 51 obiecto
1100 2332 107 51 non
1146 2332 91 51 opor

450 2389 107 40 tet
511 2389 184 40 mulierem
649 2389 153 40 habere
756 2389 184 40 notitiam
894 2389 230 40 intuitiuam,
1078 2389 123 40 siue
1139 2389 92 40 obie

451 2420 113 58 ctum
521 2420 113 58 sit,
592 2420 113 58 siue
663 2420 169 58 obiectum
790 2420 99 58 non
846 2420 113 58 sit.
917 2420 71 58 ⁋
945 2420 183 58 Propterea
1086 2420 113 58 dico
1142 2420 71 58 qui

467 2472 119 55 uando
546 2472 106 55 ipsa
612 2472 93 55 est
665 2472 159 55 cognita,
784 2472 146 55 desinit
890 2472 106 55 esse
956 2472 132 55 virgo:
1049 2472 66 55 &
1075 2472 132 55 potest
1155 2472 79 55 habe

457 2518 90 51 re
502 2518 165 51 similem
622 2518 135 51 actum
712 2518 90 51 in
757 2518 150 51 specie
863 2518 255 51 specialissima
1058 2518 180 51 entitatiue

453 2557 107 52 non
514 2557 137 52 autem
605 2557 91 52 in
651 2557 152 52 specie
757 2557 259 52 specialissima
970 2557 137 52 moris
1062 2557 76 52 &
1077 2557 152 52 acciden-

454 2602 125 49 tali.
538 2602 97 49 nam
593 2602 153 49 postqui
705 2602 111 49 ipsa
774 2602 97 49 est
830 2602 167 49 cognita,
955 2602 97 49 non
1011 2602 97 49 est
1067 2602 153 49 amplius
1164 2602 70 49 vir

453 2641 102 60 go:
512 2641 102 60 nec
570 2641 116 60 eius
643 2641 160 60 habitus
759 2641 218 60 virginitas.
934 2641 131 60 sicut
1021 2641 87 60 si
1065 2641 131 60 actus
1138 2641 87 60 esse

450 2691 271 54 continuatus
667 2691 127 54 per
739 2691 145 54 vnum
830 2691 181 54 tempus
957 2691 109 54 in
1011 2691 163 54 cuius
1101 2691 127 54 prio-

447 2734 89 78 re
492 2734 134 78 parte
581 2734 119 78 ipsa
656 2734 134 78 esset
745 2734 224 78 incorrupta:
924 2734 75 78 &
954 2734 89 78 in
999 2734 209 78 posteriore
1148 2734 89 78 cor

1275 323 155 62 rupta:
1383 323 139 62 primo
1476 323 139 62 actus
1568 323 124 62 ille
1646 323 139 62 esset
1738 323 232 62 virginitas:
1924 323 77 62 &
1939 323 124 62 postea

1279 374 123 54 idem
1356 374 138 54 actus
1448 374 169 54 desinit
1571 374 123 54 esse
1648 374 231 54 virginitas:
1832 374 77 54 &
1863 374 169 54 incipit
1971 374 92 54 esse

1282 420 185 49 viduitas,
1424 420 85 49 si
1467 420 100 49 vir
1524 420 100 49 eam
1581 420 185 49 reliquat,
1723 420 71 49 &
1752 420 114 49 ipsa
1823 420 128 49 caste
1909 420 142 49 viuat.
1994 420 57 49 Eo

1285 467 96 46 dem
1340 467 109 46 modo
1408 467 82 46 de
1449 467 150 46 habitu:
1559 467 164 46 quamquam
1682 467 150 46 habitus
1791 467 109 46 ipse
1860 467 68 46 a
1874 467 192 46 virginitatis

1279 513 158 53 actibus
1394 513 173 53 emersit.
1524 513 101 53 hoc
1581 513 115 53 enim
1653 513 101 53 non
1711 513 187 53 sufficit:
1855 513 101 53 sed
1898 513 173 53 requiritur

1278 551 100 47 cum
1335 551 100 47 hoc
1392 551 114 47 quod
1463 551 200 47 suppositum
1620 551 157 47 habitum
1734 551 171 47 homionus
1862 551 100 47 sit
1919 551 128 47 virgo
2005 551 86 47 in

1294 597 188 51 corrupta,
1438 597 116 51 siue
1510 597 116 51 ipsa
1582 597 231 51 consentiente
1770 597 116 51 siue
1842 597 202 51 renitente.
1987 597 72 51 Nul

1277 641 109 51 lus
1340 641 124 51 enim
1417 641 171 51 habitus
1541 641 109 51 vel
1603 641 140 51 actus
1697 641 233 51 denominatur
1883 641 155 51 virgo.
1976 641 93 51 alio

1294 688 99 58 uin
1351 688 128 58 virgo
1436 688 142 58 posset
1535 688 142 58 parere
1634 688 85 58 in
1677 688 128 58 sensu
1762 688 199 58 composito:
1918 688 114 58 quod
1975 688 85 58 apud

1291 733 138 46 vulgo
1383 733 199 46 loquentes
1536 733 199 46 reputatur
1689 733 260 46 inconveniens.
1903 733 169 46 habitus
2011 733 61 46 au

1292 778 97 45 tem
1348 778 111 45 ille
1417 778 97 45 qui
1472 778 125 45 prius
1556 778 111 45 erat
1625 778 208 45 virginitas,
1792 778 194 45 inclinabit
1944 778 83 45 in
1972 778 97 45 actus

1284 821 92 47 de
1330 821 184 47 seruanda
1468 821 199 47 castitate
1621 821 169 47 eiusdem
1743 821 169 47 speciei
1851 821 214 47 specialissi-

1284 863 103 49 mae
1343 863 206 49 entitatiue
1505 863 103 49 cum
1563 863 235 49 virginitate:
1754 863 103 49 sed
1813 863 103 49 non
1871 863 117 49 erit
1930 863 147 49 virgini-

1277 907 110 60 tas
1340 907 94 60 ob
1387 907 188 60 defectum
1529 907 204 60 connotati
1686 907 173 60 termini
1811 907 157 60 virgo:
1921 907 126 60 quia
1984 907 94 60 vir-

1286 958 96 50 go
1334 958 112 50 non
1398 958 192 50 supponit
1542 958 176 50 amplius
1670 958 112 50 pro
1733 958 160 50 aliqua
1845 958 192 50 postquam
1973 958 96 50 ipsa

1286 998 111 51 est
1350 998 207 51 corrupta.
1509 998 96 51 Ad
1557 998 159 51 multas
1668 998 255 51 auctoritates
1859 998 207 51 insinuantes

1293 1049 123 50 quod
1369 1049 184 50 corrupta
1507 1049 169 50 corpore
1630 1049 77 50 /
1661 1049 215 50 incorrupta
1829 1049 138 50 mente
1921 1049 138 50 adhuc
1998 1049 61 50 ma

1288 1085 98 45 net
1344 1085 140 45 virgo,
1442 1085 154 45 dicatur
1554 1085 112 45 quod
1624 1085 238 45 intelliguntur
1819 1085 84 45 de
1861 1085 168 45 virginum
1973 1085 98 45 aureo

1288 1127 91 51 la:
1340 1127 65 51 &
1366 1127 104 51 quod
1431 1127 91 51 sic
1483 1127 169 51 corruptae
1613 1127 91 51 non
1665 1127 156 51 peccant:
1783 1127 104 51 quia
1848 1127 91 51 non
1900 1127 91 51 est
1952 1127 78 51 in
1978 1127 91 51 earum

1293 1169 148 50 ptante
1397 1169 104 50 non
1456 1169 178 50 corrumpi
1590 1169 178 50 corpore.
1723 1169 133 50 quare
1812 1169 104 50 eis
1871 1169 104 50 non
1916 1169 148 50 imputabi

1281 1219 119 49 tur.
1355 1219 119 49 Quia
1430 1219 119 49 sint
1504 1219 238 49 auctoritates
1697 1219 178 49 docentes
1831 1219 178 49 violente
1950 1219 119 49 corru-

1280 1271 146 47 ptas,
1377 1271 130 47 esse
1459 1271 211 47 virgines:
1621 1271 163 47 videre
1735 1271 114 47 est
1800 1271 130 47 apud
1865 1271 195 47 Augustinum

1297 1310 135 52 primo
1387 1310 90 52 de
1432 1310 180 52 ciuitate
1566 1310 105 52 dei
1626 1310 239 52 longiuscule.
1821 1310 90 52 in
1866 1310 135 52 libro
1955 1310 90 52 de
1985 1310 75 52 dua

1287 1350 107 49 bus
1348 1350 198 49 animabus.
1500 1350 76 49 &
1530 1350 91 49 in
1576 1350 137 49 primo
1667 1350 91 49 de
1713 1350 107 49 li.
1774 1350 137 49 arbi.
1865 1350 76 49 &
1880 1350 183 49 Hieronymum

1280 1397 94 55 in
1327 1397 204 55 epistolam
1485 1397 94 55 ad
1532 1397 189 55 Romanos.
1673 1397 79 55 ⁋
1705 1397 157 55 Tertio
1815 1397 204 55 arguitur.
1956 1397 110 55 Omnis

1293 1440 146 52 virtus
1395 1440 146 52 amissa
1498 1440 102 52 est
1556 1440 233 52 reparabilis.
1745 1440 204 52 virginitas
1906 1440 146 52 amissa
1993 1440 73 52 non

1285 1482 283 47 estreparabilis:
1524 1482 119 47 ergo
1598 1482 209 47 virginitas
1762 1482 104 47 non
1822 1482 104 47 est
1881 1482 164 47 virtus.
1986 1482 89 47 con-

1290 1530 207 51 sequentia
1449 1530 111 51 est
1513 1530 95 51 in
1560 1530 175 51 Baroco.
1688 1530 143 51 Minor
1783 1530 143 51 patet
1878 1530 111 51 per
1926 1530 143 51 Hierony

1290 1573 105 51 mu
1342 1573 105 51 in
1395 1573 210 51 epistola
1552 1573 105 51 ad
1605 1573 263 51 Eustochium.
1815 1573 193 51 Audeter
1937 1573 140 51 loquar

1280 1616 93 56 cum
1333 1616 106 56 deus
1399 1616 132 56 possit
1491 1616 119 56 omnia
1571 1616 66 56 /
1597 1616 172 56 suscitare
1729 1616 93 56 non
1782 1616 132 56 potest
1875 1616 159 56 virginem
1981 1616 79 56 post

1283 1663 172 50 ruinam.
1408 1663 78 50 ⁋
1439 1663 249 50 Respondetur.
1642 1663 109 50 cum
1704 1663 125 50 illa
1782 1663 187 50 qualitas
1923 1663 109 50 est
1969 1663 94 50 amis

1280 1709 112 50 sa:
1344 1709 112 50 non
1408 1709 112 50 est
1472 1709 176 50 amplius
1600 1709 240 50 virginitas:
1793 1709 144 50 licet
1873 1709 192 50 propositum

1280 1754 125 47 eius
1359 1754 94 47 de
1405 1754 156 47 specie
1515 1754 266 47 specialissima
1734 1754 172 47 actuali
1859 1754 109 47 vel
1906 1754 172 47 habituali

1290 1793 239 57 recuperetur.
1484 1793 119 57 immo
1559 1793 134 57 licet
1648 1793 119 57 idem
1723 1793 134 57 actus
1812 1793 149 57 numero
1902 1793 164 57 reparetur

1290 1842 67 47 a
1316 1842 108 47 deo:
1384 1842 148 47 nunquam
1492 1842 121 47 tamen
1573 1842 121 47 redit
1654 1842 189 47 virginitas
1802 1842 148 47 propter
1897 1842 175 47 connotatio-

1290 1882 112 54 nem
1354 1882 192 54 termini.
1498 1882 160 54 Aliqui
1610 1882 160 54 nanque
1723 1882 176 54 termini
1851 1882 208 54 supponunt
1995 1882 80 54 pro

1286 1927 158 55 aliquo
1397 1927 222 55 connotando
1571 1927 143 55 talem
1666 1927 222 55 qualitatem
1840 1927 190 55 subiecto
1967 1927 111 55 inhae

1286 1978 114 47 rere
1357 1978 114 47 siue
1429 1978 214 47 corrumpatur
1600 1978 129 47 semel
1686 1978 71 47 /
1715 1978 114 47 siue
1786 1978 114 47 non.
1858 1978 71 47 &
1886 1978 129 47 tales
1958 1978 114 47 termi-

1293 2013 91 61 ni
1338 2013 167 61 propter
1460 2013 152 61 vnicum
1567 2013 183 61 defectum
1704 2013 259 61 connotationis
1917 2013 137 61 adhuc
1993 2013 76 61 pro

1286 2055 127 54 illo
1365 2055 206 54 supponunt
1524 2055 111 54 pro
1587 2055 111 54 quo
1650 2055 143 54 prius
1745 2055 253 54 supponebant.
1951 2055 95 54 vt
1983 2055 95 54 albu

1283 2103 169 50 sciens.
1406 2103 123 50 Alii
1483 2103 123 50 vero
1560 2103 108 50 pro
1621 2103 185 50 subiecto
1760 2103 200 50 supponunt
1899 2103 169 50 connotan-

1293 2151 89 53 do
1338 2151 118 53 quod
1411 2151 162 53 nunquam
1529 2151 207 53 ceciderunt
1692 2151 207 53 actualiter
1854 2151 89 53 in
1898 2151 133 53 actum
1972 2151 103 53 exte-

1282 2195 190 49 riorem:
1420 2195 87 49 &
1455 2195 104 49 si
1507 2195 242 49 ceciderunt
1697 2195 121 49 non
1766 2195 225 49 supponunt
1940 2195 121 49 pro
1991 2195 87 49 eis

1282 2235 182 55 amplius
1415 2235 182 55 defectu
1547 2235 297 55 connotationis.
1794 2235 99 55 vt
1844 2235 116 55 hoc
1893 2235 182 55 complexum

1292 2284 153 45 status
1399 2284 230 45 innocentiae
1583 2284 123 45 post
1660 2284 184 45 peccatum
1798 2284 184 45 primorum
1921 2284 153 45 parentum

1291 2335 66 47 &
1317 2335 210 47 poenitentiam
1488 2335 144 47 pactam.
1593 2335 118 47 Licet
1671 2335 105 47 enim
1737 2335 157 47 quilibet
1855 2335 131 47 fuerit
1947 2335 79 47 in
1973 2335 105 47 gratia

1294 2369 74 51 &
1324 2369 133 51 omnis
1413 2369 163 51 peccati
1531 2369 177 51 expeors:
1664 2369 148 51 status
1767 2369 222 51 innocentiae
1945 2369 104 51 non
1989 2369 89 51 recu

1302 2417 174 58 perabitur.
1438 2417 137 58 simiter
1537 2417 87 58 hoc
1587 2417 174 58 complexum,
1724 2417 137 58 nunquam
1823 2417 137 58 peccat:
1922 2417 87 58 num
1972 2417 99 58 quam
2021 2417 50 58 ce

1289 2459 141 55 cidit
1383 2459 94 55 ad
1430 2459 172 55 terram,
1555 2459 125 55 post
1634 2459 141 55 casum
1728 2459 94 55 in
1775 2459 157 55 terram
1884 2459 110 55 non
1931 2459 141 55 amplius

1296 2503 177 49 supponit
1429 2503 103 49 pro
1488 2503 118 49 illo
1561 2503 103 49 pro
1620 2503 103 49 quo
1679 2503 221 49 supponebat.
1856 2503 103 49 Sic
1915 2503 103 49 est
1974 2503 88 49 de
2003 2503 74 49 il-

1284 2544 91 55 Io
1329 2544 167 55 termino
1451 2544 167 55 (virgo)
1573 2544 107 55 qui
1634 2544 183 55 connotat
1771 2544 122 55 quod
1847 2544 198 55 subiectum
1984 2544 91 55 eius

1296 2593 163 51 nunquam
1415 2593 119 51 fuit
1489 2593 193 51 corruptum
1638 2593 223 51 libidinose.
1816 2593 208 51 Virginitas
1965 2593 104 51 tamen

1303 2643 143 46 amissa
1403 2643 115 46 ante
1475 2643 244 46 coniunctionem
1675 2643 172 46 carnalem
1805 2643 100 46 est
1848 2643 229 46 recuperabilis:

1297 2684 81 52 &
1329 2684 113 52 qui
1394 2684 113 52 sic
1458 2684 113 52 eam
1523 2684 242 52 recuperauit
1716 2684 194 52 decedens
1861 2684 194 52 aureolam
1990 2684 97 52 vir-

1300 2723 122 69 ginum
1382 2723 163 69 habebit.
1504 2723 190 69 Virginitas
1654 2723 109 69 enim
1722 2723 163 69 connotat
1844 2723 109 69 quod
1912 2723 95 69 num
1966 2723 109 69 quam
2021 2723 54 69 eo
