<?xml version="1.0" encoding="UTF-8"?>
<alto xmlns:xsi="http://www.w3.org/2001/XMLSchema-instance"
      xmlns="http://www.loc.gov/standards/alto/ns-v2#"
      xmlns:page="http://schema.primaresearch.org/PAGE/gts/pagecontent/2013-07-15"
      xsi:schemaLocation="http://www.loc.gov/standards/alto/ns-v2# http://www.loc.gov/standards/alto/alto.xsd">
   <Description>
      <MeasurementUnit>pixel</MeasurementUnit>
      <OCRProcessing ID="IdOcr">
         <ocrProcessingStep>
            <processingDateTime>2020-06-19T10:10:26.998-04:00</processingDateTime>
            <processingSoftware>
               <softwareCreator>READ COOP</softwareCreator>
               <softwareName>Transkribus</softwareName>
            </processingSoftware>
         </ocrProcessingStep>
      </OCRProcessing>
   </Description>
   <Tags/>
   <Layout>
      <Page ID="Page1" PHYSICAL_IMG_NR="1" HEIGHT="3315" WIDTH="2337">
         <TopMargin HEIGHT="0" WIDTH="2337" VPOS="0" HPOS="0"/>
         <LeftMargin HEIGHT="3315" WIDTH="0" VPOS="0" HPOS="0"/>
         <RightMargin HEIGHT="3315" WIDTH="0" VPOS="0" HPOS="2337"/>
         <BottomMargin HEIGHT="0" WIDTH="2337" VPOS="3315" HPOS="0"/>
         <PrintSpace HEIGHT="3315" WIDTH="2337" VPOS="0" HPOS="0">
            <TextBlock ID="TextRegion_1592177719892_2271"
                       HEIGHT="2518"
                       WIDTH="811"
                       VPOS="279"
                       HPOS="497">
               <Shape>
                  <Polygon POINTS="497,279 1308,279 1308,2797 497,2797"/>
               </Shape>
               <TextLine ID="r1l2"
                         BASELINE="399"
                         HEIGHT="56"
                         WIDTH="757"
                         VPOS="343"
                         HPOS="496">
                  <String HEIGHT="56"
                          WIDTH="131"
                          VPOS="343"
                          HPOS="481"
                          CONTENT="nibus"/>
                  <SP HEIGHT="56" WIDTH="15" VPOS="343" HPOS="612"/>
                  <String HEIGHT="56"
                          WIDTH="175"
                          VPOS="343"
                          HPOS="569"
                          CONTENT="sequitur"/>
                  <SP HEIGHT="56" WIDTH="15" VPOS="343" HPOS="743"/>
                  <String HEIGHT="56"
                          WIDTH="116"
                          VPOS="343"
                          HPOS="700"
                          CONTENT="quod"/>
                  <SP HEIGHT="56" WIDTH="15" VPOS="343" HPOS="816"/>
                  <String HEIGHT="56"
                          WIDTH="175"
                          VPOS="343"
                          HPOS="773"
                          CONTENT="castitas"/>
                  <SP HEIGHT="56" WIDTH="15" VPOS="343" HPOS="947"/>
                  <String HEIGHT="56"
                          WIDTH="204"
                          VPOS="343"
                          HPOS="904"
                          CONTENT="coniugalis"/>
                  <SP HEIGHT="56" WIDTH="15" VPOS="343" HPOS="1107"/>
                  <String HEIGHT="56"
                          WIDTH="102"
                          VPOS="343"
                          HPOS="1064"
                          CONTENT="est"/>
                  <SP HEIGHT="56" WIDTH="15" VPOS="343" HPOS="1166"/>
                  <String HEIGHT="56"
                          WIDTH="131"
                          VPOS="343"
                          HPOS="1122"
                          CONTENT="bona."/>
                  <SP HEIGHT="56" WIDTH="15" VPOS="343" HPOS="1253"/>
                  <String HEIGHT="56" WIDTH="58" VPOS="343" HPOS="1195" CONTENT="pa"/>
               </TextLine>
               <TextLine ID="r1l4"
                         BASELINE="445"
                         HEIGHT="51"
                         WIDTH="756"
                         VPOS="394"
                         HPOS="496">
                  <String HEIGHT="51" WIDTH="100" VPOS="394" HPOS="482" CONTENT="tet"/>
                  <SP HEIGHT="51" WIDTH="14" VPOS="394" HPOS="582"/>
                  <String HEIGHT="51"
                          WIDTH="114"
                          VPOS="394"
                          HPOS="539"
                          CONTENT="sic."/>
                  <SP HEIGHT="51" WIDTH="14" VPOS="394" HPOS="653"/>
                  <String HEIGHT="51"
                          WIDTH="171"
                          VPOS="394"
                          HPOS="610"
                          CONTENT="castitas"/>
                  <SP HEIGHT="51" WIDTH="14" VPOS="394" HPOS="781"/>
                  <String HEIGHT="51"
                          WIDTH="171"
                          VPOS="394"
                          HPOS="738"
                          CONTENT="vidualis"/>
                  <SP HEIGHT="51" WIDTH="14" VPOS="394" HPOS="910"/>
                  <String HEIGHT="51" WIDTH="71" VPOS="394" HPOS="867" CONTENT="&amp;"/>
                  <SP HEIGHT="51" WIDTH="14" VPOS="394" HPOS="938"/>
                  <String HEIGHT="51"
                          WIDTH="200"
                          VPOS="394"
                          HPOS="895"
                          CONTENT="virginalis"/>
                  <SP HEIGHT="51" WIDTH="14" VPOS="394" HPOS="1095"/>
                  <String HEIGHT="51"
                          WIDTH="100"
                          VPOS="394"
                          HPOS="1052"
                          CONTENT="est"/>
                  <SP HEIGHT="51" WIDTH="14" VPOS="394" HPOS="1152"/>
                  <String HEIGHT="51" WIDTH="86" VPOS="394" HPOS="1109" CONTENT="ea"/>
                  <SP HEIGHT="51" WIDTH="14" VPOS="394" HPOS="1195"/>
                  <String HEIGHT="51"
                          WIDTH="114"
                          VPOS="394"
                          HPOS="1138"
                          CONTENT="melior"/>
               </TextLine>
               <TextLine ID="r1l6"
                         BASELINE="494"
                         HEIGHT="52"
                         WIDTH="770"
                         VPOS="442"
                         HPOS="492">
                  <String HEIGHT="52"
                          WIDTH="123"
                          VPOS="442"
                          HPOS="477"
                          CONTENT="ergo"/>
                  <SP HEIGHT="52" WIDTH="15" VPOS="442" HPOS="600"/>
                  <String HEIGHT="52"
                          WIDTH="123"
                          VPOS="442"
                          HPOS="554"
                          CONTENT="ipsa"/>
                  <SP HEIGHT="52" WIDTH="15" VPOS="442" HPOS="677"/>
                  <String HEIGHT="52" WIDTH="108" VPOS="442" HPOS="631" CONTENT="est"/>
                  <SP HEIGHT="52" WIDTH="15" VPOS="442" HPOS="738"/>
                  <String HEIGHT="52"
                          WIDTH="139"
                          VPOS="442"
                          HPOS="692"
                          CONTENT="bona,"/>
                  <SP HEIGHT="52" WIDTH="15" VPOS="442" HPOS="831"/>
                  <String HEIGHT="52" WIDTH="92" VPOS="442" HPOS="785" CONTENT="ab"/>
                  <SP HEIGHT="52" WIDTH="15" VPOS="442" HPOS="877"/>
                  <String HEIGHT="52"
                          WIDTH="216"
                          VPOS="442"
                          HPOS="831"
                          CONTENT="exponibili"/>
                  <SP HEIGHT="52" WIDTH="15" VPOS="442" HPOS="1046"/>
                  <String HEIGHT="52"
                          WIDTH="216"
                          VPOS="442"
                          HPOS="1000"
                          CONTENT="copulatiue"/>
                  <SP HEIGHT="52" WIDTH="15" VPOS="442" HPOS="1216"/>
                  <String HEIGHT="52" WIDTH="92" VPOS="442" HPOS="1170" CONTENT="ad"/>
                  <SP HEIGHT="52" WIDTH="15" VPOS="442" HPOS="1262"/>
                  <String HEIGHT="52" WIDTH="62" VPOS="442" HPOS="1200" CONTENT="al"/>
               </TextLine>
               <TextLine ID="r1l8"
                         BASELINE="539"
                         HEIGHT="55"
                         WIDTH="768"
                         VPOS="484"
                         HPOS="498">
                  <String HEIGHT="55"
                          WIDTH="123"
                          VPOS="484"
                          HPOS="484"
                          CONTENT="teram"/>
                  <SP HEIGHT="55" WIDTH="14" VPOS="484" HPOS="608"/>
                  <String HEIGHT="55"
                          WIDTH="206"
                          VPOS="484"
                          HPOS="567"
                          CONTENT="exponentium"/>
                  <SP HEIGHT="55" WIDTH="14" VPOS="484" HPOS="772"/>
                  <String HEIGHT="55"
                          WIDTH="151"
                          VPOS="484"
                          HPOS="731"
                          CONTENT="proprie"/>
                  <SP HEIGHT="55" WIDTH="14" VPOS="484" HPOS="882"/>
                  <String HEIGHT="55"
                          WIDTH="219"
                          VPOS="484"
                          HPOS="841"
                          CONTENT="comparatiuum"/>
                  <SP HEIGHT="55" WIDTH="14" VPOS="484" HPOS="1060"/>
                  <String HEIGHT="55"
                          WIDTH="178"
                          VPOS="484"
                          HPOS="1019"
                          CONTENT="capiendo."/>
                  <SP HEIGHT="55" WIDTH="14" VPOS="484" HPOS="1197"/>
                  <String HEIGHT="55" WIDTH="82" VPOS="484" HPOS="1156" CONTENT="Et"/>
                  <SP HEIGHT="55" WIDTH="14" VPOS="484" HPOS="1239"/>
                  <String HEIGHT="55"
                          WIDTH="82"
                          VPOS="484"
                          HPOS="1184"
                          CONTENT="ptet"/>
               </TextLine>
               <TextLine ID="r1l11"
                         BASELINE="596"
                         HEIGHT="69"
                         WIDTH="653"
                         VPOS="527"
                         HPOS="495">
                  <String HEIGHT="69" WIDTH="104" VPOS="527" HPOS="480" CONTENT="hoc"/>
                  <SP HEIGHT="69" WIDTH="15" VPOS="527" HPOS="584"/>
                  <String HEIGHT="69"
                          WIDTH="134"
                          VPOS="527"
                          HPOS="540"
                          CONTENT="ipsum"/>
                  <SP HEIGHT="69" WIDTH="15" VPOS="527" HPOS="673"/>
                  <String HEIGHT="69" WIDTH="104" VPOS="527" HPOS="629" CONTENT="per"/>
                  <SP HEIGHT="69" WIDTH="15" VPOS="527" HPOS="732"/>
                  <String HEIGHT="69"
                          WIDTH="208"
                          VPOS="527"
                          HPOS="688"
                          CONTENT="Apostolum."/>
                  <SP HEIGHT="69" WIDTH="15" VPOS="527" HPOS="896"/>
                  <String HEIGHT="69" WIDTH="89" VPOS="527" HPOS="851" CONTENT="i."/>
                  <SP HEIGHT="69" WIDTH="15" VPOS="527" HPOS="940"/>
                  <String HEIGHT="69" WIDTH="89" VPOS="527" HPOS="896" CONTENT="ad"/>
                  <SP HEIGHT="69" WIDTH="15" VPOS="527" HPOS="985"/>
                  <String HEIGHT="69"
                          WIDTH="178"
                          VPOS="527"
                          HPOS="940"
                          CONTENT="Corinth."/>
                  <SP HEIGHT="69" WIDTH="15" VPOS="527" HPOS="1118"/>
                  <String HEIGHT="69"
                          WIDTH="89"
                          VPOS="527"
                          HPOS="1059"
                          CONTENT="vii."/>
               </TextLine>
               <TextLine ID="r1l13"
                         BASELINE="670"
                         HEIGHT="80"
                         WIDTH="754"
                         VPOS="590"
                         HPOS="508">
                  <String HEIGHT="80" WIDTH="111" VPOS="590" HPOS="486" CONTENT="⁋"/>
                  <SP HEIGHT="80" WIDTH="22" VPOS="590" HPOS="597"/>
                  <String HEIGHT="80"
                          WIDTH="222"
                          VPOS="590"
                          HPOS="530"
                          CONTENT="Contra"/>
                  <SP HEIGHT="80" WIDTH="22" VPOS="590" HPOS="752"/>
                  <String HEIGHT="80"
                          WIDTH="222"
                          VPOS="590"
                          HPOS="685"
                          CONTENT="primam"/>
                  <SP HEIGHT="80" WIDTH="22" VPOS="590" HPOS="907"/>
                  <String HEIGHT="80"
                          WIDTH="355"
                          VPOS="590"
                          HPOS="841"
                          CONTENT="conclusionem"/>
                  <SP HEIGHT="80" WIDTH="22" VPOS="590" HPOS="1195"/>
                  <String HEIGHT="80"
                          WIDTH="155"
                          VPOS="590"
                          HPOS="1107"
                          CONTENT="argui"/>
               </TextLine>
               <TextLine ID="r1l15"
                         BASELINE="703"
                         HEIGHT="44"
                         WIDTH="754"
                         VPOS="659"
                         HPOS="508">
                  <String HEIGHT="44"
                          WIDTH="116"
                          VPOS="659"
                          HPOS="494"
                          CONTENT="tur."/>
                  <SP HEIGHT="44" WIDTH="15" VPOS="659" HPOS="610"/>
                  <String HEIGHT="44"
                          WIDTH="145"
                          VPOS="659"
                          HPOS="566"
                          CONTENT="viduis"/>
                  <SP HEIGHT="44" WIDTH="15" VPOS="659" HPOS="711"/>
                  <String HEIGHT="44" WIDTH="73" VPOS="659" HPOS="668" CONTENT="&amp;"/>
                  <SP HEIGHT="44" WIDTH="15" VPOS="659" HPOS="740"/>
                  <String HEIGHT="44"
                          WIDTH="203"
                          VPOS="659"
                          HPOS="697"
                          CONTENT="coniugibus"/>
                  <SP HEIGHT="44" WIDTH="15" VPOS="659" HPOS="900"/>
                  <String HEIGHT="44"
                          WIDTH="218"
                          VPOS="659"
                          HPOS="856"
                          CONTENT="difficilius"/>
                  <SP HEIGHT="44" WIDTH="15" VPOS="659" HPOS="1074"/>
                  <String HEIGHT="44"
                          WIDTH="102"
                          VPOS="659"
                          HPOS="1030"
                          CONTENT="est"/>
                  <SP HEIGHT="44" WIDTH="15" VPOS="659" HPOS="1132"/>
                  <String HEIGHT="44"
                          WIDTH="189"
                          VPOS="659"
                          HPOS="1074"
                          CONTENT="continenter"/>
               </TextLine>
               <TextLine ID="r1l17"
                         BASELINE="758"
                         HEIGHT="57"
                         WIDTH="758"
                         VPOS="701"
                         HPOS="510">
                  <String HEIGHT="57"
                          WIDTH="138"
                          VPOS="701"
                          HPOS="496"
                          CONTENT="viuere"/>
                  <SP HEIGHT="57" WIDTH="14" VPOS="701" HPOS="634"/>
                  <String HEIGHT="57"
                          WIDTH="110"
                          VPOS="701"
                          HPOS="593"
                          CONTENT="quam"/>
                  <SP HEIGHT="57" WIDTH="14" VPOS="701" HPOS="703"/>
                  <String HEIGHT="57"
                          WIDTH="207"
                          VPOS="701"
                          HPOS="662"
                          CONTENT="virginibus:"/>
                  <SP HEIGHT="57" WIDTH="14" VPOS="701" HPOS="868"/>
                  <String HEIGHT="57"
                          WIDTH="110"
                          VPOS="701"
                          HPOS="827"
                          CONTENT="ergo"/>
                  <SP HEIGHT="57" WIDTH="14" VPOS="701" HPOS="937"/>
                  <String HEIGHT="57"
                          WIDTH="110"
                          VPOS="701"
                          HPOS="896"
                          CONTENT="plus"/>
                  <SP HEIGHT="57" WIDTH="14" VPOS="701" HPOS="1006"/>
                  <String HEIGHT="57"
                          WIDTH="179"
                          VPOS="701"
                          HPOS="965"
                          CONTENT="merentur,"/>
                  <SP HEIGHT="57" WIDTH="14" VPOS="701" HPOS="1144"/>
                  <String HEIGHT="57"
                          WIDTH="124"
                          VPOS="701"
                          HPOS="1103"
                          CONTENT="probo"/>
                  <SP HEIGHT="57" WIDTH="14" VPOS="701" HPOS="1227"/>
                  <String HEIGHT="57"
                          WIDTH="96"
                          VPOS="701"
                          HPOS="1172"
                          CONTENT="conse"/>
               </TextLine>
               <TextLine ID="r1l19"
                         BASELINE="803"
                         HEIGHT="51"
                         WIDTH="769"
                         VPOS="752"
                         HPOS="501">
                  <String HEIGHT="51"
                          WIDTH="177"
                          VPOS="752"
                          HPOS="486"
                          CONTENT="quentia,"/>
                  <SP HEIGHT="51" WIDTH="15" VPOS="752" HPOS="664"/>
                  <String HEIGHT="51"
                          WIDTH="133"
                          VPOS="752"
                          HPOS="619"
                          CONTENT="sicut"/>
                  <SP HEIGHT="51" WIDTH="15" VPOS="752" HPOS="752"/>
                  <String HEIGHT="51"
                          WIDTH="163"
                          VPOS="752"
                          HPOS="708"
                          CONTENT="probaui"/>
                  <SP HEIGHT="51" WIDTH="15" VPOS="752" HPOS="871"/>
                  <String HEIGHT="51"
                          WIDTH="237"
                          VPOS="752"
                          HPOS="826"
                          CONTENT="conclusionem"/>
                  <SP HEIGHT="51" WIDTH="15" VPOS="752" HPOS="1063"/>
                  <String HEIGHT="51"
                          WIDTH="118"
                          VPOS="752"
                          HPOS="1019"
                          CONTENT="quam"/>
                  <SP HEIGHT="51" WIDTH="15" VPOS="752" HPOS="1137"/>
                  <String HEIGHT="51"
                          WIDTH="192"
                          VPOS="752"
                          HPOS="1078"
                          CONTENT="impugnamus."/>
               </TextLine>
               <TextLine ID="r1l21"
                         BASELINE="846"
                         HEIGHT="57"
                         WIDTH="767"
                         VPOS="789"
                         HPOS="507">
                  <String HEIGHT="57"
                          WIDTH="215"
                          VPOS="789"
                          HPOS="492"
                          CONTENT="antecedens"/>
                  <SP HEIGHT="57" WIDTH="15" VPOS="789" HPOS="706"/>
                  <String HEIGHT="57"
                          WIDTH="153"
                          VPOS="789"
                          HPOS="660"
                          CONTENT="patet,"/>
                  <SP HEIGHT="57" WIDTH="15" VPOS="789" HPOS="814"/>
                  <String HEIGHT="57"
                          WIDTH="123"
                          VPOS="789"
                          HPOS="768"
                          CONTENT="quia"/>
                  <SP HEIGHT="57" WIDTH="15" VPOS="789" HPOS="891"/>
                  <String HEIGHT="57" WIDTH="92" VPOS="789" HPOS="844" CONTENT="ob"/>
                  <SP HEIGHT="57" WIDTH="15" VPOS="789" HPOS="937"/>
                  <String HEIGHT="57"
                          WIDTH="169"
                          VPOS="789"
                          HPOS="891"
                          CONTENT="experta"/>
                  <SP HEIGHT="57" WIDTH="15" VPOS="789" HPOS="1059"/>
                  <String HEIGHT="57"
                          WIDTH="169"
                          VPOS="789"
                          HPOS="1013"
                          CONTENT="venerea"/>
                  <SP HEIGHT="57" WIDTH="15" VPOS="789" HPOS="1182"/>
                  <String HEIGHT="57"
                          WIDTH="153"
                          VPOS="789"
                          HPOS="1121"
                          CONTENT="diffici"
                          SUBS_TYPE="HypPart1"
                          SUBS_CONTENT="difficilius"/>
                  <HYP CONTENT="-"/>
               </TextLine>
               <TextLine ID="r1l23"
                         BASELINE="891"
                         HEIGHT="59"
                         WIDTH="770"
                         VPOS="832"
                         HPOS="505">
                  <String HEIGHT="59"
                          WIDTH="104"
                          VPOS="832"
                          HPOS="492"
                          CONTENT="lius"
                          SUBS_TYPE="HypPart2"
                          SUBS_CONTENT="difficilius"/>
                  <SP HEIGHT="59" WIDTH="13" VPOS="832" HPOS="596"/>
                  <String HEIGHT="59"
                          WIDTH="183"
                          VPOS="832"
                          HPOS="557"
                          CONTENT="continent."/>
                  <SP HEIGHT="59" WIDTH="13" VPOS="832" HPOS="740"/>
                  <String HEIGHT="59"
                          WIDTH="104"
                          VPOS="832"
                          HPOS="701"
                          CONTENT="hinc"/>
                  <SP HEIGHT="59" WIDTH="13" VPOS="832" HPOS="805"/>
                  <String HEIGHT="59" WIDTH="91" VPOS="832" HPOS="766" CONTENT="Leo"/>
                  <SP HEIGHT="59" WIDTH="13" VPOS="832" HPOS="857"/>
                  <String HEIGHT="59"
                          WIDTH="117"
                          VPOS="832"
                          HPOS="818"
                          CONTENT="papa,"/>
                  <SP HEIGHT="59" WIDTH="13" VPOS="832" HPOS="936"/>
                  <String HEIGHT="59" WIDTH="78" VPOS="832" HPOS="897" CONTENT="vt"/>
                  <SP HEIGHT="59" WIDTH="13" VPOS="832" HPOS="975"/>
                  <String HEIGHT="59"
                          WIDTH="183"
                          VPOS="832"
                          HPOS="936"
                          CONTENT="recitatur."/>
                  <SP HEIGHT="59" WIDTH="13" VPOS="832" HPOS="1118"/>
                  <String HEIGHT="59"
                          WIDTH="131"
                          VPOS="832"
                          HPOS="1079"
                          CONTENT="xxxii."/>
                  <SP HEIGHT="59" WIDTH="13" VPOS="832" HPOS="1210"/>
                  <String HEIGHT="59"
                          WIDTH="104"
                          VPOS="832"
                          HPOS="1171"
                          CONTENT="qui."/>
                  <SP HEIGHT="59" WIDTH="13" VPOS="832" HPOS="1275"/>
                  <String HEIGHT="59" WIDTH="52" VPOS="832" HPOS="1223" CONTENT="v."/>
               </TextLine>
               <TextLine ID="r1l25"
                         BASELINE="929"
                         HEIGHT="52"
                         WIDTH="766"
                         VPOS="877"
                         HPOS="502">
                  <String HEIGHT="52" WIDTH="84" VPOS="877" HPOS="490" CONTENT="in."/>
                  <SP HEIGHT="52" WIDTH="12" VPOS="877" HPOS="574"/>
                  <String HEIGHT="52" WIDTH="72" VPOS="877" HPOS="538" CONTENT="c."/>
                  <SP HEIGHT="52" WIDTH="12" VPOS="877" HPOS="610"/>
                  <String HEIGHT="52"
                          WIDTH="120"
                          VPOS="877"
                          HPOS="574"
                          CONTENT="Illae."/>
                  <SP HEIGHT="52" WIDTH="12" VPOS="877" HPOS="694"/>
                  <String HEIGHT="52" WIDTH="84" VPOS="877" HPOS="658" CONTENT="sic"/>
                  <SP HEIGHT="52" WIDTH="12" VPOS="877" HPOS="741"/>
                  <String HEIGHT="52" WIDTH="96" VPOS="877" HPOS="705" CONTENT="ait."/>
                  <SP HEIGHT="52" WIDTH="12" VPOS="877" HPOS="801"/>
                  <String HEIGHT="52"
                          WIDTH="108"
                          VPOS="877"
                          HPOS="765"
                          CONTENT="Illae"/>
                  <SP HEIGHT="52" WIDTH="12" VPOS="877" HPOS="873"/>
                  <String HEIGHT="52"
                          WIDTH="108"
                          VPOS="877"
                          HPOS="837"
                          CONTENT="autem"/>
                  <SP HEIGHT="52" WIDTH="12" VPOS="877" HPOS="945"/>
                  <String HEIGHT="52"
                          WIDTH="132"
                          VPOS="877"
                          HPOS="909"
                          CONTENT="famulae"/>
                  <SP HEIGHT="52" WIDTH="12" VPOS="877" HPOS="1041"/>
                  <String HEIGHT="52" WIDTH="84" VPOS="877" HPOS="1005" CONTENT="dei"/>
                  <SP HEIGHT="52" WIDTH="12" VPOS="877" HPOS="1088"/>
                  <String HEIGHT="52"
                          WIDTH="96"
                          VPOS="877"
                          HPOS="1053"
                          CONTENT="quae"/>
                  <SP HEIGHT="52" WIDTH="12" VPOS="877" HPOS="1148"/>
                  <String HEIGHT="52"
                          WIDTH="168"
                          VPOS="877"
                          HPOS="1100"
                          CONTENT="integritatem"/>
               </TextLine>
               <TextLine ID="r1l27"
                         BASELINE="974"
                         HEIGHT="56"
                         WIDTH="754"
                         VPOS="918"
                         HPOS="517">
                  <String HEIGHT="56"
                          WIDTH="166"
                          VPOS="918"
                          HPOS="502"
                          CONTENT="pudoris"/>
                  <SP HEIGHT="56" WIDTH="15" VPOS="918" HPOS="668"/>
                  <String HEIGHT="56"
                          WIDTH="226"
                          VPOS="918"
                          HPOS="623"
                          CONTENT="oppressione"/>
                  <SP HEIGHT="56" WIDTH="15" VPOS="918" HPOS="849"/>
                  <String HEIGHT="56"
                          WIDTH="196"
                          VPOS="918"
                          HPOS="804"
                          CONTENT="barbarica"/>
                  <SP HEIGHT="56" WIDTH="15" VPOS="918" HPOS="1000"/>
                  <String HEIGHT="56"
                          WIDTH="241"
                          VPOS="918"
                          HPOS="954"
                          CONTENT="perdiderunt:"/>
                  <SP HEIGHT="56" WIDTH="15" VPOS="918" HPOS="1196"/>
                  <String HEIGHT="56"
                          WIDTH="136"
                          VPOS="918"
                          HPOS="1135"
                          CONTENT="laudabi"/>
               </TextLine>
               <TextLine ID="r1l29"
                         BASELINE="1020"
                         HEIGHT="53"
                         WIDTH="778"
                         VPOS="967"
                         HPOS="496">
                  <String HEIGHT="53"
                          WIDTH="141"
                          VPOS="967"
                          HPOS="482"
                          CONTENT="liores"/>
                  <SP HEIGHT="53" WIDTH="14" VPOS="967" HPOS="623"/>
                  <String HEIGHT="53"
                          WIDTH="127"
                          VPOS="967"
                          HPOS="581"
                          CONTENT="erunt"/>
                  <SP HEIGHT="53" WIDTH="14" VPOS="967" HPOS="708"/>
                  <String HEIGHT="53" WIDTH="85" VPOS="967" HPOS="666" CONTENT="in"/>
                  <SP HEIGHT="53" WIDTH="14" VPOS="967" HPOS="751"/>
                  <String HEIGHT="53"
                          WIDTH="198"
                          VPOS="967"
                          HPOS="708"
                          CONTENT="humilitate"/>
                  <SP HEIGHT="53" WIDTH="14" VPOS="967" HPOS="906"/>
                  <String HEIGHT="53" WIDTH="85" VPOS="967" HPOS="864" CONTENT="ac"/>
                  <SP HEIGHT="53" WIDTH="14" VPOS="967" HPOS="949"/>
                  <String HEIGHT="53"
                          WIDTH="198"
                          VPOS="967"
                          HPOS="906"
                          CONTENT="verecundia"/>
                  <SP HEIGHT="53" WIDTH="14" VPOS="967" HPOS="1104"/>
                  <String HEIGHT="53" WIDTH="85" VPOS="967" HPOS="1062" CONTENT="si"/>
                  <SP HEIGHT="53" WIDTH="14" VPOS="967" HPOS="1147"/>
                  <String HEIGHT="53" WIDTH="85" VPOS="967" HPOS="1104" CONTENT="se"/>
                  <SP HEIGHT="53" WIDTH="14" VPOS="967" HPOS="1189"/>
                  <String HEIGHT="53"
                          WIDTH="141"
                          VPOS="967"
                          HPOS="1133"
                          CONTENT="inconta"
                          SUBS_TYPE="HypPart1"
                          SUBS_CONTENT="incontaminatis"/>
                  <HYP CONTENT="-"/>
               </TextLine>
               <TextLine ID="r1l31"
                         BASELINE="1065"
                         HEIGHT="51"
                         WIDTH="770"
                         VPOS="1014"
                         HPOS="501">
                  <String HEIGHT="51"
                          WIDTH="180"
                          VPOS="1014"
                          HPOS="485"
                          CONTENT="minatis"
                          SUBS_TYPE="HypPart2"
                          SUBS_CONTENT="incontaminatis"/>
                  <SP HEIGHT="51" WIDTH="16" VPOS="1014" HPOS="665"/>
                  <String HEIGHT="51"
                          WIDTH="115"
                          VPOS="1014"
                          HPOS="616"
                          CONTENT="non"/>
                  <SP HEIGHT="51" WIDTH="16" VPOS="1014" HPOS="730"/>
                  <String HEIGHT="51"
                          WIDTH="180"
                          VPOS="1014"
                          HPOS="681"
                          CONTENT="audeant"/>
                  <SP HEIGHT="51" WIDTH="16" VPOS="1014" HPOS="861"/>
                  <String HEIGHT="51"
                          WIDTH="213"
                          VPOS="1014"
                          HPOS="812"
                          CONTENT="comparare"/>
                  <SP HEIGHT="51" WIDTH="16" VPOS="1014" HPOS="1025"/>
                  <String HEIGHT="51"
                          WIDTH="246"
                          VPOS="1014"
                          HPOS="976"
                          CONTENT="virginibus."/>
                  <SP HEIGHT="51" WIDTH="16" VPOS="1014" HPOS="1222"/>
                  <String HEIGHT="51" WIDTH="82" VPOS="1014" HPOS="1173" CONTENT="⁋"/>
                  <SP HEIGHT="51" WIDTH="16" VPOS="1014" HPOS="1255"/>
                  <String HEIGHT="51"
                          WIDTH="82"
                          VPOS="1014"
                          HPOS="1189"
                          CONTENT="Re"
                          SUBS_TYPE="HypPart1"
                          SUBS_CONTENT="Respondetur"/>
                  <HYP CONTENT="-"/>
               </TextLine>
               <TextLine ID="r1l33"
                         BASELINE="1109"
                         HEIGHT="54"
                         WIDTH="766"
                         VPOS="1055"
                         HPOS="507">
                  <String HEIGHT="54"
                          WIDTH="195"
                          VPOS="1055"
                          HPOS="492"
                          CONTENT="spondetur"
                          SUBS_TYPE="HypPart2"
                          SUBS_CONTENT="Respondetur"/>
                  <SP HEIGHT="54" WIDTH="15" VPOS="1055" HPOS="687"/>
                  <String HEIGHT="54"
                          WIDTH="165"
                          VPOS="1055"
                          HPOS="642"
                          CONTENT="negando"/>
                  <SP HEIGHT="54" WIDTH="15" VPOS="1055" HPOS="807"/>
                  <String HEIGHT="54"
                          WIDTH="120"
                          VPOS="1055"
                          HPOS="762"
                          CONTENT="quod"/>
                  <SP HEIGHT="54" WIDTH="15" VPOS="1055" HPOS="882"/>
                  <String HEIGHT="54"
                          WIDTH="105"
                          VPOS="1055"
                          HPOS="837"
                          CONTENT="sit"/>
                  <SP HEIGHT="54" WIDTH="15" VPOS="1055" HPOS="943"/>
                  <String HEIGHT="54"
                          WIDTH="225"
                          VPOS="1055"
                          HPOS="898"
                          CONTENT="difficilius"/>
                  <SP HEIGHT="54" WIDTH="15" VPOS="1055" HPOS="1123"/>
                  <String HEIGHT="54"
                          WIDTH="150"
                          VPOS="1055"
                          HPOS="1078"
                          CONTENT="viduis"/>
                  <SP HEIGHT="54" WIDTH="15" VPOS="1055" HPOS="1228"/>
                  <String HEIGHT="54" WIDTH="75" VPOS="1055" HPOS="1183" CONTENT="&amp;"/>
                  <SP HEIGHT="54" WIDTH="15" VPOS="1055" HPOS="1258"/>
                  <String HEIGHT="54"
                          WIDTH="75"
                          VPOS="1055"
                          HPOS="1198"
                          CONTENT="con"/>
               </TextLine>
               <TextLine ID="r1l35"
                         BASELINE="1149"
                         HEIGHT="46"
                         WIDTH="769"
                         VPOS="1103"
                         HPOS="502">
                  <String HEIGHT="46"
                          WIDTH="173"
                          VPOS="1103"
                          HPOS="486"
                          CONTENT="iugibus"/>
                  <SP HEIGHT="46" WIDTH="16" VPOS="1103" HPOS="659"/>
                  <String HEIGHT="46"
                          WIDTH="220"
                          VPOS="1103"
                          HPOS="612"
                          CONTENT="continere:"/>
                  <SP HEIGHT="46" WIDTH="16" VPOS="1103" HPOS="832"/>
                  <String HEIGHT="46"
                          WIDTH="126"
                          VPOS="1103"
                          HPOS="784"
                          CONTENT="quia"/>
                  <SP HEIGHT="46" WIDTH="16" VPOS="1103" HPOS="910"/>
                  <String HEIGHT="46"
                          WIDTH="204"
                          VPOS="1103"
                          HPOS="863"
                          CONTENT="contingit"/>
                  <SP HEIGHT="46" WIDTH="16" VPOS="1103" HPOS="1067"/>
                  <String HEIGHT="46"
                          WIDTH="188"
                          VPOS="1103"
                          HPOS="1020"
                          CONTENT="virginem"/>
                  <SP HEIGHT="46" WIDTH="16" VPOS="1103" HPOS="1208"/>
                  <String HEIGHT="46"
                          WIDTH="126"
                          VPOS="1103"
                          HPOS="1145"
                          CONTENT="putare"/>
               </TextLine>
               <TextLine ID="r1l37"
                         BASELINE="1199"
                         HEIGHT="58"
                         WIDTH="757"
                         VPOS="1141"
                         HPOS="508">
                  <String HEIGHT="58"
                          WIDTH="149"
                          VPOS="1141"
                          HPOS="494"
                          CONTENT="maiorem"/>
                  <SP HEIGHT="58" WIDTH="14" VPOS="1141" HPOS="643"/>
                  <String HEIGHT="58"
                          WIDTH="230"
                          VPOS="1141"
                          HPOS="603"
                          CONTENT="delectationem"/>
                  <SP HEIGHT="58" WIDTH="14" VPOS="1141" HPOS="832"/>
                  <String HEIGHT="58"
                          WIDTH="135"
                          VPOS="1141"
                          HPOS="792"
                          CONTENT="inesse"/>
                  <SP HEIGHT="58" WIDTH="14" VPOS="1141" HPOS="927"/>
                  <String HEIGHT="58"
                          WIDTH="149"
                          VPOS="1141"
                          HPOS="887"
                          CONTENT="copulae"/>
                  <SP HEIGHT="58" WIDTH="14" VPOS="1141" HPOS="1035"/>
                  <String HEIGHT="58"
                          WIDTH="149"
                          VPOS="1141"
                          HPOS="995"
                          CONTENT="carnali"/>
                  <SP HEIGHT="58" WIDTH="14" VPOS="1141" HPOS="1143"/>
                  <String HEIGHT="58"
                          WIDTH="95"
                          VPOS="1141"
                          HPOS="1103"
                          CONTENT="qui"/>
                  <SP HEIGHT="58" WIDTH="14" VPOS="1141" HPOS="1197"/>
                  <String HEIGHT="58"
                          WIDTH="108"
                          VPOS="1141"
                          HPOS="1157"
                          CONTENT="sit."/>
                  <SP HEIGHT="58" WIDTH="14" VPOS="1141" HPOS="1265"/>
                  <String HEIGHT="58" WIDTH="54" VPOS="1141" HPOS="1211" CONTENT="vt"/>
               </TextLine>
               <TextLine ID="r1l39"
                         BASELINE="1235"
                         HEIGHT="48"
                         WIDTH="760"
                         VPOS="1187"
                         HPOS="505">
                  <String HEIGHT="48"
                          WIDTH="106"
                          VPOS="1187"
                          HPOS="490"
                          CONTENT="dua"/>
                  <SP HEIGHT="48" WIDTH="15" VPOS="1187" HPOS="596"/>
                  <String HEIGHT="48"
                          WIDTH="137"
                          VPOS="1187"
                          HPOS="551"
                          CONTENT="autem"/>
                  <SP HEIGHT="48" WIDTH="15" VPOS="1187" HPOS="687"/>
                  <String HEIGHT="48"
                          WIDTH="122"
                          VPOS="1187"
                          HPOS="642"
                          CONTENT="scit"/>
                  <SP HEIGHT="48" WIDTH="15" VPOS="1187" HPOS="763"/>
                  <String HEIGHT="48"
                          WIDTH="152"
                          VPOS="1187"
                          HPOS="718"
                          CONTENT="multas"/>
                  <SP HEIGHT="48" WIDTH="15" VPOS="1187" HPOS="870"/>
                  <String HEIGHT="48"
                          WIDTH="213"
                          VPOS="1187"
                          HPOS="824"
                          CONTENT="anxietates"/>
                  <SP HEIGHT="48" WIDTH="15" VPOS="1187" HPOS="1037"/>
                  <String HEIGHT="48" WIDTH="76" VPOS="1187" HPOS="991" CONTENT="&amp;"/>
                  <SP HEIGHT="48" WIDTH="15" VPOS="1187" HPOS="1067"/>
                  <String HEIGHT="48"
                          WIDTH="243"
                          VPOS="1187"
                          HPOS="1022"
                          CONTENT="turpitudines"/>
                  <SP HEIGHT="48" WIDTH="15" VPOS="1187" HPOS="1265"/>
                  <String HEIGHT="48" WIDTH="61" VPOS="1187" HPOS="1204" CONTENT="in"/>
               </TextLine>
               <TextLine ID="r1l41"
                         BASELINE="1292"
                         HEIGHT="61"
                         WIDTH="755"
                         VPOS="1231"
                         HPOS="510">
                  <String HEIGHT="61"
                          WIDTH="165"
                          VPOS="1231"
                          HPOS="496"
                          CONTENT="venereis"/>
                  <SP HEIGHT="61" WIDTH="14" VPOS="1231" HPOS="661"/>
                  <String HEIGHT="61"
                          WIDTH="110"
                          VPOS="1231"
                          HPOS="620"
                          CONTENT="esse"/>
                  <SP HEIGHT="61" WIDTH="14" VPOS="1231" HPOS="730"/>
                  <String HEIGHT="61" WIDTH="69" VPOS="1231" HPOS="688" CONTENT="/"/>
                  <SP HEIGHT="61" WIDTH="14" VPOS="1231" HPOS="757"/>
                  <String HEIGHT="61"
                          WIDTH="110"
                          VPOS="1231"
                          HPOS="716"
                          CONTENT="quas"/>
                  <SP HEIGHT="61" WIDTH="14" VPOS="1231" HPOS="826"/>
                  <String HEIGHT="61"
                          WIDTH="110"
                          VPOS="1231"
                          HPOS="785"
                          CONTENT="ipsa"/>
                  <SP HEIGHT="61" WIDTH="14" VPOS="1231" HPOS="894"/>
                  <String HEIGHT="61"
                          WIDTH="178"
                          VPOS="1231"
                          HPOS="853"
                          CONTENT="abhorret."/>
                  <SP HEIGHT="61" WIDTH="14" VPOS="1231" HPOS="1032"/>
                  <String HEIGHT="61" WIDTH="82" VPOS="1231" HPOS="990" CONTENT="Si"/>
                  <SP HEIGHT="61" WIDTH="14" VPOS="1231" HPOS="1073"/>
                  <String HEIGHT="61"
                          WIDTH="124"
                          VPOS="1231"
                          HPOS="1032"
                          CONTENT="autem"/>
                  <SP HEIGHT="61" WIDTH="14" VPOS="1231" HPOS="1155"/>
                  <String HEIGHT="61"
                          WIDTH="137"
                          VPOS="1231"
                          HPOS="1114"
                          CONTENT="alicui"/>
                  <SP HEIGHT="61" WIDTH="14" VPOS="1231" HPOS="1251"/>
                  <String HEIGHT="61"
                          WIDTH="69"
                          VPOS="1231"
                          HPOS="1196"
                          CONTENT="sit"/>
               </TextLine>
               <TextLine ID="r1l43"
                         BASELINE="1332"
                         HEIGHT="58"
                         WIDTH="757"
                         VPOS="1274"
                         HPOS="507">
                  <String HEIGHT="58"
                          WIDTH="203"
                          VPOS="1274"
                          HPOS="493"
                          CONTENT="difficilius"/>
                  <SP HEIGHT="58" WIDTH="14" VPOS="1274" HPOS="696"/>
                  <String HEIGHT="58"
                          WIDTH="162"
                          VPOS="1274"
                          HPOS="656"
                          CONTENT="caeteris"/>
                  <SP HEIGHT="58" WIDTH="14" VPOS="1274" HPOS="818"/>
                  <String HEIGHT="58"
                          WIDTH="189"
                          VPOS="1274"
                          HPOS="777"
                          CONTENT="imparibus,"/>
                  <SP HEIGHT="58" WIDTH="14" VPOS="1274" HPOS="967"/>
                  <String HEIGHT="58" WIDTH="95" VPOS="1274" HPOS="926" CONTENT="non"/>
                  <SP HEIGHT="58" WIDTH="14" VPOS="1274" HPOS="1021"/>
                  <String HEIGHT="58"
                          WIDTH="189"
                          VPOS="1274"
                          HPOS="980"
                          CONTENT="inconvenit"/>
                  <SP HEIGHT="58" WIDTH="14" VPOS="1274" HPOS="1169"/>
                  <String HEIGHT="58"
                          WIDTH="108"
                          VPOS="1274"
                          HPOS="1129"
                          CONTENT="quod"/>
                  <SP HEIGHT="58" WIDTH="14" VPOS="1274" HPOS="1237"/>
                  <String HEIGHT="58"
                          WIDTH="81"
                          VPOS="1274"
                          HPOS="1183"
                          CONTENT="plus"/>
               </TextLine>
               <TextLine ID="r1l45"
                         BASELINE="1379"
                         HEIGHT="48"
                         WIDTH="758"
                         VPOS="1331"
                         HPOS="498">
                  <String HEIGHT="48"
                          WIDTH="193"
                          VPOS="1331"
                          HPOS="483"
                          CONTENT="mereatur."/>
                  <SP HEIGHT="48" WIDTH="15" VPOS="1331" HPOS="676"/>
                  <String HEIGHT="48" WIDTH="89" VPOS="1331" HPOS="632" CONTENT="Ad"/>
                  <SP HEIGHT="48" WIDTH="15" VPOS="1331" HPOS="721"/>
                  <String HEIGHT="48"
                          WIDTH="149"
                          VPOS="1331"
                          HPOS="676"
                          CONTENT="dictum"/>
                  <SP HEIGHT="48" WIDTH="15" VPOS="1331" HPOS="825"/>
                  <String HEIGHT="48"
                          WIDTH="149"
                          VPOS="1331"
                          HPOS="780"
                          CONTENT="Leonis"/>
                  <SP HEIGHT="48" WIDTH="15" VPOS="1331" HPOS="929"/>
                  <String HEIGHT="48"
                          WIDTH="134"
                          VPOS="1331"
                          HPOS="884"
                          CONTENT="papae"/>
                  <SP HEIGHT="48" WIDTH="15" VPOS="1331" HPOS="1018"/>
                  <String HEIGHT="48"
                          WIDTH="163"
                          VPOS="1331"
                          HPOS="974"
                          CONTENT="dicitur"/>
                  <SP HEIGHT="48" WIDTH="15" VPOS="1331" HPOS="1137"/>
                  <String HEIGHT="48"
                          WIDTH="119"
                          VPOS="1331"
                          HPOS="1093"
                          CONTENT="quod"/>
                  <SP HEIGHT="48" WIDTH="15" VPOS="1331" HPOS="1211"/>
                  <String HEIGHT="48"
                          WIDTH="104"
                          VPOS="1331"
                          HPOS="1152"
                          CONTENT="mulie"/>
               </TextLine>
               <TextLine ID="r1l47"
                         BASELINE="1424"
                         HEIGHT="46"
                         WIDTH="766"
                         VPOS="1378"
                         HPOS="505">
                  <String HEIGHT="46"
                          WIDTH="165"
                          VPOS="1378"
                          HPOS="490"
                          CONTENT="cognita"/>
                  <SP HEIGHT="46" WIDTH="15" VPOS="1378" HPOS="655"/>
                  <String HEIGHT="46"
                          WIDTH="165"
                          VPOS="1378"
                          HPOS="610"
                          CONTENT="iudicio"/>
                  <SP HEIGHT="46" WIDTH="15" VPOS="1378" HPOS="775"/>
                  <String HEIGHT="46"
                          WIDTH="105"
                          VPOS="1378"
                          HPOS="730"
                          CONTENT="suo"/>
                  <SP HEIGHT="46" WIDTH="15" VPOS="1378" HPOS="835"/>
                  <String HEIGHT="46"
                          WIDTH="105"
                          VPOS="1378"
                          HPOS="790"
                          CONTENT="est"/>
                  <SP HEIGHT="46" WIDTH="15" VPOS="1378" HPOS="896"/>
                  <String HEIGHT="46"
                          WIDTH="195"
                          VPOS="1378"
                          HPOS="850"
                          CONTENT="ingloria:"/>
                  <SP HEIGHT="46" WIDTH="15" VPOS="1378" HPOS="1046"/>
                  <String HEIGHT="46"
                          WIDTH="120"
                          VPOS="1378"
                          HPOS="1001"
                          CONTENT="quia"/>
                  <SP HEIGHT="46" WIDTH="15" VPOS="1378" HPOS="1121"/>
                  <String HEIGHT="46" WIDTH="90" VPOS="1378" HPOS="1076" CONTENT="no"/>
                  <SP HEIGHT="46" WIDTH="15" VPOS="1378" HPOS="1166"/>
                  <String HEIGHT="46"
                          WIDTH="165"
                          VPOS="1378"
                          HPOS="1106"
                          CONTENT="sufficien"/>
               </TextLine>
               <TextLine ID="r1l49"
                         BASELINE="1459"
                         HEIGHT="54"
                         WIDTH="767"
                         VPOS="1405"
                         HPOS="507">
                  <String HEIGHT="54" WIDTH="88" VPOS="1405" HPOS="494" CONTENT="ter"/>
                  <SP HEIGHT="54" WIDTH="13" VPOS="1405" HPOS="582"/>
                  <String HEIGHT="54"
                          WIDTH="138"
                          VPOS="1405"
                          HPOS="545"
                          CONTENT="constat"/>
                  <SP HEIGHT="54" WIDTH="13" VPOS="1405" HPOS="683"/>
                  <String HEIGHT="54" WIDTH="75" VPOS="1405" HPOS="645" CONTENT="an"/>
                  <SP HEIGHT="54" WIDTH="13" VPOS="1405" HPOS="721"/>
                  <String HEIGHT="54"
                          WIDTH="101"
                          VPOS="1405"
                          HPOS="683"
                          CONTENT="ipsa"/>
                  <SP HEIGHT="54" WIDTH="13" VPOS="1405" HPOS="784"/>
                  <String HEIGHT="54"
                          WIDTH="163"
                          VPOS="1405"
                          HPOS="746"
                          CONTENT="restitit:"/>
                  <SP HEIGHT="54" WIDTH="13" VPOS="1405" HPOS="909"/>
                  <String HEIGHT="54" WIDTH="63" VPOS="1405" HPOS="872" CONTENT="&amp;"/>
                  <SP HEIGHT="54" WIDTH="13" VPOS="1405" HPOS="935"/>
                  <String HEIGHT="54"
                          WIDTH="138"
                          VPOS="1405"
                          HPOS="897"
                          CONTENT="quamuis"/>
                  <SP HEIGHT="54" WIDTH="13" VPOS="1405" HPOS="1035"/>
                  <String HEIGHT="54"
                          WIDTH="189"
                          VPOS="1405"
                          HPOS="997"
                          CONTENT="cognoscatur"/>
                  <SP HEIGHT="54" WIDTH="13" VPOS="1405" HPOS="1186"/>
                  <String HEIGHT="54" WIDTH="63" VPOS="1405" HPOS="1148" CONTENT="/"/>
                  <SP HEIGHT="54" WIDTH="13" VPOS="1405" HPOS="1211"/>
                  <String HEIGHT="54" WIDTH="63" VPOS="1405" HPOS="1173" CONTENT="/"/>
                  <SP HEIGHT="54" WIDTH="13" VPOS="1405" HPOS="1236"/>
                  <String HEIGHT="54"
                          WIDTH="88"
                          VPOS="1405"
                          HPOS="1186"
                          CONTENT="praea"/>
               </TextLine>
               <TextLine ID="r1l51"
                         BASELINE="1509"
                         HEIGHT="52"
                         WIDTH="760"
                         VPOS="1457"
                         HPOS="507">
                  <String HEIGHT="52"
                          WIDTH="111"
                          VPOS="1457"
                          HPOS="491"
                          CONTENT="non"/>
                  <SP HEIGHT="52" WIDTH="16" VPOS="1457" HPOS="602"/>
                  <String HEIGHT="52"
                          WIDTH="143"
                          VPOS="1457"
                          HPOS="555"
                          CONTENT="debet"/>
                  <SP HEIGHT="52" WIDTH="16" VPOS="1457" HPOS="697"/>
                  <String HEIGHT="52"
                          WIDTH="253"
                          VPOS="1457"
                          HPOS="650"
                          CONTENT="verecundari:"/>
                  <SP HEIGHT="52" WIDTH="16" VPOS="1457" HPOS="903"/>
                  <String HEIGHT="52"
                          WIDTH="143"
                          VPOS="1457"
                          HPOS="855"
                          CONTENT="tamen"/>
                  <SP HEIGHT="52" WIDTH="16" VPOS="1457" HPOS="998"/>
                  <String HEIGHT="52"
                          WIDTH="253"
                          VPOS="1457"
                          HPOS="950"
                          CONTENT="verecundatur"/>
                  <SP HEIGHT="52" WIDTH="16" VPOS="1457" HPOS="1204"/>
                  <String HEIGHT="52" WIDTH="79" VPOS="1457" HPOS="1156" CONTENT="&amp;"/>
                  <SP HEIGHT="52" WIDTH="16" VPOS="1457" HPOS="1235"/>
                  <String HEIGHT="52"
                          WIDTH="95"
                          VPOS="1457"
                          HPOS="1172"
                          CONTENT="mino"/>
               </TextLine>
               <TextLine ID="r1l53"
                         BASELINE="1555"
                         HEIGHT="61"
                         WIDTH="765"
                         VPOS="1494"
                         HPOS="511">
                  <String HEIGHT="61"
                          WIDTH="103"
                          VPOS="1494"
                          HPOS="496"
                          CONTENT="ris"/>
                  <SP HEIGHT="61" WIDTH="15" VPOS="1494" HPOS="599"/>
                  <String HEIGHT="61"
                          WIDTH="162"
                          VPOS="1494"
                          HPOS="555"
                          CONTENT="seipsam"/>
                  <SP HEIGHT="61" WIDTH="15" VPOS="1494" HPOS="717"/>
                  <String HEIGHT="61"
                          WIDTH="191"
                          VPOS="1494"
                          HPOS="673"
                          CONTENT="aestimat:"/>
                  <SP HEIGHT="61" WIDTH="15" VPOS="1494" HPOS="864"/>
                  <String HEIGHT="61" WIDTH="74" VPOS="1494" HPOS="820" CONTENT="&amp;"/>
                  <SP HEIGHT="61" WIDTH="15" VPOS="1494" HPOS="894"/>
                  <String HEIGHT="61" WIDTH="88" VPOS="1494" HPOS="849" CONTENT="ex"/>
                  <SP HEIGHT="61" WIDTH="15" VPOS="1494" HPOS="938"/>
                  <String HEIGHT="61"
                          WIDTH="221"
                          VPOS="1494"
                          HPOS="894"
                          CONTENT="consequenti"/>
                  <SP HEIGHT="61" WIDTH="15" VPOS="1494" HPOS="1114"/>
                  <String HEIGHT="61"
                          WIDTH="132"
                          VPOS="1494"
                          HPOS="1070"
                          CONTENT="minus"/>
                  <SP HEIGHT="61" WIDTH="15" VPOS="1494" HPOS="1202"/>
                  <String HEIGHT="61"
                          WIDTH="103"
                          VPOS="1494"
                          HPOS="1158"
                          CONTENT="pro"/>
                  <SP HEIGHT="61" WIDTH="15" VPOS="1494" HPOS="1261"/>
                  <String HEIGHT="61"
                          WIDTH="74"
                          VPOS="1494"
                          HPOS="1202"
                          CONTENT="ca"
                          SUBS_TYPE="HypPart1"
                          SUBS_CONTENT="castitate"/>
                  <HYP CONTENT="-"/>
               </TextLine>
               <TextLine ID="r1l55"
                         BASELINE="1591"
                         HEIGHT="52"
                         WIDTH="760"
                         VPOS="1539"
                         HPOS="505">
                  <String HEIGHT="52"
                          WIDTH="171"
                          VPOS="1539"
                          HPOS="489"
                          CONTENT="stitate"
                          SUBS_TYPE="HypPart2"
                          SUBS_CONTENT="castitate"/>
                  <SP HEIGHT="52" WIDTH="16" VPOS="1539" HPOS="660"/>
                  <String HEIGHT="52"
                          WIDTH="186"
                          VPOS="1539"
                          HPOS="614"
                          CONTENT="seruanda"/>
                  <SP HEIGHT="52" WIDTH="16" VPOS="1539" HPOS="800"/>
                  <String HEIGHT="52"
                          WIDTH="186"
                          VPOS="1539"
                          HPOS="753"
                          CONTENT="laborat."/>
                  <SP HEIGHT="52" WIDTH="16" VPOS="1539" HPOS="939"/>
                  <String HEIGHT="52" WIDTH="78" VPOS="1539" HPOS="893" CONTENT="⁋"/>
                  <SP HEIGHT="52" WIDTH="16" VPOS="1539" HPOS="970"/>
                  <String HEIGHT="52"
                          WIDTH="171"
                          VPOS="1539"
                          HPOS="924"
                          CONTENT="Secundo"/>
                  <SP HEIGHT="52" WIDTH="16" VPOS="1539" HPOS="1094"/>
                  <String HEIGHT="52"
                          WIDTH="202"
                          VPOS="1539"
                          HPOS="1048"
                          CONTENT="arguitur."/>
                  <SP HEIGHT="52" WIDTH="16" VPOS="1539" HPOS="1249"/>
                  <String HEIGHT="52"
                          WIDTH="78"
                          VPOS="1539"
                          HPOS="1187"
                          CONTENT="Vir"/>
               </TextLine>
               <TextLine ID="r1l57"
                         BASELINE="1636"
                         HEIGHT="46"
                         WIDTH="748"
                         VPOS="1590"
                         HPOS="520">
                  <String HEIGHT="46"
                          WIDTH="165"
                          VPOS="1590"
                          HPOS="505"
                          CONTENT="ginitas"/>
                  <SP HEIGHT="46" WIDTH="15" VPOS="1590" HPOS="670"/>
                  <String HEIGHT="46"
                          WIDTH="165"
                          VPOS="1590"
                          HPOS="625"
                          CONTENT="loannis"/>
                  <SP HEIGHT="46" WIDTH="15" VPOS="1590" HPOS="789"/>
                  <String HEIGHT="46"
                          WIDTH="105"
                          VPOS="1590"
                          HPOS="744"
                          CONTENT="non"/>
                  <SP HEIGHT="46" WIDTH="15" VPOS="1590" HPOS="849"/>
                  <String HEIGHT="46"
                          WIDTH="209"
                          VPOS="1590"
                          HPOS="804"
                          CONTENT="praefertur"/>
                  <SP HEIGHT="46" WIDTH="15" VPOS="1590" HPOS="1014"/>
                  <String HEIGHT="46"
                          WIDTH="194"
                          VPOS="1590"
                          HPOS="969"
                          CONTENT="castitati"/>
                  <SP HEIGHT="46" WIDTH="15" VPOS="1590" HPOS="1163"/>
                  <String HEIGHT="46"
                          WIDTH="165"
                          VPOS="1590"
                          HPOS="1103"
                          CONTENT="coniugali"/>
               </TextLine>
               <TextLine ID="r1l59"
                         BASELINE="1681"
                         HEIGHT="47"
                         WIDTH="766"
                         VPOS="1634"
                         HPOS="511">
                  <String HEIGHT="47"
                          WIDTH="167"
                          VPOS="1634"
                          HPOS="497"
                          CONTENT="Abrahae."/>
                  <SP HEIGHT="47" WIDTH="14" VPOS="1634" HPOS="664"/>
                  <String HEIGHT="47" WIDTH="84" VPOS="1634" HPOS="622" CONTENT="vt"/>
                  <SP HEIGHT="47" WIDTH="14" VPOS="1634" HPOS="706"/>
                  <String HEIGHT="47"
                          WIDTH="125"
                          VPOS="1634"
                          HPOS="664"
                          CONTENT="dicit"/>
                  <SP HEIGHT="47" WIDTH="14" VPOS="1634" HPOS="790"/>
                  <String HEIGHT="47"
                          WIDTH="167"
                          VPOS="1634"
                          HPOS="748"
                          CONTENT="Augusti."/>
                  <SP HEIGHT="47" WIDTH="14" VPOS="1634" HPOS="915"/>
                  <String HEIGHT="47" WIDTH="84" VPOS="1634" HPOS="873" CONTENT="in"/>
                  <SP HEIGHT="47" WIDTH="14" VPOS="1634" HPOS="957"/>
                  <String HEIGHT="47"
                          WIDTH="111"
                          VPOS="1634"
                          HPOS="915"
                          CONTENT="lib."/>
                  <SP HEIGHT="47" WIDTH="14" VPOS="1634" HPOS="1026"/>
                  <String HEIGHT="47" WIDTH="84" VPOS="1634" HPOS="985" CONTENT="de"/>
                  <SP HEIGHT="47" WIDTH="14" VPOS="1634" HPOS="1068"/>
                  <String HEIGHT="47"
                          WIDTH="209"
                          VPOS="1634"
                          HPOS="1026"
                          CONTENT="virginibus."/>
                  <SP HEIGHT="47" WIDTH="14" VPOS="1634" HPOS="1235"/>
                  <String HEIGHT="47" WIDTH="70" VPOS="1634" HPOS="1193" CONTENT="&amp;"/>
                  <SP HEIGHT="47" WIDTH="14" VPOS="1634" HPOS="1263"/>
                  <String HEIGHT="47" WIDTH="84" VPOS="1634" HPOS="1221" CONTENT="in"/>
                  <SP HEIGHT="47" WIDTH="14" VPOS="1634" HPOS="1305"/>
                  <String HEIGHT="47" WIDTH="28" VPOS="1634" HPOS="1249" CONTENT=""/>
               </TextLine>
               <TextLine ID="r1l61"
                         BASELINE="1732"
                         HEIGHT="57"
                         WIDTH="757"
                         VPOS="1675"
                         HPOS="507">
                  <String HEIGHT="57"
                          WIDTH="116"
                          VPOS="1675"
                          HPOS="492"
                          CONTENT="lib."/>
                  <SP HEIGHT="57" WIDTH="15" VPOS="1675" HPOS="609"/>
                  <String HEIGHT="57" WIDTH="87" VPOS="1675" HPOS="565" CONTENT="de"/>
                  <SP HEIGHT="57" WIDTH="15" VPOS="1675" HPOS="653"/>
                  <String HEIGHT="57"
                          WIDTH="116"
                          VPOS="1675"
                          HPOS="609"
                          CONTENT="bono"/>
                  <SP HEIGHT="57" WIDTH="15" VPOS="1675" HPOS="725"/>
                  <String HEIGHT="57"
                          WIDTH="204"
                          VPOS="1675"
                          HPOS="682"
                          CONTENT="coniugali."/>
                  <SP HEIGHT="57" WIDTH="15" VPOS="1675" HPOS="886"/>
                  <String HEIGHT="57"
                          WIDTH="131"
                          VPOS="1675"
                          HPOS="842"
                          CONTENT="sicut"/>
                  <SP HEIGHT="57" WIDTH="15" VPOS="1675" HPOS="973"/>
                  <String HEIGHT="57"
                          WIDTH="102"
                          VPOS="1675"
                          HPOS="929"
                          CONTENT="nec"/>
                  <SP HEIGHT="57" WIDTH="15" VPOS="1675" HPOS="1031"/>
                  <String HEIGHT="57"
                          WIDTH="116"
                          VPOS="1675"
                          HPOS="987"
                          CONTENT="mors"/>
                  <SP HEIGHT="57" WIDTH="15" VPOS="1675" HPOS="1104"/>
                  <String HEIGHT="57"
                          WIDTH="131"
                          VPOS="1675"
                          HPOS="1060"
                          CONTENT="Petri"/>
                  <SP HEIGHT="57" WIDTH="15" VPOS="1675" HPOS="1191"/>
                  <String HEIGHT="57"
                          WIDTH="131"
                          VPOS="1675"
                          HPOS="1133"
                          CONTENT="praefer"/>
               </TextLine>
               <TextLine ID="r1l63"
                         BASELINE="1775"
                         HEIGHT="56"
                         WIDTH="764"
                         VPOS="1719"
                         HPOS="513">
                  <String HEIGHT="56"
                          WIDTH="103"
                          VPOS="1719"
                          HPOS="498"
                          CONTENT="tur"/>
                  <SP HEIGHT="56" WIDTH="15" VPOS="1719" HPOS="601"/>
                  <String HEIGHT="56"
                          WIDTH="132"
                          VPOS="1719"
                          HPOS="557"
                          CONTENT="vitae"/>
                  <SP HEIGHT="56" WIDTH="15" VPOS="1719" HPOS="689"/>
                  <String HEIGHT="56"
                          WIDTH="176"
                          VPOS="1719"
                          HPOS="645"
                          CONTENT="loannis."/>
                  <SP HEIGHT="56" WIDTH="15" VPOS="1719" HPOS="822"/>
                  <String HEIGHT="56" WIDTH="73" VPOS="1719" HPOS="777" CONTENT="⁋"/>
                  <SP HEIGHT="56" WIDTH="15" VPOS="1719" HPOS="851"/>
                  <String HEIGHT="56"
                          WIDTH="235"
                          VPOS="1719"
                          HPOS="807"
                          CONTENT="Respondetur."/>
                  <SP HEIGHT="56" WIDTH="15" VPOS="1719" HPOS="1042"/>
                  <String HEIGHT="56"
                          WIDTH="191"
                          VPOS="1719"
                          HPOS="998"
                          CONTENT="possibile"/>
                  <SP HEIGHT="56" WIDTH="15" VPOS="1719" HPOS="1189"/>
                  <String HEIGHT="56"
                          WIDTH="103"
                          VPOS="1719"
                          HPOS="1145"
                          CONTENT="est"/>
                  <SP HEIGHT="56" WIDTH="15" VPOS="1719" HPOS="1248"/>
                  <String HEIGHT="56"
                          WIDTH="88"
                          VPOS="1719"
                          HPOS="1189"
                          CONTENT="dare"/>
               </TextLine>
               <TextLine ID="r1l65"
                         BASELINE="1810"
                         HEIGHT="45"
                         WIDTH="766"
                         VPOS="1765"
                         HPOS="502">
                  <String HEIGHT="45"
                          WIDTH="148"
                          VPOS="1765"
                          HPOS="489"
                          CONTENT="aliquam"/>
                  <SP HEIGHT="45" WIDTH="13" VPOS="1765" HPOS="636"/>
                  <String HEIGHT="45"
                          WIDTH="188"
                          VPOS="1765"
                          HPOS="596"
                          CONTENT="castitatem"/>
                  <SP HEIGHT="45" WIDTH="13" VPOS="1765" HPOS="784"/>
                  <String HEIGHT="45"
                          WIDTH="188"
                          VPOS="1765"
                          HPOS="744"
                          CONTENT="coniugalem"/>
                  <SP HEIGHT="45" WIDTH="13" VPOS="1765" HPOS="932"/>
                  <String HEIGHT="45"
                          WIDTH="161"
                          VPOS="1765"
                          HPOS="892"
                          CONTENT="aequalis"/>
                  <SP HEIGHT="45" WIDTH="13" VPOS="1765" HPOS="1053"/>
                  <String HEIGHT="45"
                          WIDTH="134"
                          VPOS="1765"
                          HPOS="1013"
                          CONTENT="meriti"/>
                  <SP HEIGHT="45" WIDTH="13" VPOS="1765" HPOS="1147"/>
                  <String HEIGHT="45"
                          WIDTH="94"
                          VPOS="1765"
                          HPOS="1107"
                          CONTENT="cum"/>
                  <SP HEIGHT="45" WIDTH="13" VPOS="1765" HPOS="1201"/>
                  <String HEIGHT="45"
                          WIDTH="121"
                          VPOS="1765"
                          HPOS="1147"
                          CONTENT="castita"/>
               </TextLine>
               <TextLine ID="r1l67"
                         BASELINE="1870"
                         HEIGHT="62"
                         WIDTH="761"
                         VPOS="1808"
                         HPOS="517">
                  <String HEIGHT="62" WIDTH="90" VPOS="1808" HPOS="502" CONTENT="te"/>
                  <SP HEIGHT="62" WIDTH="15" VPOS="1808" HPOS="592"/>
                  <String HEIGHT="62"
                          WIDTH="194"
                          VPOS="1808"
                          HPOS="547"
                          CONTENT="virginea."/>
                  <SP HEIGHT="62" WIDTH="15" VPOS="1808" HPOS="741"/>
                  <String HEIGHT="62"
                          WIDTH="164"
                          VPOS="1808"
                          HPOS="696"
                          CONTENT="Abraham"/>
                  <SP HEIGHT="62" WIDTH="15" VPOS="1808" HPOS="860"/>
                  <String HEIGHT="62"
                          WIDTH="149"
                          VPOS="1808"
                          HPOS="815"
                          CONTENT="namque"/>
                  <SP HEIGHT="62" WIDTH="15" VPOS="1808" HPOS="965"/>
                  <String HEIGHT="62"
                          WIDTH="104"
                          VPOS="1808"
                          HPOS="920"
                          CONTENT="diu"/>
                  <SP HEIGHT="62" WIDTH="15" VPOS="1808" HPOS="1024"/>
                  <String HEIGHT="62"
                          WIDTH="149"
                          VPOS="1808"
                          HPOS="980"
                          CONTENT="mansit"/>
                  <SP HEIGHT="62" WIDTH="15" VPOS="1808" HPOS="1129"/>
                  <String HEIGHT="62"
                          WIDTH="179"
                          VPOS="1808"
                          HPOS="1084"
                          CONTENT="coniunx:"/>
                  <SP HEIGHT="62" WIDTH="15" VPOS="1808" HPOS="1263"/>
                  <String HEIGHT="62"
                          WIDTH="75"
                          VPOS="1808"
                          HPOS="1203"
                          CONTENT="non"/>
               </TextLine>
               <TextLine ID="r1l69"
                         BASELINE="1902"
                         HEIGHT="48"
                         WIDTH="754"
                         VPOS="1854"
                         HPOS="508">
                  <String HEIGHT="48"
                          WIDTH="100"
                          VPOS="1854"
                          HPOS="494"
                          CONTENT="ita"/>
                  <SP HEIGHT="48" WIDTH="14" VPOS="1854" HPOS="593"/>
                  <String HEIGHT="48"
                          WIDTH="100"
                          VPOS="1854"
                          HPOS="551"
                          CONTENT="diu"/>
                  <SP HEIGHT="48" WIDTH="14" VPOS="1854" HPOS="650"/>
                  <String HEIGHT="48"
                          WIDTH="114"
                          VPOS="1854"
                          HPOS="608"
                          CONTENT="fuit"/>
                  <SP HEIGHT="48" WIDTH="14" VPOS="1854" HPOS="721"/>
                  <String HEIGHT="48"
                          WIDTH="156"
                          VPOS="1854"
                          HPOS="679"
                          CONTENT="loannes"/>
                  <SP HEIGHT="48" WIDTH="14" VPOS="1854" HPOS="835"/>
                  <String HEIGHT="48"
                          WIDTH="142"
                          VPOS="1854"
                          HPOS="793"
                          CONTENT="virgo."/>
                  <SP HEIGHT="48" WIDTH="14" VPOS="1854" HPOS="935"/>
                  <String HEIGHT="48"
                          WIDTH="156"
                          VPOS="1854"
                          HPOS="892"
                          CONTENT="Secundo"/>
                  <SP HEIGHT="48" WIDTH="14" VPOS="1854" HPOS="1049"/>
                  <String HEIGHT="48"
                          WIDTH="114"
                          VPOS="1854"
                          HPOS="1006"
                          CONTENT="dico"/>
                  <SP HEIGHT="48" WIDTH="14" VPOS="1854" HPOS="1120"/>
                  <String HEIGHT="48"
                          WIDTH="114"
                          VPOS="1854"
                          HPOS="1077"
                          CONTENT="quod"/>
                  <SP HEIGHT="48" WIDTH="14" VPOS="1854" HPOS="1191"/>
                  <String HEIGHT="48"
                          WIDTH="128"
                          VPOS="1854"
                          HPOS="1134"
                          CONTENT="virgini"/>
               </TextLine>
               <TextLine ID="r1l71"
                         BASELINE="1956"
                         HEIGHT="52"
                         WIDTH="768"
                         VPOS="1904"
                         HPOS="510">
                  <String HEIGHT="52" WIDTH="96" VPOS="1904" HPOS="496" CONTENT="tas"/>
                  <SP HEIGHT="52" WIDTH="14" VPOS="1904" HPOS="592"/>
                  <String HEIGHT="52"
                          WIDTH="151"
                          VPOS="1904"
                          HPOS="551"
                          CONTENT="fuisset"/>
                  <SP HEIGHT="52" WIDTH="14" VPOS="1904" HPOS="702"/>
                  <String HEIGHT="52"
                          WIDTH="151"
                          VPOS="1904"
                          HPOS="661"
                          CONTENT="Abrahae"/>
                  <SP HEIGHT="52" WIDTH="14" VPOS="1904" HPOS="812"/>
                  <String HEIGHT="52"
                          WIDTH="151"
                          VPOS="1904"
                          HPOS="771"
                          CONTENT="vitium:"/>
                  <SP HEIGHT="52" WIDTH="14" VPOS="1904" HPOS="921"/>
                  <String HEIGHT="52" WIDTH="96" VPOS="1904" HPOS="880" CONTENT="cum"/>
                  <SP HEIGHT="52" WIDTH="14" VPOS="1904" HPOS="976"/>
                  <String HEIGHT="52" WIDTH="82" VPOS="1904" HPOS="935" CONTENT="ei"/>
                  <SP HEIGHT="52" WIDTH="14" VPOS="1904" HPOS="1017"/>
                  <String HEIGHT="52" WIDTH="96" VPOS="1904" HPOS="976" CONTENT="sit"/>
                  <SP HEIGHT="52" WIDTH="14" VPOS="1904" HPOS="1072"/>
                  <String HEIGHT="52"
                          WIDTH="151"
                          VPOS="1904"
                          HPOS="1031"
                          CONTENT="dictum."/>
                  <SP HEIGHT="52" WIDTH="14" VPOS="1904" HPOS="1182"/>
                  <String HEIGHT="52" WIDTH="82" VPOS="1904" HPOS="1141" CONTENT="In"/>
                  <SP HEIGHT="52" WIDTH="14" VPOS="1904" HPOS="1223"/>
                  <String HEIGHT="52"
                          WIDTH="110"
                          VPOS="1904"
                          HPOS="1168"
                          CONTENT="semine"/>
               </TextLine>
               <TextLine ID="r1l73"
                         BASELINE="1995"
                         HEIGHT="49"
                         WIDTH="771"
                         VPOS="1946"
                         HPOS="506">
                  <String HEIGHT="49" WIDTH="91" VPOS="1946" HPOS="493" CONTENT="tuo"/>
                  <SP HEIGHT="49" WIDTH="13" VPOS="1946" HPOS="584"/>
                  <String HEIGHT="49"
                          WIDTH="209"
                          VPOS="1946"
                          HPOS="545"
                          CONTENT="benedicentur"/>
                  <SP HEIGHT="49" WIDTH="13" VPOS="1946" HPOS="754"/>
                  <String HEIGHT="49"
                          WIDTH="118"
                          VPOS="1946"
                          HPOS="715"
                          CONTENT="omnes"/>
                  <SP HEIGHT="49" WIDTH="13" VPOS="1946" HPOS="833"/>
                  <String HEIGHT="49"
                          WIDTH="144"
                          VPOS="1946"
                          HPOS="793"
                          CONTENT="gentes."/>
                  <SP HEIGHT="49" WIDTH="13" VPOS="1946" HPOS="937"/>
                  <String HEIGHT="49"
                          WIDTH="144"
                          VPOS="1946"
                          HPOS="898"
                          CONTENT="paratus"/>
                  <SP HEIGHT="49" WIDTH="13" VPOS="1946" HPOS="1042"/>
                  <String HEIGHT="49"
                          WIDTH="118"
                          VPOS="1946"
                          HPOS="1003"
                          CONTENT="tamen"/>
                  <SP HEIGHT="49" WIDTH="13" VPOS="1946" HPOS="1120"/>
                  <String HEIGHT="49"
                          WIDTH="105"
                          VPOS="1946"
                          HPOS="1081"
                          CONTENT="erat"/>
                  <SP HEIGHT="49" WIDTH="13" VPOS="1946" HPOS="1186"/>
                  <String HEIGHT="49"
                          WIDTH="105"
                          VPOS="1946"
                          HPOS="1146"
                          CONTENT="more"/>
                  <SP HEIGHT="49" WIDTH="13" VPOS="1946" HPOS="1251"/>
                  <String HEIGHT="49"
                          WIDTH="78"
                          VPOS="1946"
                          HPOS="1199"
                          CONTENT="loan"/>
               </TextLine>
               <TextLine ID="r1l75"
                         BASELINE="2044"
                         HEIGHT="52"
                         WIDTH="763"
                         VPOS="1992"
                         HPOS="508">
                  <String HEIGHT="52" WIDTH="94" VPOS="1992" HPOS="495" CONTENT="nis"/>
                  <SP HEIGHT="52" WIDTH="13" VPOS="1992" HPOS="588"/>
                  <String HEIGHT="52"
                          WIDTH="120"
                          VPOS="1992"
                          HPOS="548"
                          CONTENT="vitam"/>
                  <SP HEIGHT="52" WIDTH="13" VPOS="1992" HPOS="669"/>
                  <String HEIGHT="52"
                          WIDTH="161"
                          VPOS="1992"
                          HPOS="628"
                          CONTENT="caelibem"/>
                  <SP HEIGHT="52" WIDTH="13" VPOS="1992" HPOS="789"/>
                  <String HEIGHT="52"
                          WIDTH="147"
                          VPOS="1992"
                          HPOS="749"
                          CONTENT="ducere:"/>
                  <SP HEIGHT="52" WIDTH="13" VPOS="1992" HPOS="896"/>
                  <String HEIGHT="52" WIDTH="80" VPOS="1992" HPOS="856" CONTENT="si"/>
                  <SP HEIGHT="52" WIDTH="13" VPOS="1992" HPOS="936"/>
                  <String HEIGHT="52"
                          WIDTH="107"
                          VPOS="1992"
                          HPOS="896"
                          CONTENT="deus"/>
                  <SP HEIGHT="52" WIDTH="13" VPOS="1992" HPOS="1003"/>
                  <String HEIGHT="52" WIDTH="80" VPOS="1992" HPOS="963" CONTENT="ei"/>
                  <SP HEIGHT="52" WIDTH="13" VPOS="1992" HPOS="1043"/>
                  <String HEIGHT="52"
                          WIDTH="228"
                          VPOS="1992"
                          HPOS="1003"
                          CONTENT="praecepisset."/>
                  <SP HEIGHT="52" WIDTH="13" VPOS="1992" HPOS="1231"/>
                  <String HEIGHT="52" WIDTH="80" VPOS="1992" HPOS="1191" CONTENT="vt"/>
                  <SP HEIGHT="52" WIDTH="13" VPOS="1992" HPOS="1271"/>
                  <String HEIGHT="52" WIDTH="54" VPOS="1992" HPOS="1217" CONTENT="Au"/>
               </TextLine>
               <TextLine ID="r1l77"
                         BASELINE="2085"
                         HEIGHT="55"
                         WIDTH="758"
                         VPOS="2030"
                         HPOS="513">
                  <String HEIGHT="55" WIDTH="93" VPOS="2030" HPOS="500" CONTENT="gu."/>
                  <SP HEIGHT="55" WIDTH="13" VPOS="2030" HPOS="593"/>
                  <String HEIGHT="55"
                          WIDTH="133"
                          VPOS="2030"
                          HPOS="553"
                          CONTENT="dicit,"/>
                  <SP HEIGHT="55" WIDTH="13" VPOS="2030" HPOS="686"/>
                  <String HEIGHT="55"
                          WIDTH="199"
                          VPOS="2030"
                          HPOS="646"
                          CONTENT="quemadmodum"/>
                  <SP HEIGHT="55" WIDTH="13" VPOS="2030" HPOS="845"/>
                  <String HEIGHT="55" WIDTH="80" VPOS="2030" HPOS="806" CONTENT="si"/>
                  <SP HEIGHT="55" WIDTH="13" VPOS="2030" HPOS="885"/>
                  <String HEIGHT="55"
                          WIDTH="106"
                          VPOS="2030"
                          HPOS="845"
                          CONTENT="nunc"/>
                  <SP HEIGHT="55" WIDTH="13" VPOS="2030" HPOS="952"/>
                  <String HEIGHT="55"
                          WIDTH="120"
                          VPOS="2030"
                          HPOS="912"
                          CONTENT="esset"/>
                  <SP HEIGHT="55" WIDTH="13" VPOS="2030" HPOS="1032"/>
                  <String HEIGHT="55"
                          WIDTH="146"
                          VPOS="2030"
                          HPOS="992"
                          CONTENT="aliquis"/>
                  <SP HEIGHT="55" WIDTH="13" VPOS="2030" HPOS="1138"/>
                  <String HEIGHT="55"
                          WIDTH="146"
                          VPOS="2030"
                          HPOS="1098"
                          CONTENT="paratus"/>
                  <SP HEIGHT="55" WIDTH="13" VPOS="2030" HPOS="1244"/>
                  <String HEIGHT="55"
                          WIDTH="80"
                          VPOS="2030"
                          HPOS="1191"
                          CONTENT="ser"
                          SUBS_TYPE="HypPart1"
                          SUBS_CONTENT="seruare"/>
                  <HYP CONTENT="-"/>
               </TextLine>
               <TextLine ID="r1l79"
                         BASELINE="2127"
                         HEIGHT="52"
                         WIDTH="769"
                         VPOS="2075"
                         HPOS="505">
                  <String HEIGHT="52"
                          WIDTH="108"
                          VPOS="2075"
                          HPOS="492"
                          CONTENT="uare"
                          SUBS_TYPE="HypPart2"
                          SUBS_CONTENT="seruare"/>
                  <SP HEIGHT="52" WIDTH="13" VPOS="2075" HPOS="599"/>
                  <String HEIGHT="52"
                          WIDTH="216"
                          VPOS="2075"
                          HPOS="559"
                          CONTENT="virginitatem"/>
                  <SP HEIGHT="52" WIDTH="13" VPOS="2075" HPOS="775"/>
                  <String HEIGHT="52" WIDTH="67" VPOS="2075" HPOS="734" CONTENT="/"/>
                  <SP HEIGHT="52" WIDTH="13" VPOS="2075" HPOS="802"/>
                  <String HEIGHT="52" WIDTH="94" VPOS="2075" HPOS="761" CONTENT="cui"/>
                  <SP HEIGHT="52" WIDTH="13" VPOS="2075" HPOS="856"/>
                  <String HEIGHT="52"
                          WIDTH="108"
                          VPOS="2075"
                          HPOS="815"
                          CONTENT="deus"/>
                  <SP HEIGHT="52" WIDTH="13" VPOS="2075" HPOS="923"/>
                  <String HEIGHT="52"
                          WIDTH="202"
                          VPOS="2075"
                          HPOS="883"
                          CONTENT="praeciperet"/>
                  <SP HEIGHT="52" WIDTH="13" VPOS="2075" HPOS="1085"/>
                  <String HEIGHT="52"
                          WIDTH="175"
                          VPOS="2075"
                          HPOS="1045"
                          CONTENT="coiugium:"/>
                  <SP HEIGHT="52" WIDTH="13" VPOS="2075" HPOS="1220"/>
                  <String HEIGHT="52" WIDTH="81" VPOS="2075" HPOS="1180" CONTENT="is"/>
                  <SP HEIGHT="52" WIDTH="13" VPOS="2075" HPOS="1261"/>
                  <String HEIGHT="52"
                          WIDTH="67"
                          VPOS="2075"
                          HPOS="1207"
                          CONTENT="non"/>
               </TextLine>
               <TextLine ID="r1l81"
                         BASELINE="2168"
                         HEIGHT="42"
                         WIDTH="753"
                         VPOS="2126"
                         HPOS="517">
                  <String HEIGHT="42"
                          WIDTH="126"
                          VPOS="2126"
                          HPOS="503"
                          CONTENT="minus"/>
                  <SP HEIGHT="42" WIDTH="14" VPOS="2126" HPOS="629"/>
                  <String HEIGHT="42"
                          WIDTH="181"
                          VPOS="2126"
                          HPOS="587"
                          CONTENT="mereretur"/>
                  <SP HEIGHT="42" WIDTH="14" VPOS="2126" HPOS="768"/>
                  <String HEIGHT="42" WIDTH="84" VPOS="2126" HPOS="726" CONTENT="in"/>
                  <SP HEIGHT="42" WIDTH="14" VPOS="2126" HPOS="810"/>
                  <String HEIGHT="42"
                          WIDTH="167"
                          VPOS="2126"
                          HPOS="768"
                          CONTENT="coniugio"/>
                  <SP HEIGHT="42" WIDTH="14" VPOS="2126" HPOS="935"/>
                  <String HEIGHT="42" WIDTH="98" VPOS="2126" HPOS="894" CONTENT="qui"/>
                  <SP HEIGHT="42" WIDTH="14" VPOS="2126" HPOS="991"/>
                  <String HEIGHT="42" WIDTH="84" VPOS="2126" HPOS="949" CONTENT="si"/>
                  <SP HEIGHT="42" WIDTH="14" VPOS="2126" HPOS="1033"/>
                  <String HEIGHT="42" WIDTH="84" VPOS="2126" HPOS="991" CONTENT="in"/>
                  <SP HEIGHT="42" WIDTH="14" VPOS="2126" HPOS="1075"/>
                  <String HEIGHT="42"
                          WIDTH="209"
                          VPOS="2126"
                          HPOS="1033"
                          CONTENT="virginitate"/>
                  <SP HEIGHT="42" WIDTH="14" VPOS="2126" HPOS="1242"/>
                  <String HEIGHT="42"
                          WIDTH="84"
                          VPOS="2126"
                          HPOS="1186"
                          CONTENT="viue"/>
               </TextLine>
               <TextLine ID="r1l83"
                         BASELINE="2216"
                         HEIGHT="51"
                         WIDTH="767"
                         VPOS="2165"
                         HPOS="510">
                  <String HEIGHT="51"
                          WIDTH="118"
                          VPOS="2165"
                          HPOS="495"
                          CONTENT="ret:"/>
                  <SP HEIGHT="51" WIDTH="15" VPOS="2165" HPOS="613"/>
                  <String HEIGHT="51"
                          WIDTH="118"
                          VPOS="2165"
                          HPOS="569"
                          CONTENT="modo"/>
                  <SP HEIGHT="51" WIDTH="15" VPOS="2165" HPOS="687"/>
                  <String HEIGHT="51"
                          WIDTH="118"
                          VPOS="2165"
                          HPOS="643"
                          CONTENT="bene"/>
                  <SP HEIGHT="51" WIDTH="15" VPOS="2165" HPOS="761"/>
                  <String HEIGHT="51"
                          WIDTH="221"
                          VPOS="2165"
                          HPOS="717"
                          CONTENT="naturalibus"/>
                  <SP HEIGHT="51" WIDTH="15" VPOS="2165" HPOS="938"/>
                  <String HEIGHT="51"
                          WIDTH="162"
                          VPOS="2165"
                          HPOS="894"
                          CONTENT="vtatur."/>
                  <SP HEIGHT="51" WIDTH="15" VPOS="2165" HPOS="1056"/>
                  <String HEIGHT="51"
                          WIDTH="103"
                          VPOS="2165"
                          HPOS="1012"
                          CONTENT="Hoc"/>
                  <SP HEIGHT="51" WIDTH="15" VPOS="2165" HPOS="1115"/>
                  <String HEIGHT="51"
                          WIDTH="162"
                          VPOS="2165"
                          HPOS="1071"
                          CONTENT="vltimum"/>
                  <SP HEIGHT="51" WIDTH="15" VPOS="2165" HPOS="1233"/>
                  <String HEIGHT="51"
                          WIDTH="103"
                          VPOS="2165"
                          HPOS="1174"
                          CONTENT="dicit"/>
               </TextLine>
               <TextLine ID="r1l85"
                         BASELINE="2273"
                         HEIGHT="67"
                         WIDTH="760"
                         VPOS="2206"
                         HPOS="514">
                  <String HEIGHT="67"
                          WIDTH="152"
                          VPOS="2206"
                          HPOS="499"
                          CONTENT="beatus"/>
                  <SP HEIGHT="67" WIDTH="15" VPOS="2206" HPOS="651"/>
                  <String HEIGHT="67"
                          WIDTH="122"
                          VPOS="2206"
                          HPOS="605"
                          CONTENT="Tho,"/>
                  <SP HEIGHT="67" WIDTH="15" VPOS="2206" HPOS="727"/>
                  <String HEIGHT="67"
                          WIDTH="122"
                          VPOS="2206"
                          HPOS="681"
                          CONTENT="quod"/>
                  <SP HEIGHT="67" WIDTH="15" VPOS="2206" HPOS="803"/>
                  <String HEIGHT="67"
                          WIDTH="182"
                          VPOS="2206"
                          HPOS="757"
                          CONTENT="Martinus"/>
                  <SP HEIGHT="67" WIDTH="15" VPOS="2206" HPOS="940"/>
                  <String HEIGHT="67"
                          WIDTH="106"
                          VPOS="2206"
                          HPOS="894"
                          CONTENT="sic"/>
                  <SP HEIGHT="67" WIDTH="15" VPOS="2206" HPOS="1000"/>
                  <String HEIGHT="67"
                          WIDTH="198"
                          VPOS="2206"
                          HPOS="955"
                          CONTENT="impugnat."/>
                  <SP HEIGHT="67" WIDTH="15" VPOS="2206" HPOS="1152"/>
                  <String HEIGHT="67"
                          WIDTH="152"
                          VPOS="2206"
                          HPOS="1107"
                          CONTENT="habere"/>
                  <SP HEIGHT="67" WIDTH="15" VPOS="2206" HPOS="1259"/>
                  <String HEIGHT="67"
                          WIDTH="76"
                          VPOS="2206"
                          HPOS="1198"
                          CONTENT="vir"/>
               </TextLine>
               <TextLine ID="r1l87"
                         BASELINE="2316"
                         HEIGHT="61"
                         WIDTH="767"
                         VPOS="2255"
                         HPOS="507">
                  <String HEIGHT="61"
                          WIDTH="119"
                          VPOS="2255"
                          HPOS="494"
                          CONTENT="tutem"/>
                  <SP HEIGHT="61" WIDTH="13" VPOS="2255" HPOS="613"/>
                  <String HEIGHT="61"
                          WIDTH="106"
                          VPOS="2255"
                          HPOS="573"
                          CONTENT="actu"/>
                  <SP HEIGHT="61" WIDTH="13" VPOS="2255" HPOS="679"/>
                  <String HEIGHT="61"
                          WIDTH="106"
                          VPOS="2255"
                          HPOS="639"
                          CONTENT="plus"/>
                  <SP HEIGHT="61" WIDTH="13" VPOS="2255" HPOS="745"/>
                  <String HEIGHT="61" WIDTH="93" VPOS="2255" HPOS="705" CONTENT="est"/>
                  <SP HEIGHT="61" WIDTH="13" VPOS="2255" HPOS="798"/>
                  <String HEIGHT="61"
                          WIDTH="106"
                          VPOS="2255"
                          HPOS="758"
                          CONTENT="quam"/>
                  <SP HEIGHT="61" WIDTH="13" VPOS="2255" HPOS="864"/>
                  <String HEIGHT="61" WIDTH="93" VPOS="2255" HPOS="824" CONTENT="eam"/>
                  <SP HEIGHT="61" WIDTH="13" VPOS="2255" HPOS="917"/>
                  <String HEIGHT="61"
                          WIDTH="132"
                          VPOS="2255"
                          HPOS="877"
                          CONTENT="habere"/>
                  <SP HEIGHT="61" WIDTH="13" VPOS="2255" HPOS="1010"/>
                  <String HEIGHT="61"
                          WIDTH="145"
                          VPOS="2255"
                          HPOS="970"
                          CONTENT="secudum"/>
                  <SP HEIGHT="61" WIDTH="13" VPOS="2255" HPOS="1115"/>
                  <String HEIGHT="61"
                          WIDTH="212"
                          VPOS="2255"
                          HPOS="1062"
                          CONTENT="praeparationem"/>
               </TextLine>
               <TextLine ID="r1l89"
                         BASELINE="2351"
                         HEIGHT="51"
                         WIDTH="755"
                         VPOS="2300"
                         HPOS="519">
                  <String HEIGHT="51"
                          WIDTH="151"
                          VPOS="2300"
                          HPOS="504"
                          CONTENT="animi."/>
                  <SP HEIGHT="51" WIDTH="15" VPOS="2300" HPOS="655"/>
                  <String HEIGHT="51"
                          WIDTH="106"
                          VPOS="2300"
                          HPOS="610"
                          CONTENT="sed"/>
                  <SP HEIGHT="51" WIDTH="15" VPOS="2300" HPOS="715"/>
                  <String HEIGHT="51"
                          WIDTH="166"
                          VPOS="2300"
                          HPOS="670"
                          CONTENT="loannes"/>
                  <SP HEIGHT="51" WIDTH="15" VPOS="2300" HPOS="836"/>
                  <String HEIGHT="51"
                          WIDTH="121"
                          VPOS="2300"
                          HPOS="791"
                          CONTENT="erat"/>
                  <SP HEIGHT="51" WIDTH="15" VPOS="2300" HPOS="912"/>
                  <String HEIGHT="51"
                          WIDTH="136"
                          VPOS="2300"
                          HPOS="866"
                          CONTENT="virgo"/>
                  <SP HEIGHT="51" WIDTH="15" VPOS="2300" HPOS="1002"/>
                  <String HEIGHT="51"
                          WIDTH="136"
                          VPOS="2300"
                          HPOS="957"
                          CONTENT="actu:"/>
                  <SP HEIGHT="51" WIDTH="15" VPOS="2300" HPOS="1093"/>
                  <String HEIGHT="51"
                          WIDTH="106"
                          VPOS="2300"
                          HPOS="1048"
                          CONTENT="non"/>
                  <SP HEIGHT="51" WIDTH="15" VPOS="2300" HPOS="1153"/>
                  <String HEIGHT="51"
                          WIDTH="136"
                          VPOS="2300"
                          HPOS="1108"
                          CONTENT="autem"/>
                  <SP HEIGHT="51" WIDTH="15" VPOS="2300" HPOS="1244"/>
                  <String HEIGHT="51"
                          WIDTH="91"
                          VPOS="2300"
                          HPOS="1183"
                          CONTENT="Abra"/>
               </TextLine>
               <TextLine ID="r1l91"
                         BASELINE="2388"
                         HEIGHT="45"
                         WIDTH="763"
                         VPOS="2343"
                         HPOS="511">
                  <String HEIGHT="45"
                          WIDTH="117"
                          VPOS="2343"
                          HPOS="496"
                          CONTENT="ham."/>
                  <SP HEIGHT="45" WIDTH="15" VPOS="2343" HPOS="614"/>
                  <String HEIGHT="45"
                          WIDTH="103"
                          VPOS="2343"
                          HPOS="570"
                          CONTENT="Hac"/>
                  <SP HEIGHT="45" WIDTH="15" VPOS="2343" HPOS="672"/>
                  <String HEIGHT="45"
                          WIDTH="191"
                          VPOS="2343"
                          HPOS="628"
                          CONTENT="solutione"/>
                  <SP HEIGHT="45" WIDTH="15" VPOS="2343" HPOS="819"/>
                  <String HEIGHT="45"
                          WIDTH="191"
                          VPOS="2343"
                          HPOS="775"
                          CONTENT="reprobata"/>
                  <SP HEIGHT="45" WIDTH="15" VPOS="2343" HPOS="966"/>
                  <String HEIGHT="45"
                          WIDTH="103"
                          VPOS="2343"
                          HPOS="922"
                          CONTENT="dat"/>
                  <SP HEIGHT="45" WIDTH="15" VPOS="2343" HPOS="1025"/>
                  <String HEIGHT="45"
                          WIDTH="132"
                          VPOS="2343"
                          HPOS="981"
                          CONTENT="aliam"/>
                  <SP HEIGHT="45" WIDTH="15" VPOS="2343" HPOS="1113"/>
                  <String HEIGHT="45"
                          WIDTH="161"
                          VPOS="2343"
                          HPOS="1069"
                          CONTENT="dicens."/>
                  <SP HEIGHT="45" WIDTH="15" VPOS="2343" HPOS="1230"/>
                  <String HEIGHT="45"
                          WIDTH="103"
                          VPOS="2343"
                          HPOS="1171"
                          CONTENT="Coniu"/>
               </TextLine>
               <TextLine ID="r1l93"
                         BASELINE="2441"
                         HEIGHT="54"
                         WIDTH="739"
                         VPOS="2387"
                         HPOS="519">
                  <String HEIGHT="54"
                          WIDTH="126"
                          VPOS="2387"
                          HPOS="503"
                          CONTENT="gium"/>
                  <SP HEIGHT="54" WIDTH="16" VPOS="2387" HPOS="629"/>
                  <String HEIGHT="54"
                          WIDTH="173"
                          VPOS="2387"
                          HPOS="582"
                          CONTENT="Abrahae"/>
                  <SP HEIGHT="54" WIDTH="16" VPOS="2387" HPOS="755"/>
                  <String HEIGHT="54"
                          WIDTH="157"
                          VPOS="2387"
                          HPOS="708"
                          CONTENT="habuit"/>
                  <SP HEIGHT="54" WIDTH="16" VPOS="2387" HPOS="865"/>
                  <String HEIGHT="54"
                          WIDTH="189"
                          VPOS="2387"
                          HPOS="818"
                          CONTENT="Christum"/>
                  <SP HEIGHT="54" WIDTH="16" VPOS="2387" HPOS="1006"/>
                  <String HEIGHT="54"
                          WIDTH="110"
                          VPOS="2387"
                          HPOS="959"
                          CONTENT="pro"/>
                  <SP HEIGHT="54" WIDTH="16" VPOS="2387" HPOS="1069"/>
                  <String HEIGHT="54"
                          WIDTH="173"
                          VPOS="2387"
                          HPOS="1022"
                          CONTENT="obiecto"/>
                  <SP HEIGHT="54" WIDTH="16" VPOS="2387" HPOS="1195"/>
                  <String HEIGHT="54" WIDTH="79" VPOS="2387" HPOS="1148" CONTENT="&amp;"/>
                  <SP HEIGHT="54" WIDTH="16" VPOS="2387" HPOS="1227"/>
                  <String HEIGHT="54"
                          WIDTH="94"
                          VPOS="2387"
                          HPOS="1164"
                          CONTENT="fine"/>
               </TextLine>
               <TextLine ID="r1l95"
                         BASELINE="2482"
                         HEIGHT="52"
                         WIDTH="754"
                         VPOS="2430"
                         HPOS="505">
                  <String HEIGHT="52"
                          WIDTH="112"
                          VPOS="2430"
                          HPOS="491"
                          CONTENT="quia"/>
                  <SP HEIGHT="52" WIDTH="14" VPOS="2430" HPOS="603"/>
                  <String HEIGHT="52"
                          WIDTH="112"
                          VPOS="2430"
                          HPOS="561"
                          CONTENT="erat"/>
                  <SP HEIGHT="52" WIDTH="14" VPOS="2430" HPOS="673"/>
                  <String HEIGHT="52" WIDTH="84" VPOS="2430" HPOS="631" CONTENT="ei"/>
                  <SP HEIGHT="52" WIDTH="14" VPOS="2430" HPOS="714"/>
                  <String HEIGHT="52"
                          WIDTH="182"
                          VPOS="2430"
                          HPOS="673"
                          CONTENT="reuelatum"/>
                  <SP HEIGHT="52" WIDTH="14" VPOS="2430" HPOS="854"/>
                  <String HEIGHT="52"
                          WIDTH="112"
                          VPOS="2430"
                          HPOS="812"
                          CONTENT="quod"/>
                  <SP HEIGHT="52" WIDTH="14" VPOS="2430" HPOS="924"/>
                  <String HEIGHT="52" WIDTH="84" VPOS="2430" HPOS="882" CONTENT="in"/>
                  <SP HEIGHT="52" WIDTH="14" VPOS="2430" HPOS="966"/>
                  <String HEIGHT="52"
                          WIDTH="140"
                          VPOS="2430"
                          HPOS="924"
                          CONTENT="semine"/>
                  <SP HEIGHT="52" WIDTH="14" VPOS="2430" HPOS="1064"/>
                  <String HEIGHT="52"
                          WIDTH="112"
                          VPOS="2430"
                          HPOS="1022"
                          CONTENT="eius"/>
                  <SP HEIGHT="52" WIDTH="14" VPOS="2430" HPOS="1133"/>
                  <String HEIGHT="52"
                          WIDTH="140"
                          VPOS="2430"
                          HPOS="1091"
                          CONTENT="essent"/>
                  <SP HEIGHT="52" WIDTH="14" VPOS="2430" HPOS="1231"/>
                  <String HEIGHT="52"
                          WIDTH="84"
                          VPOS="2430"
                          HPOS="1175"
                          CONTENT="bent"/>
               </TextLine>
               <TextLine ID="r1l97"
                         BASELINE="2526"
                         HEIGHT="48"
                         WIDTH="748"
                         VPOS="2478"
                         HPOS="510">
                  <String HEIGHT="48"
                          WIDTH="166"
                          VPOS="2478"
                          HPOS="496"
                          CONTENT="dicendae"/>
                  <SP HEIGHT="48" WIDTH="14" VPOS="2478" HPOS="662"/>
                  <String HEIGHT="48"
                          WIDTH="125"
                          VPOS="2478"
                          HPOS="621"
                          CONTENT="omnes"/>
                  <SP HEIGHT="48" WIDTH="14" VPOS="2478" HPOS="745"/>
                  <String HEIGHT="48"
                          WIDTH="152"
                          VPOS="2478"
                          HPOS="704"
                          CONTENT="gentes."/>
                  <SP HEIGHT="48" WIDTH="14" VPOS="2478" HPOS="856"/>
                  <String HEIGHT="48"
                          WIDTH="125"
                          VPOS="2478"
                          HPOS="815"
                          CONTENT="Ratio"/>
                  <SP HEIGHT="48" WIDTH="14" VPOS="2478" HPOS="939"/>
                  <String HEIGHT="48"
                          WIDTH="152"
                          VPOS="2478"
                          HPOS="898"
                          CONTENT="Martini"/>
                  <SP HEIGHT="48" WIDTH="14" VPOS="2478" HPOS="1050"/>
                  <String HEIGHT="48"
                          WIDTH="97"
                          VPOS="2478"
                          HPOS="1009"
                          CONTENT="non"/>
                  <SP HEIGHT="48" WIDTH="14" VPOS="2478" HPOS="1106"/>
                  <String HEIGHT="48"
                          WIDTH="97"
                          VPOS="2478"
                          HPOS="1064"
                          CONTENT="est"/>
                  <SP HEIGHT="48" WIDTH="14" VPOS="2478" HPOS="1161"/>
                  <String HEIGHT="48"
                          WIDTH="125"
                          VPOS="2478"
                          HPOS="1119"
                          CONTENT="solum"/>
                  <SP HEIGHT="48" WIDTH="14" VPOS="2478" HPOS="1244"/>
                  <String HEIGHT="48"
                          WIDTH="69"
                          VPOS="2478"
                          HPOS="1189"
                          CONTENT="con"/>
               </TextLine>
               <TextLine ID="r1l99"
                         BASELINE="2571"
                         HEIGHT="50"
                         WIDTH="758"
                         VPOS="2521"
                         HPOS="501">
                  <String HEIGHT="50" WIDTH="98" VPOS="2521" HPOS="487" CONTENT="tra"/>
                  <SP HEIGHT="50" WIDTH="14" VPOS="2521" HPOS="585"/>
                  <String HEIGHT="50"
                          WIDTH="154"
                          VPOS="2521"
                          HPOS="543"
                          CONTENT="sanctum"/>
                  <SP HEIGHT="50" WIDTH="14" VPOS="2521" HPOS="698"/>
                  <String HEIGHT="50"
                          WIDTH="112"
                          VPOS="2521"
                          HPOS="655"
                          CONTENT="Tho."/>
                  <SP HEIGHT="50" WIDTH="14" VPOS="2521" HPOS="768"/>
                  <String HEIGHT="50" WIDTH="98" VPOS="2521" HPOS="726" CONTENT="sed"/>
                  <SP HEIGHT="50" WIDTH="14" VPOS="2521" HPOS="824"/>
                  <String HEIGHT="50"
                          WIDTH="140"
                          VPOS="2521"
                          HPOS="782"
                          CONTENT="contra"/>
                  <SP HEIGHT="50" WIDTH="14" VPOS="2521" HPOS="922"/>
                  <String HEIGHT="50"
                          WIDTH="140"
                          VPOS="2521"
                          HPOS="880"
                          CONTENT="beatum"/>
                  <SP HEIGHT="50" WIDTH="14" VPOS="2521" HPOS="1020"/>
                  <String HEIGHT="50"
                          WIDTH="182"
                          VPOS="2521"
                          HPOS="978"
                          CONTENT="Augustini"/>
                  <SP HEIGHT="50" WIDTH="14" VPOS="2521" HPOS="1161"/>
                  <String HEIGHT="50"
                          WIDTH="154"
                          VPOS="2521"
                          HPOS="1105"
                          CONTENT="manifeste"/>
               </TextLine>
               <TextLine ID="r1l101"
                         BASELINE="2619"
                         HEIGHT="49"
                         WIDTH="761"
                         VPOS="2570"
                         HPOS="511">
                  <String HEIGHT="49" WIDTH="76" VPOS="2570" HPOS="496" CONTENT="&amp;"/>
                  <SP HEIGHT="49" WIDTH="15" VPOS="2570" HPOS="572"/>
                  <String HEIGHT="49"
                          WIDTH="107"
                          VPOS="2570"
                          HPOS="526"
                          CONTENT="est"/>
                  <SP HEIGHT="49" WIDTH="15" VPOS="2570" HPOS="633"/>
                  <String HEIGHT="49"
                          WIDTH="152"
                          VPOS="2570"
                          HPOS="587"
                          CONTENT="omnino"/>
                  <SP HEIGHT="49" WIDTH="15" VPOS="2570" HPOS="739"/>
                  <String HEIGHT="49"
                          WIDTH="228"
                          VPOS="2570"
                          HPOS="694"
                          CONTENT="sophistica,"/>
                  <SP HEIGHT="49" WIDTH="15" VPOS="2570" HPOS="922"/>
                  <String HEIGHT="49"
                          WIDTH="122"
                          VPOS="2570"
                          HPOS="876"
                          CONTENT="nego"/>
                  <SP HEIGHT="49" WIDTH="15" VPOS="2570" HPOS="998"/>
                  <String HEIGHT="49"
                          WIDTH="122"
                          VPOS="2570"
                          HPOS="952"
                          CONTENT="quod"/>
                  <SP HEIGHT="49" WIDTH="15" VPOS="2570" HPOS="1074"/>
                  <String HEIGHT="49"
                          WIDTH="107"
                          VPOS="2570"
                          HPOS="1028"
                          CONTENT="sit"/>
                  <SP HEIGHT="49" WIDTH="15" VPOS="2570" HPOS="1135"/>
                  <String HEIGHT="49"
                          WIDTH="152"
                          VPOS="2570"
                          HPOS="1089"
                          CONTENT="melius"/>
                  <SP HEIGHT="49" WIDTH="15" VPOS="2570" HPOS="1242"/>
                  <String HEIGHT="49"
                          WIDTH="91"
                          VPOS="2570"
                          HPOS="1181"
                          CONTENT="actu"/>
               </TextLine>
               <TextLine ID="r1l103"
                         BASELINE="2670"
                         HEIGHT="60"
                         WIDTH="754"
                         VPOS="2610"
                         HPOS="504">
                  <String HEIGHT="60"
                          WIDTH="156"
                          VPOS="2610"
                          HPOS="490"
                          CONTENT="seruare"/>
                  <SP HEIGHT="60" WIDTH="14" VPOS="2610" HPOS="646"/>
                  <String HEIGHT="60"
                          WIDTH="228"
                          VPOS="2610"
                          HPOS="604"
                          CONTENT="virginitatem"/>
                  <SP HEIGHT="60" WIDTH="14" VPOS="2610" HPOS="831"/>
                  <String HEIGHT="60"
                          WIDTH="114"
                          VPOS="2610"
                          HPOS="789"
                          CONTENT="quam"/>
                  <SP HEIGHT="60" WIDTH="14" VPOS="2610" HPOS="902"/>
                  <String HEIGHT="60"
                          WIDTH="171"
                          VPOS="2610"
                          HPOS="860"
                          CONTENT="secundum"/>
                  <SP HEIGHT="60" WIDTH="14" VPOS="2610" HPOS="1030"/>
                  <String HEIGHT="60"
                          WIDTH="256"
                          VPOS="2610"
                          HPOS="988"
                          CONTENT="praeparationem"/>
                  <SP HEIGHT="60" WIDTH="14" VPOS="2610" HPOS="1244"/>
                  <String HEIGHT="60"
                          WIDTH="71"
                          VPOS="2610"
                          HPOS="1187"
                          CONTENT="ani"/>
               </TextLine>
               <TextLine ID="r1l105"
                         BASELINE="2698"
                         HEIGHT="43"
                         WIDTH="763"
                         VPOS="2655"
                         HPOS="505">
                  <String HEIGHT="43" WIDTH="80" VPOS="2655" HPOS="492" CONTENT="mi"/>
                  <SP HEIGHT="43" WIDTH="13" VPOS="2655" HPOS="572"/>
                  <String HEIGHT="43" WIDTH="67" VPOS="2655" HPOS="532" CONTENT="/"/>
                  <SP HEIGHT="43" WIDTH="13" VPOS="2655" HPOS="599"/>
                  <String HEIGHT="43"
                          WIDTH="174"
                          VPOS="2655"
                          HPOS="559"
                          CONTENT="superiore"/>
                  <SP HEIGHT="43" WIDTH="13" VPOS="2655" HPOS="733"/>
                  <String HEIGHT="43"
                          WIDTH="214"
                          VPOS="2655"
                          HPOS="692"
                          CONTENT="praecipiente"/>
                  <SP HEIGHT="43" WIDTH="13" VPOS="2655" HPOS="907"/>
                  <String HEIGHT="43"
                          WIDTH="187"
                          VPOS="2655"
                          HPOS="866"
                          CONTENT="oppositum."/>
                  <SP HEIGHT="43" WIDTH="13" VPOS="2655" HPOS="1054"/>
                  <String HEIGHT="43" WIDTH="67" VPOS="2655" HPOS="1014" CONTENT="&amp;"/>
                  <SP HEIGHT="43" WIDTH="13" VPOS="2655" HPOS="1081"/>
                  <String HEIGHT="43"
                          WIDTH="134"
                          VPOS="2655"
                          HPOS="1040"
                          CONTENT="quando"/>
                  <SP HEIGHT="43" WIDTH="13" VPOS="2655" HPOS="1174"/>
                  <String HEIGHT="43"
                          WIDTH="94"
                          VPOS="2655"
                          HPOS="1134"
                          CONTENT="hoc"/>
                  <SP HEIGHT="43" WIDTH="13" VPOS="2655" HPOS="1228"/>
                  <String HEIGHT="43"
                          WIDTH="94"
                          VPOS="2655"
                          HPOS="1174"
                          CONTENT="colo"
                          SUBS_TYPE="HypPart1"
                          SUBS_CONTENT="colorat"/>
                  <HYP CONTENT="-"/>
               </TextLine>
               <TextLine ID="r1l107"
                         BASELINE="2747"
                         HEIGHT="51"
                         WIDTH="757"
                         VPOS="2696"
                         HPOS="514">
                  <String HEIGHT="51"
                          WIDTH="98"
                          VPOS="2696"
                          HPOS="500"
                          CONTENT="rat"
                          SUBS_TYPE="HypPart2"
                          SUBS_CONTENT="colorat"/>
                  <SP HEIGHT="51" WIDTH="14" VPOS="2696" HPOS="598"/>
                  <String HEIGHT="51" WIDTH="98" VPOS="2696" HPOS="556" CONTENT="per"/>
                  <SP HEIGHT="51" WIDTH="14" VPOS="2696" HPOS="654"/>
                  <String HEIGHT="51"
                          WIDTH="182"
                          VPOS="2696"
                          HPOS="612"
                          CONTENT="ingressum"/>
                  <SP HEIGHT="51" WIDTH="14" VPOS="2696" HPOS="794"/>
                  <String HEIGHT="51"
                          WIDTH="210"
                          VPOS="2696"
                          HPOS="752"
                          CONTENT="religionis:"/>
                  <SP HEIGHT="51" WIDTH="14" VPOS="2696" HPOS="963"/>
                  <String HEIGHT="51"
                          WIDTH="126"
                          VPOS="2696"
                          HPOS="921"
                          CONTENT="color"/>
                  <SP HEIGHT="51" WIDTH="14" VPOS="2696" HPOS="1047"/>
                  <String HEIGHT="51"
                          WIDTH="98"
                          VPOS="2696"
                          HPOS="1005"
                          CONTENT="est"/>
                  <SP HEIGHT="51" WIDTH="14" VPOS="2696" HPOS="1103"/>
                  <String HEIGHT="51"
                          WIDTH="154"
                          VPOS="2696"
                          HPOS="1061"
                          CONTENT="nullus."/>
                  <SP HEIGHT="51" WIDTH="14" VPOS="2696" HPOS="1215"/>
                  <String HEIGHT="51"
                          WIDTH="98"
                          VPOS="2696"
                          HPOS="1173"
                          CONTENT="nam"/>
                  <SP HEIGHT="51" WIDTH="14" VPOS="2696" HPOS="1271"/>
                  <String HEIGHT="51" WIDTH="56" VPOS="2696" HPOS="1215" CONTENT="si"/>
               </TextLine>
               <TextLine ID="r1l109"
                         BASELINE="2816"
                         HEIGHT="70"
                         WIDTH="764"
                         VPOS="2746"
                         HPOS="501">
                  <String HEIGHT="70"
                          WIDTH="139"
                          VPOS="2746"
                          HPOS="487"
                          CONTENT="Sortes"/>
                  <SP HEIGHT="70" WIDTH="14" VPOS="2746" HPOS="626"/>
                  <String HEIGHT="70"
                          WIDTH="208"
                          VPOS="2746"
                          HPOS="584"
                          CONTENT="deliberatus"/>
                  <SP HEIGHT="70" WIDTH="14" VPOS="2746" HPOS="793"/>
                  <String HEIGHT="70"
                          WIDTH="194"
                          VPOS="2746"
                          HPOS="751"
                          CONTENT="religionem"/>
                  <SP HEIGHT="70" WIDTH="14" VPOS="2746" HPOS="946"/>
                  <String HEIGHT="70"
                          WIDTH="181"
                          VPOS="2746"
                          HPOS="904"
                          CONTENT="profiteri"/>
                  <SP HEIGHT="70" WIDTH="14" VPOS="2746" HPOS="1084"/>
                  <String HEIGHT="70"
                          WIDTH="97"
                          VPOS="2746"
                          HPOS="1043"
                          CONTENT="non"/>
                  <SP HEIGHT="70" WIDTH="14" VPOS="2746" HPOS="1140"/>
                  <String HEIGHT="70"
                          WIDTH="181"
                          VPOS="2746"
                          HPOS="1084"
                          CONTENT="profiteatur"/>
               </TextLine>
            </TextBlock>
            <TextBlock ID="TextRegion_1592177719892_2270"
                       HEIGHT="2518"
                       WIDTH="807"
                       VPOS="279"
                       HPOS="1308">
               <Shape>
                  <Polygon POINTS="1308,279 2115,279 2115,2797 1308,2797"/>
               </Shape>
               <TextLine ID="r1l3"
                         BASELINE="411"
                         HEIGHT="75"
                         WIDTH="771"
                         VPOS="336"
                         HPOS="1342">
                  <String HEIGHT="75"
                          WIDTH="220"
                          VPOS="336"
                          HPOS="1326"
                          CONTENT="prohibente"/>
                  <SP HEIGHT="75" WIDTH="16" VPOS="336" HPOS="1547"/>
                  <String HEIGHT="75"
                          WIDTH="126"
                          VPOS="336"
                          HPOS="1499"
                          CONTENT="deo,"/>
                  <SP HEIGHT="75" WIDTH="16" VPOS="336" HPOS="1625"/>
                  <String HEIGHT="75" WIDTH="79" VPOS="336" HPOS="1578" CONTENT="&amp;"/>
                  <SP HEIGHT="75" WIDTH="16" VPOS="336" HPOS="1657"/>
                  <String HEIGHT="75"
                          WIDTH="126"
                          VPOS="336"
                          HPOS="1609"
                          CONTENT="bene"/>
                  <SP HEIGHT="75" WIDTH="16" VPOS="336" HPOS="1735"/>
                  <String HEIGHT="75" WIDTH="94" VPOS="336" HPOS="1688" CONTENT="se"/>
                  <SP HEIGHT="75" WIDTH="16" VPOS="336" HPOS="1783"/>
                  <String HEIGHT="75"
                          WIDTH="157"
                          VPOS="336"
                          HPOS="1735"
                          CONTENT="habeat"/>
                  <SP HEIGHT="75" WIDTH="16" VPOS="336" HPOS="1893"/>
                  <String HEIGHT="75" WIDTH="94" VPOS="336" HPOS="1846" CONTENT="in"/>
                  <SP HEIGHT="75" WIDTH="16" VPOS="336" HPOS="1940"/>
                  <String HEIGHT="75"
                          WIDTH="173"
                          VPOS="336"
                          HPOS="1893"
                          CONTENT="saeculo"/>
                  <SP HEIGHT="75" WIDTH="16" VPOS="336" HPOS="2066"/>
                  <String HEIGHT="75"
                          WIDTH="110"
                          VPOS="336"
                          HPOS="2003"
                          CONTENT="sicut"/>
               </TextLine>
               <TextLine ID="r1l5"
                         BASELINE="446"
                         HEIGHT="48"
                         WIDTH="775"
                         VPOS="398"
                         HPOS="1338">
                  <String HEIGHT="48"
                          WIDTH="166"
                          VPOS="398"
                          HPOS="1324"
                          CONTENT="Abraham:"/>
                  <SP HEIGHT="48" WIDTH="14" VPOS="398" HPOS="1490"/>
                  <String HEIGHT="48" WIDTH="83" VPOS="398" HPOS="1449" CONTENT="is"/>
                  <SP HEIGHT="48" WIDTH="14" VPOS="398" HPOS="1532"/>
                  <String HEIGHT="48" WIDTH="97" VPOS="398" HPOS="1490" CONTENT="non"/>
                  <SP HEIGHT="48" WIDTH="14" VPOS="398" HPOS="1587"/>
                  <String HEIGHT="48"
                          WIDTH="125"
                          VPOS="398"
                          HPOS="1546"
                          CONTENT="minus"/>
                  <SP HEIGHT="48" WIDTH="14" VPOS="398" HPOS="1670"/>
                  <String HEIGHT="48"
                          WIDTH="152"
                          VPOS="398"
                          HPOS="1629"
                          CONTENT="meretur"/>
                  <SP HEIGHT="48" WIDTH="14" VPOS="398" HPOS="1781"/>
                  <String HEIGHT="48"
                          WIDTH="111"
                          VPOS="398"
                          HPOS="1739"
                          CONTENT="quam"/>
                  <SP HEIGHT="48" WIDTH="14" VPOS="398" HPOS="1850"/>
                  <String HEIGHT="48"
                          WIDTH="194"
                          VPOS="398"
                          HPOS="1809"
                          CONTENT="religionem"/>
                  <SP HEIGHT="48" WIDTH="14" VPOS="398" HPOS="2002"/>
                  <String HEIGHT="48"
                          WIDTH="166"
                          VPOS="398"
                          HPOS="1947"
                          CONTENT="professus."/>
               </TextLine>
               <TextLine ID="r1l7"
                         BASELINE="492"
                         HEIGHT="51"
                         WIDTH="781"
                         VPOS="441"
                         HPOS="1335">
                  <String HEIGHT="51"
                          WIDTH="162"
                          VPOS="441"
                          HPOS="1320"
                          CONTENT="Insuper"/>
                  <SP HEIGHT="51" WIDTH="15" VPOS="441" HPOS="1482"/>
                  <String HEIGHT="51"
                          WIDTH="147"
                          VPOS="441"
                          HPOS="1438"
                          CONTENT="status"/>
                  <SP HEIGHT="51" WIDTH="15" VPOS="441" HPOS="1586"/>
                  <String HEIGHT="51"
                          WIDTH="221"
                          VPOS="441"
                          HPOS="1541"
                          CONTENT="episcoporum"/>
                  <SP HEIGHT="51" WIDTH="15" VPOS="441" HPOS="1762"/>
                  <String HEIGHT="51"
                          WIDTH="103"
                          VPOS="441"
                          HPOS="1718"
                          CONTENT="non"/>
                  <SP HEIGHT="51" WIDTH="15" VPOS="441" HPOS="1821"/>
                  <String HEIGHT="51"
                          WIDTH="236"
                          VPOS="441"
                          HPOS="1777"
                          CONTENT="religiosorum"/>
                  <SP HEIGHT="51" WIDTH="15" VPOS="441" HPOS="2013"/>
                  <String HEIGHT="51"
                          WIDTH="103"
                          VPOS="441"
                          HPOS="1969"
                          CONTENT="est"/>
                  <SP HEIGHT="51" WIDTH="15" VPOS="441" HPOS="2072"/>
                  <String HEIGHT="51"
                          WIDTH="103"
                          VPOS="441"
                          HPOS="2013"
                          CONTENT="supe"
                          SUBS_TYPE="HypPart1"
                          SUBS_CONTENT="superior"/>
                  <HYP CONTENT="-"/>
               </TextLine>
               <TextLine ID="r1l9"
                         BASELINE="538"
                         HEIGHT="55"
                         WIDTH="772"
                         VPOS="483"
                         HPOS="1339">
                  <String HEIGHT="55"
                          WIDTH="112"
                          VPOS="483"
                          HPOS="1325"
                          CONTENT="rior"
                          SUBS_TYPE="HypPart2"
                          SUBS_CONTENT="superior"/>
                  <SP HEIGHT="55" WIDTH="14" VPOS="483" HPOS="1437"/>
                  <String HEIGHT="55"
                          WIDTH="126"
                          VPOS="483"
                          HPOS="1395"
                          CONTENT="statu"/>
                  <SP HEIGHT="55" WIDTH="14" VPOS="483" HPOS="1521"/>
                  <String HEIGHT="55"
                          WIDTH="239"
                          VPOS="483"
                          HPOS="1479"
                          CONTENT="religiosorum."/>
                  <SP HEIGHT="55" WIDTH="14" VPOS="483" HPOS="1718"/>
                  <String HEIGHT="55"
                          WIDTH="140"
                          VPOS="483"
                          HPOS="1676"
                          CONTENT="Contra"/>
                  <SP HEIGHT="55" WIDTH="14" VPOS="483" HPOS="1816"/>
                  <String HEIGHT="55"
                          WIDTH="197"
                          VPOS="483"
                          HPOS="1774"
                          CONTENT="solutionem"/>
                  <SP HEIGHT="55" WIDTH="14" VPOS="483" HPOS="1971"/>
                  <String HEIGHT="55"
                          WIDTH="154"
                          VPOS="483"
                          HPOS="1929"
                          CONTENT="Martini"/>
                  <SP HEIGHT="55" WIDTH="14" VPOS="483" HPOS="2083"/>
                  <String HEIGHT="55" WIDTH="98" VPOS="483" HPOS="2041" CONTENT="ar-"/>
                  <SP HEIGHT="55" WIDTH="14" VPOS="483" HPOS="2139"/>
                  <String HEIGHT="55" WIDTH="28" VPOS="483" HPOS="2083" CONTENT=""/>
               </TextLine>
               <TextLine ID="r1l10"
                         BASELINE="583"
                         HEIGHT="52"
                         WIDTH="763"
                         VPOS="531"
                         HPOS="1348">
                  <String HEIGHT="52"
                          WIDTH="115"
                          VPOS="531"
                          HPOS="1334"
                          CONTENT="guo."/>
                  <SP HEIGHT="52" WIDTH="14" VPOS="531" HPOS="1449"/>
                  <String HEIGHT="52" WIDTH="86" VPOS="531" HPOS="1406" CONTENT="Si"/>
                  <SP HEIGHT="52" WIDTH="14" VPOS="531" HPOS="1492"/>
                  <String HEIGHT="52"
                          WIDTH="158"
                          VPOS="531"
                          HPOS="1449"
                          CONTENT="Abraham"/>
                  <SP HEIGHT="52" WIDTH="14" VPOS="531" HPOS="1607"/>
                  <String HEIGHT="52"
                          WIDTH="230"
                          VPOS="531"
                          HPOS="1564"
                          CONTENT="virginitatem"/>
                  <SP HEIGHT="52" WIDTH="14" VPOS="531" HPOS="1794"/>
                  <String HEIGHT="52"
                          WIDTH="216"
                          VPOS="531"
                          HPOS="1751"
                          CONTENT="reliquisset"/>
                  <SP HEIGHT="52" WIDTH="14" VPOS="531" HPOS="1967"/>
                  <String HEIGHT="52"
                          WIDTH="202"
                          VPOS="531"
                          HPOS="1909"
                          CONTENT="praecipiente"/>
               </TextLine>
               <TextLine ID="r1l12"
                         BASELINE="627"
                         HEIGHT="53"
                         WIDTH="761"
                         VPOS="574"
                         HPOS="1350">
                  <String HEIGHT="53"
                          WIDTH="131"
                          VPOS="574"
                          HPOS="1337"
                          CONTENT="dmino:"/>
                  <SP HEIGHT="53" WIDTH="13" VPOS="574" HPOS="1468"/>
                  <String HEIGHT="53"
                          WIDTH="118"
                          VPOS="574"
                          HPOS="1429"
                          CONTENT="licet"/>
                  <SP HEIGHT="53" WIDTH="13" VPOS="574" HPOS="1547"/>
                  <String HEIGHT="53"
                          WIDTH="197"
                          VPOS="574"
                          HPOS="1507"
                          CONTENT="nesciuisset"/>
                  <SP HEIGHT="53" WIDTH="13" VPOS="574" HPOS="1704"/>
                  <String HEIGHT="53" WIDTH="79" VPOS="574" HPOS="1665" CONTENT="de"/>
                  <SP HEIGHT="53" WIDTH="13" VPOS="574" HPOS="1744"/>
                  <String HEIGHT="53"
                          WIDTH="197"
                          VPOS="574"
                          HPOS="1704"
                          CONTENT="generatione"/>
                  <SP HEIGHT="53" WIDTH="13" VPOS="574" HPOS="1901"/>
                  <String HEIGHT="53"
                          WIDTH="157"
                          VPOS="574"
                          HPOS="1862"
                          CONTENT="Christi:"/>
                  <SP HEIGHT="53" WIDTH="13" VPOS="574" HPOS="2019"/>
                  <String HEIGHT="53"
                          WIDTH="118"
                          VPOS="574"
                          HPOS="1980"
                          CONTENT="adhuc"/>
                  <SP HEIGHT="53" WIDTH="13" VPOS="574" HPOS="2098"/>
                  <String HEIGHT="53" WIDTH="66" VPOS="574" HPOS="2045" CONTENT="tam"/>
               </TextLine>
               <TextLine ID="r1l14"
                         BASELINE="673"
                         HEIGHT="49"
                         WIDTH="767"
                         VPOS="624"
                         HPOS="1341">
                  <String HEIGHT="49"
                          WIDTH="112"
                          VPOS="624"
                          HPOS="1325"
                          CONTENT="tum"/>
                  <SP HEIGHT="49" WIDTH="16" VPOS="624" HPOS="1437"/>
                  <String HEIGHT="49"
                          WIDTH="176"
                          VPOS="624"
                          HPOS="1389"
                          CONTENT="meritus"/>
                  <SP HEIGHT="49" WIDTH="16" VPOS="624" HPOS="1565"/>
                  <String HEIGHT="49"
                          WIDTH="176"
                          VPOS="624"
                          HPOS="1517"
                          CONTENT="fuisset"/>
                  <SP HEIGHT="49" WIDTH="16" VPOS="624" HPOS="1693"/>
                  <String HEIGHT="49"
                          WIDTH="176"
                          VPOS="624"
                          HPOS="1645"
                          CONTENT="parendo"/>
                  <SP HEIGHT="49" WIDTH="16" VPOS="624" HPOS="1820"/>
                  <String HEIGHT="49"
                          WIDTH="112"
                          VPOS="624"
                          HPOS="1772"
                          CONTENT="deo"/>
                  <SP HEIGHT="49" WIDTH="16" VPOS="624" HPOS="1884"/>
                  <String HEIGHT="49"
                          WIDTH="176"
                          VPOS="624"
                          HPOS="1836"
                          CONTENT="quantum"/>
                  <SP HEIGHT="49" WIDTH="16" VPOS="624" HPOS="2012"/>
                  <String HEIGHT="49"
                          WIDTH="160"
                          VPOS="624"
                          HPOS="1948"
                          CONTENT="loannes."/>
               </TextLine>
               <TextLine ID="r1l16"
                         BASELINE="720"
                         HEIGHT="59"
                         WIDTH="762"
                         VPOS="661"
                         HPOS="1348">
                  <String HEIGHT="59"
                          WIDTH="111"
                          VPOS="661"
                          HPOS="1334"
                          CONTENT="quod"/>
                  <SP HEIGHT="59" WIDTH="14" VPOS="661" HPOS="1445"/>
                  <String HEIGHT="59"
                          WIDTH="125"
                          VPOS="661"
                          HPOS="1403"
                          CONTENT="patet"/>
                  <SP HEIGHT="59" WIDTH="14" VPOS="661" HPOS="1528"/>
                  <String HEIGHT="59" WIDTH="97" VPOS="661" HPOS="1487" CONTENT="per"/>
                  <SP HEIGHT="59" WIDTH="14" VPOS="661" HPOS="1584"/>
                  <String HEIGHT="59"
                          WIDTH="166"
                          VPOS="661"
                          HPOS="1542"
                          CONTENT="exemplum"/>
                  <SP HEIGHT="59" WIDTH="14" VPOS="661" HPOS="1708"/>
                  <String HEIGHT="59" WIDTH="83" VPOS="661" HPOS="1667" CONTENT="de"/>
                  <SP HEIGHT="59" WIDTH="14" VPOS="661" HPOS="1750"/>
                  <String HEIGHT="59"
                          WIDTH="152"
                          VPOS="661"
                          HPOS="1708"
                          CONTENT="volente"/>
                  <SP HEIGHT="59" WIDTH="14" VPOS="661" HPOS="1861"/>
                  <String HEIGHT="59"
                          WIDTH="180"
                          VPOS="661"
                          HPOS="1819"
                          CONTENT="profiteri"/>
                  <SP HEIGHT="59" WIDTH="14" VPOS="661" HPOS="1999"/>
                  <String HEIGHT="59"
                          WIDTH="166"
                          VPOS="661"
                          HPOS="1944"
                          CONTENT="religionem"/>
               </TextLine>
               <TextLine ID="r1l18"
                         BASELINE="761"
                         HEIGHT="51"
                         WIDTH="773"
                         VPOS="710"
                         HPOS="1344">
                  <String HEIGHT="51" WIDTH="97" VPOS="710" HPOS="1330" CONTENT="qui"/>
                  <SP HEIGHT="51" WIDTH="14" VPOS="710" HPOS="1427"/>
                  <String HEIGHT="51" WIDTH="69" VPOS="710" HPOS="1385" CONTENT="a"/>
                  <SP HEIGHT="51" WIDTH="14" VPOS="710" HPOS="1454"/>
                  <String HEIGHT="51" WIDTH="97" VPOS="710" HPOS="1413" CONTENT="deo"/>
                  <SP HEIGHT="51" WIDTH="14" VPOS="710" HPOS="1510"/>
                  <String HEIGHT="51" WIDTH="97" VPOS="710" HPOS="1468" CONTENT="est"/>
                  <SP HEIGHT="51" WIDTH="14" VPOS="710" HPOS="1565"/>
                  <String HEIGHT="51"
                          WIDTH="207"
                          VPOS="710"
                          HPOS="1523"
                          CONTENT="prohibitus."/>
                  <SP HEIGHT="51" WIDTH="14" VPOS="710" HPOS="1731"/>
                  <String HEIGHT="51" WIDTH="69" VPOS="710" HPOS="1689" CONTENT="⁋"/>
                  <SP HEIGHT="51" WIDTH="14" VPOS="710" HPOS="1758"/>
                  <String HEIGHT="51"
                          WIDTH="138"
                          VPOS="710"
                          HPOS="1717"
                          CONTENT="Tertio"/>
                  <SP HEIGHT="51" WIDTH="14" VPOS="710" HPOS="1855"/>
                  <String HEIGHT="51"
                          WIDTH="179"
                          VPOS="710"
                          HPOS="1813"
                          CONTENT="arguitur."/>
                  <SP HEIGHT="51" WIDTH="14" VPOS="710" HPOS="1993"/>
                  <String HEIGHT="51" WIDTH="97" VPOS="710" HPOS="1951" CONTENT="duo"/>
                  <SP HEIGHT="51" WIDTH="14" VPOS="710" HPOS="2048"/>
                  <String HEIGHT="51"
                          WIDTH="124"
                          VPOS="710"
                          HPOS="1993"
                          CONTENT="possunt"/>
               </TextLine>
               <TextLine ID="r1l20"
                         BASELINE="810"
                         HEIGHT="54"
                         WIDTH="758"
                         VPOS="756"
                         HPOS="1356">
                  <String HEIGHT="54"
                          WIDTH="165"
                          VPOS="756"
                          HPOS="1342"
                          CONTENT="decedere"/>
                  <SP HEIGHT="54" WIDTH="14" VPOS="756" HPOS="1508"/>
                  <String HEIGHT="54" WIDTH="83" VPOS="756" HPOS="1466" CONTENT="in"/>
                  <SP HEIGHT="54" WIDTH="14" VPOS="756" HPOS="1549"/>
                  <String HEIGHT="54"
                          WIDTH="152"
                          VPOS="756"
                          HPOS="1508"
                          CONTENT="aequali"/>
                  <SP HEIGHT="54" WIDTH="14" VPOS="756" HPOS="1659"/>
                  <String HEIGHT="54"
                          WIDTH="193"
                          VPOS="756"
                          HPOS="1618"
                          CONTENT="charitate:"/>
                  <SP HEIGHT="54" WIDTH="14" VPOS="756" HPOS="1811"/>
                  <String HEIGHT="54"
                          WIDTH="138"
                          VPOS="756"
                          HPOS="1769"
                          CONTENT="quorum"/>
                  <SP HEIGHT="54" WIDTH="14" VPOS="756" HPOS="1907"/>
                  <String HEIGHT="54"
                          WIDTH="124"
                          VPOS="756"
                          HPOS="1866"
                          CONTENT="alter"/>
                  <SP HEIGHT="54" WIDTH="14" VPOS="756" HPOS="1990"/>
                  <String HEIGHT="54" WIDTH="96" VPOS="756" HPOS="1949" CONTENT="est"/>
                  <SP HEIGHT="54" WIDTH="14" VPOS="756" HPOS="2045"/>
                  <String HEIGHT="54"
                          WIDTH="138"
                          VPOS="756"
                          HPOS="2004"
                          CONTENT="virgo:"/>
                  <SP HEIGHT="54" WIDTH="14" VPOS="756" HPOS="2142"/>
                  <String HEIGHT="54" WIDTH="28" VPOS="756" HPOS="2086" CONTENT=""/>
               </TextLine>
               <TextLine ID="r1l22"
                         BASELINE="851"
                         HEIGHT="54"
                         WIDTH="767"
                         VPOS="797"
                         HPOS="1342">
                  <String HEIGHT="54" WIDTH="71" VPOS="797" HPOS="1328" CONTENT="&amp;"/>
                  <SP HEIGHT="54" WIDTH="14" VPOS="797" HPOS="1399"/>
                  <String HEIGHT="54"
                          WIDTH="128"
                          VPOS="797"
                          HPOS="1356"
                          CONTENT="alter"/>
                  <SP HEIGHT="54" WIDTH="14" VPOS="797" HPOS="1484"/>
                  <String HEIGHT="54"
                          WIDTH="213"
                          VPOS="797"
                          HPOS="1441"
                          CONTENT="coniugatus:"/>
                  <SP HEIGHT="54" WIDTH="14" VPOS="797" HPOS="1654"/>
                  <String HEIGHT="54" WIDTH="71" VPOS="797" HPOS="1612" CONTENT="&amp;"/>
                  <SP HEIGHT="54" WIDTH="14" VPOS="797" HPOS="1683"/>
                  <String HEIGHT="54" WIDTH="99" VPOS="797" HPOS="1640" CONTENT="sic"/>
                  <SP HEIGHT="54" WIDTH="14" VPOS="797" HPOS="1740"/>
                  <String HEIGHT="54"
                          WIDTH="128"
                          VPOS="797"
                          HPOS="1697"
                          CONTENT="erunt"/>
                  <SP HEIGHT="54" WIDTH="14" VPOS="797" HPOS="1825"/>
                  <String HEIGHT="54"
                          WIDTH="199"
                          VPOS="797"
                          HPOS="1782"
                          CONTENT="aequaliter"/>
                  <SP HEIGHT="54" WIDTH="14" VPOS="797" HPOS="1981"/>
                  <String HEIGHT="54"
                          WIDTH="114"
                          VPOS="797"
                          HPOS="1939"
                          CONTENT="boni"/>
                  <SP HEIGHT="54" WIDTH="14" VPOS="797" HPOS="2052"/>
                  <String HEIGHT="54" WIDTH="71" VPOS="797" HPOS="2010" CONTENT="&amp;"/>
                  <SP HEIGHT="54" WIDTH="14" VPOS="797" HPOS="2081"/>
                  <String HEIGHT="54"
                          WIDTH="85"
                          VPOS="797"
                          HPOS="2024"
                          CONTENT="prae"/>
               </TextLine>
               <TextLine ID="r1l24"
                         BASELINE="889"
                         HEIGHT="45"
                         WIDTH="763"
                         VPOS="844"
                         HPOS="1350">
                  <String HEIGHT="45"
                          WIDTH="144"
                          VPOS="844"
                          HPOS="1336"
                          CONTENT="miati:"/>
                  <SP HEIGHT="45" WIDTH="14" VPOS="844" HPOS="1480"/>
                  <String HEIGHT="45" WIDTH="72" VPOS="844" HPOS="1436" CONTENT="&amp;"/>
                  <SP HEIGHT="45" WIDTH="14" VPOS="844" HPOS="1508"/>
                  <String HEIGHT="45"
                          WIDTH="101"
                          VPOS="844"
                          HPOS="1465"
                          CONTENT="per"/>
                  <SP HEIGHT="45" WIDTH="14" VPOS="844" HPOS="1566"/>
                  <String HEIGHT="45"
                          WIDTH="202"
                          VPOS="844"
                          HPOS="1523"
                          CONTENT="consequens"/>
                  <SP HEIGHT="45" WIDTH="14" VPOS="844" HPOS="1724"/>
                  <String HEIGHT="45"
                          WIDTH="202"
                          VPOS="844"
                          HPOS="1681"
                          CONTENT="virginitas"/>
                  <SP HEIGHT="45" WIDTH="14" VPOS="844" HPOS="1883"/>
                  <String HEIGHT="45" WIDTH="72" VPOS="844" HPOS="1839" CONTENT="&amp;"/>
                  <SP HEIGHT="45" WIDTH="14" VPOS="844" HPOS="1911"/>
                  <String HEIGHT="45"
                          WIDTH="173"
                          VPOS="844"
                          HPOS="1868"
                          CONTENT="castitas"/>
                  <SP HEIGHT="45" WIDTH="14" VPOS="844" HPOS="2041"/>
                  <String HEIGHT="45"
                          WIDTH="130"
                          VPOS="844"
                          HPOS="1983"
                          CONTENT="coniuga"/>
               </TextLine>
               <TextLine ID="r1l26"
                         BASELINE="938"
                         HEIGHT="59"
                         WIDTH="763"
                         VPOS="879"
                         HPOS="1347">
                  <String HEIGHT="59" WIDTH="97" VPOS="879" HPOS="1333" CONTENT="lis"/>
                  <SP HEIGHT="59" WIDTH="14" VPOS="879" HPOS="1430"/>
                  <String HEIGHT="59"
                          WIDTH="194"
                          VPOS="879"
                          HPOS="1389"
                          CONTENT="aequantur."/>
                  <SP HEIGHT="59" WIDTH="14" VPOS="879" HPOS="1583"/>
                  <String HEIGHT="59"
                          WIDTH="180"
                          VPOS="879"
                          HPOS="1541"
                          CONTENT="Respondet"/>
                  <SP HEIGHT="59" WIDTH="14" VPOS="879" HPOS="1722"/>
                  <String HEIGHT="59"
                          WIDTH="180"
                          VPOS="879"
                          HPOS="1680"
                          CONTENT="Martinus."/>
                  <SP HEIGHT="59" WIDTH="14" VPOS="879" HPOS="1860"/>
                  <String HEIGHT="59" WIDTH="83" VPOS="879" HPOS="1819" CONTENT="si"/>
                  <SP HEIGHT="59" WIDTH="14" VPOS="879" HPOS="1902"/>
                  <String HEIGHT="59"
                          WIDTH="153"
                          VPOS="879"
                          HPOS="1860"
                          CONTENT="caetera"/>
                  <SP HEIGHT="59" WIDTH="14" VPOS="879" HPOS="2013"/>
                  <String HEIGHT="59"
                          WIDTH="111"
                          VPOS="879"
                          HPOS="1971"
                          CONTENT="bona"/>
                  <SP HEIGHT="59" WIDTH="14" VPOS="879" HPOS="2082"/>
                  <String HEIGHT="59"
                          WIDTH="83"
                          VPOS="879"
                          HPOS="2027"
                          CONTENT="sint"/>
               </TextLine>
               <TextLine ID="r1l28"
                         BASELINE="986"
                         HEIGHT="54"
                         WIDTH="780"
                         VPOS="932"
                         HPOS="1337">
                  <String HEIGHT="54" WIDTH="88" VPOS="932" HPOS="1322" CONTENT="in"/>
                  <SP HEIGHT="54" WIDTH="15" VPOS="932" HPOS="1411"/>
                  <String HEIGHT="54"
                          WIDTH="103"
                          VPOS="932"
                          HPOS="1366"
                          CONTENT="eis"/>
                  <SP HEIGHT="54" WIDTH="15" VPOS="932" HPOS="1469"/>
                  <String HEIGHT="54"
                          WIDTH="132"
                          VPOS="932"
                          HPOS="1425"
                          CONTENT="paria"/>
                  <SP HEIGHT="54" WIDTH="15" VPOS="932" HPOS="1558"/>
                  <String HEIGHT="54" WIDTH="74" VPOS="932" HPOS="1514" CONTENT="/"/>
                  <SP HEIGHT="54" WIDTH="15" VPOS="932" HPOS="1587"/>
                  <String HEIGHT="54" WIDTH="74" VPOS="932" HPOS="1543" CONTENT="&amp;"/>
                  <SP HEIGHT="54" WIDTH="15" VPOS="932" HPOS="1617"/>
                  <String HEIGHT="54"
                          WIDTH="147"
                          VPOS="932"
                          HPOS="1572"
                          CONTENT="gradus"/>
                  <SP HEIGHT="54" WIDTH="15" VPOS="932" HPOS="1720"/>
                  <String HEIGHT="54"
                          WIDTH="235"
                          VPOS="932"
                          HPOS="1675"
                          CONTENT="virginitatis"/>
                  <SP HEIGHT="54" WIDTH="15" VPOS="932" HPOS="1911"/>
                  <String HEIGHT="54" WIDTH="74" VPOS="932" HPOS="1867" CONTENT="&amp;"/>
                  <SP HEIGHT="54" WIDTH="15" VPOS="932" HPOS="1940"/>
                  <String HEIGHT="54"
                          WIDTH="206"
                          VPOS="932"
                          HPOS="1896"
                          CONTENT="castitatis"/>
                  <SP HEIGHT="54" WIDTH="15" VPOS="932" HPOS="2102"/>
                  <String HEIGHT="54" WIDTH="74" VPOS="932" HPOS="2043" CONTENT="con"/>
               </TextLine>
               <TextLine ID="r1l30"
                         BASELINE="1026"
                         HEIGHT="59"
                         WIDTH="775"
                         VPOS="967"
                         HPOS="1342">
                  <String HEIGHT="59"
                          WIDTH="167"
                          VPOS="967"
                          HPOS="1327"
                          CONTENT="iugalis"/>
                  <SP HEIGHT="59" WIDTH="15" VPOS="967" HPOS="1494"/>
                  <String HEIGHT="59"
                          WIDTH="152"
                          VPOS="967"
                          HPOS="1448"
                          CONTENT="pares:"/>
                  <SP HEIGHT="59" WIDTH="15" VPOS="967" HPOS="1600"/>
                  <String HEIGHT="59"
                          WIDTH="137"
                          VPOS="967"
                          HPOS="1555"
                          CONTENT="virgo"/>
                  <SP HEIGHT="59" WIDTH="15" VPOS="967" HPOS="1692"/>
                  <String HEIGHT="59"
                          WIDTH="152"
                          VPOS="967"
                          HPOS="1646"
                          CONTENT="semper"/>
                  <SP HEIGHT="59" WIDTH="15" VPOS="967" HPOS="1798"/>
                  <String HEIGHT="59" WIDTH="91" VPOS="967" HPOS="1752" CONTENT="in"/>
                  <SP HEIGHT="59" WIDTH="15" VPOS="967" HPOS="1843"/>
                  <String HEIGHT="59"
                          WIDTH="152"
                          VPOS="967"
                          HPOS="1798"
                          CONTENT="maiore"/>
                  <SP HEIGHT="59" WIDTH="15" VPOS="967" HPOS="1950"/>
                  <String HEIGHT="59"
                          WIDTH="198"
                          VPOS="967"
                          HPOS="1904"
                          CONTENT="charitate"/>
                  <SP HEIGHT="59" WIDTH="15" VPOS="967" HPOS="2102"/>
                  <String HEIGHT="59"
                          WIDTH="76"
                          VPOS="967"
                          HPOS="2041"
                          CONTENT="de"
                          SUBS_TYPE="HypPart1"
                          SUBS_CONTENT="decedit:"/>
                  <HYP CONTENT="-"/>
               </TextLine>
               <TextLine ID="r1l32"
                         BASELINE="1070"
                         HEIGHT="55"
                         WIDTH="760"
                         VPOS="1015"
                         HPOS="1345">
                  <String HEIGHT="55"
                          WIDTH="141"
                          VPOS="1015"
                          HPOS="1331"
                          CONTENT="cedit:"
                          SUBS_TYPE="HypPart2"
                          SUBS_CONTENT="decedit:"/>
                  <SP HEIGHT="55" WIDTH="14" VPOS="1015" HPOS="1472"/>
                  <String HEIGHT="55" WIDTH="70" VPOS="1015" HPOS="1429" CONTENT="&amp;"/>
                  <SP HEIGHT="55" WIDTH="14" VPOS="1015" HPOS="1500"/>
                  <String HEIGHT="55"
                          WIDTH="99"
                          VPOS="1015"
                          HPOS="1458"
                          CONTENT="est"/>
                  <SP HEIGHT="55" WIDTH="14" VPOS="1015" HPOS="1556"/>
                  <String HEIGHT="55"
                          WIDTH="155"
                          VPOS="1015"
                          HPOS="1514"
                          CONTENT="melior."/>
                  <SP HEIGHT="55" WIDTH="14" VPOS="1015" HPOS="1669"/>
                  <String HEIGHT="55"
                          WIDTH="113"
                          VPOS="1015"
                          HPOS="1626"
                          CONTENT="Haec"/>
                  <SP HEIGHT="55" WIDTH="14" VPOS="1015" HPOS="1739"/>
                  <String HEIGHT="55"
                          WIDTH="155"
                          VPOS="1015"
                          HPOS="1697"
                          CONTENT="solutio"/>
                  <SP HEIGHT="55" WIDTH="14" VPOS="1015" HPOS="1852"/>
                  <String HEIGHT="55"
                          WIDTH="99"
                          VPOS="1015"
                          HPOS="1809"
                          CONTENT="est"/>
                  <SP HEIGHT="55" WIDTH="14" VPOS="1015" HPOS="1908"/>
                  <String HEIGHT="55"
                          WIDTH="155"
                          VPOS="1015"
                          HPOS="1866"
                          CONTENT="nullius"/>
                  <SP HEIGHT="55" WIDTH="14" VPOS="1015" HPOS="2021"/>
                  <String HEIGHT="55"
                          WIDTH="141"
                          VPOS="1015"
                          HPOS="1964"
                          CONTENT="momenti"
                          SUBS_TYPE="HypPart1"
                          SUBS_CONTENT="momentinam"/>
                  <HYP CONTENT="-"/>
               </TextLine>
               <TextLine ID="r1l34"
                         BASELINE="1110"
                         HEIGHT="49"
                         WIDTH="768"
                         VPOS="1061"
                         HPOS="1348">
                  <String HEIGHT="49"
                          WIDTH="98"
                          VPOS="1061"
                          HPOS="1334"
                          CONTENT="nam"
                          SUBS_TYPE="HypPart2"
                          SUBS_CONTENT="momentinam"/>
                  <SP HEIGHT="49" WIDTH="14" VPOS="1061" HPOS="1432"/>
                  <String HEIGHT="49" WIDTH="84" VPOS="1061" HPOS="1390" CONTENT="si"/>
                  <SP HEIGHT="49" WIDTH="14" VPOS="1061" HPOS="1474"/>
                  <String HEIGHT="49"
                          WIDTH="195"
                          VPOS="1061"
                          HPOS="1432"
                          CONTENT="inaequales"/>
                  <SP HEIGHT="49" WIDTH="14" VPOS="1061" HPOS="1627"/>
                  <String HEIGHT="49"
                          WIDTH="112"
                          VPOS="1061"
                          HPOS="1585"
                          CONTENT="sint"/>
                  <SP HEIGHT="49" WIDTH="14" VPOS="1061" HPOS="1697"/>
                  <String HEIGHT="49"
                          WIDTH="195"
                          VPOS="1061"
                          HPOS="1655"
                          CONTENT="charitates"/>
                  <SP HEIGHT="49" WIDTH="14" VPOS="1061" HPOS="1851"/>
                  <String HEIGHT="49"
                          WIDTH="168"
                          VPOS="1061"
                          HPOS="1809"
                          CONTENT="secundum"/>
                  <SP HEIGHT="49" WIDTH="14" VPOS="1061" HPOS="1976"/>
                  <String HEIGHT="49"
                          WIDTH="112"
                          VPOS="1061"
                          HPOS="1934"
                          CONTENT="eius"/>
                  <SP HEIGHT="49" WIDTH="14" VPOS="1061" HPOS="2046"/>
                  <String HEIGHT="49"
                          WIDTH="126"
                          VPOS="1061"
                          HPOS="1990"
                          CONTENT="imagina"/>
               </TextLine>
               <TextLine ID="r1l36"
                         BASELINE="1160"
                         HEIGHT="50"
                         WIDTH="765"
                         VPOS="1110"
                         HPOS="1342">
                  <String HEIGHT="50"
                          WIDTH="159"
                          VPOS="1110"
                          HPOS="1328"
                          CONTENT="tionem,"/>
                  <SP HEIGHT="50" WIDTH="14" VPOS="1110" HPOS="1486"/>
                  <String HEIGHT="50" WIDTH="72" VPOS="1110" HPOS="1443" CONTENT="&amp;"/>
                  <SP HEIGHT="50" WIDTH="14" VPOS="1110" HPOS="1515"/>
                  <String HEIGHT="50"
                          WIDTH="159"
                          VPOS="1110"
                          HPOS="1472"
                          CONTENT="tenendo"/>
                  <SP HEIGHT="50" WIDTH="14" VPOS="1110" HPOS="1631"/>
                  <String HEIGHT="50"
                          WIDTH="115"
                          VPOS="1110"
                          HPOS="1587"
                          CONTENT="viam"/>
                  <SP HEIGHT="50" WIDTH="14" VPOS="1110" HPOS="1703"/>
                  <String HEIGHT="50"
                          WIDTH="173"
                          VPOS="1110"
                          HPOS="1660"
                          CONTENT="communem"/>
                  <SP HEIGHT="50" WIDTH="14" VPOS="1110" HPOS="1833"/>
                  <String HEIGHT="50" WIDTH="87" VPOS="1110" HPOS="1789" CONTENT="de"/>
                  <SP HEIGHT="50" WIDTH="14" VPOS="1110" HPOS="1876"/>
                  <String HEIGHT="50"
                          WIDTH="202"
                          VPOS="1110"
                          HPOS="1833"
                          CONTENT="charitate:"/>
                  <SP HEIGHT="50" WIDTH="14" VPOS="1110" HPOS="2035"/>
                  <String HEIGHT="50"
                          WIDTH="130"
                          VPOS="1110"
                          HPOS="1977"
                          CONTENT="oportet"/>
               </TextLine>
               <TextLine ID="r1l38"
                         BASELINE="1206"
                         HEIGHT="51"
                         WIDTH="773"
                         VPOS="1155"
                         HPOS="1343">
                  <String HEIGHT="51"
                          WIDTH="110"
                          VPOS="1155"
                          HPOS="1329"
                          CONTENT="quod"/>
                  <SP HEIGHT="51" WIDTH="14" VPOS="1155" HPOS="1440"/>
                  <String HEIGHT="51"
                          WIDTH="110"
                          VPOS="1155"
                          HPOS="1398"
                          CONTENT="sint"/>
                  <SP HEIGHT="51" WIDTH="14" VPOS="1155" HPOS="1509"/>
                  <String HEIGHT="51"
                          WIDTH="221"
                          VPOS="1155"
                          HPOS="1467"
                          CONTENT="inaequaliter"/>
                  <SP HEIGHT="51" WIDTH="14" VPOS="1155" HPOS="1688"/>
                  <String HEIGHT="51"
                          WIDTH="124"
                          VPOS="1155"
                          HPOS="1647"
                          CONTENT="boni:"/>
                  <SP HEIGHT="51" WIDTH="14" VPOS="1155" HPOS="1771"/>
                  <String HEIGHT="51" WIDTH="69" VPOS="1155" HPOS="1730" CONTENT="&amp;"/>
                  <SP HEIGHT="51" WIDTH="14" VPOS="1155" HPOS="1799"/>
                  <String HEIGHT="51"
                          WIDTH="221"
                          VPOS="1155"
                          HPOS="1757"
                          CONTENT="inaequaliter"/>
                  <SP HEIGHT="51" WIDTH="14" VPOS="1155" HPOS="1978"/>
                  <String HEIGHT="51"
                          WIDTH="138"
                          VPOS="1155"
                          HPOS="1937"
                          CONTENT="beati."/>
                  <SP HEIGHT="51" WIDTH="14" VPOS="1155" HPOS="2075"/>
                  <String HEIGHT="51" WIDTH="69" VPOS="1155" HPOS="2033" CONTENT="⁋"/>
                  <SP HEIGHT="51" WIDTH="14" VPOS="1155" HPOS="2102"/>
                  <String HEIGHT="51"
                          WIDTH="69"
                          VPOS="1155"
                          HPOS="2047"
                          CONTENT="Re"
                          SUBS_TYPE="HypPart1"
                          SUBS_CONTENT="Respondetur"/>
                  <HYP CONTENT="-"/>
               </TextLine>
               <TextLine ID="r1l40"
                         BASELINE="1251"
                         HEIGHT="52"
                         WIDTH="756"
                         VPOS="1199"
                         HPOS="1348">
                  <String HEIGHT="52"
                          WIDTH="193"
                          VPOS="1199"
                          HPOS="1333"
                          CONTENT="spondetur"
                          SUBS_TYPE="HypPart2"
                          SUBS_CONTENT="Respondetur"/>
                  <SP HEIGHT="52" WIDTH="15" VPOS="1199" HPOS="1526"/>
                  <String HEIGHT="52"
                          WIDTH="119"
                          VPOS="1199"
                          HPOS="1481"
                          CONTENT="ergo"/>
                  <SP HEIGHT="52" WIDTH="15" VPOS="1199" HPOS="1600"/>
                  <String HEIGHT="52"
                          WIDTH="163"
                          VPOS="1199"
                          HPOS="1556"
                          CONTENT="aliter,"/>
                  <SP HEIGHT="52" WIDTH="15" VPOS="1199" HPOS="1719"/>
                  <String HEIGHT="52"
                          WIDTH="208"
                          VPOS="1199"
                          HPOS="1674"
                          CONTENT="concedendo"/>
                  <SP HEIGHT="52" WIDTH="15" VPOS="1199" HPOS="1882"/>
                  <String HEIGHT="52"
                          WIDTH="119"
                          VPOS="1199"
                          HPOS="1837"
                          CONTENT="duas"/>
                  <SP HEIGHT="52" WIDTH="15" VPOS="1199" HPOS="1956"/>
                  <String HEIGHT="52"
                          WIDTH="148"
                          VPOS="1199"
                          HPOS="1911"
                          CONTENT="primas"/>
                  <SP HEIGHT="52" WIDTH="15" VPOS="1199" HPOS="2060"/>
                  <String HEIGHT="52"
                          WIDTH="104"
                          VPOS="1199"
                          HPOS="2000"
                          CONTENT="propo"/>
               </TextLine>
               <TextLine ID="r1l42"
                         BASELINE="1294"
                         HEIGHT="46"
                         WIDTH="755"
                         VPOS="1248"
                         HPOS="1354">
                  <String HEIGHT="46"
                          WIDTH="189"
                          VPOS="1248"
                          HPOS="1339"
                          CONTENT="sitiones:"/>
                  <SP HEIGHT="46" WIDTH="15" VPOS="1248" HPOS="1528"/>
                  <String HEIGHT="46" WIDTH="73" VPOS="1248" HPOS="1485" CONTENT="&amp;"/>
                  <SP HEIGHT="46" WIDTH="15" VPOS="1248" HPOS="1557"/>
                  <String HEIGHT="46" WIDTH="87" VPOS="1248" HPOS="1514" CONTENT="si"/>
                  <SP HEIGHT="46" WIDTH="15" VPOS="1248" HPOS="1601"/>
                  <String HEIGHT="46"
                          WIDTH="116"
                          VPOS="1248"
                          HPOS="1557"
                          CONTENT="vnus"/>
                  <SP HEIGHT="46" WIDTH="15" VPOS="1248" HPOS="1673"/>
                  <String HEIGHT="46"
                          WIDTH="131"
                          VPOS="1248"
                          HPOS="1630"
                          CONTENT="actus"/>
                  <SP HEIGHT="46" WIDTH="15" VPOS="1248" HPOS="1761"/>
                  <String HEIGHT="46"
                          WIDTH="232"
                          VPOS="1248"
                          HPOS="1717"
                          CONTENT="virginitatis"/>
                  <SP HEIGHT="46" WIDTH="15" VPOS="1248" HPOS="1949"/>
                  <String HEIGHT="46"
                          WIDTH="131"
                          VPOS="1248"
                          HPOS="1906"
                          CONTENT="actum"/>
                  <SP HEIGHT="46" WIDTH="15" VPOS="1248" HPOS="2036"/>
                  <String HEIGHT="46"
                          WIDTH="131"
                          VPOS="1248"
                          HPOS="1978"
                          CONTENT="viduita"/>
               </TextLine>
               <TextLine ID="r1l44"
                         BASELINE="1338"
                         HEIGHT="48"
                         WIDTH="767"
                         VPOS="1290"
                         HPOS="1345">
                  <String HEIGHT="48"
                          WIDTH="99"
                          VPOS="1290"
                          HPOS="1331"
                          CONTENT="tis"/>
                  <SP HEIGHT="48" WIDTH="14" VPOS="1290" HPOS="1430"/>
                  <String HEIGHT="48"
                          WIDTH="99"
                          VPOS="1290"
                          HPOS="1388"
                          CONTENT="vel"/>
                  <SP HEIGHT="48" WIDTH="14" VPOS="1290" HPOS="1487"/>
                  <String HEIGHT="48"
                          WIDTH="199"
                          VPOS="1290"
                          HPOS="1444"
                          CONTENT="castitatis"/>
                  <SP HEIGHT="48" WIDTH="14" VPOS="1290" HPOS="1643"/>
                  <String HEIGHT="48"
                          WIDTH="199"
                          VPOS="1290"
                          HPOS="1601"
                          CONTENT="coniugalis"/>
                  <SP HEIGHT="48" WIDTH="14" VPOS="1290" HPOS="1800"/>
                  <String HEIGHT="48"
                          WIDTH="185"
                          VPOS="1290"
                          HPOS="1757"
                          CONTENT="exuperet:"/>
                  <SP HEIGHT="48" WIDTH="14" VPOS="1290" HPOS="1942"/>
                  <String HEIGHT="48"
                          WIDTH="156"
                          VPOS="1290"
                          HPOS="1899"
                          CONTENT="coniunx"/>
                  <SP HEIGHT="48" WIDTH="14" VPOS="1290" HPOS="2055"/>
                  <String HEIGHT="48"
                          WIDTH="114"
                          VPOS="1290"
                          HPOS="1998"
                          CONTENT="potest"/>
               </TextLine>
               <TextLine ID="r1l46"
                         BASELINE="1380"
                         HEIGHT="55"
                         WIDTH="754"
                         VPOS="1325"
                         HPOS="1350">
                  <String HEIGHT="55"
                          WIDTH="148"
                          VPOS="1325"
                          HPOS="1335"
                          CONTENT="habere"/>
                  <SP HEIGHT="55" WIDTH="15" VPOS="1325" HPOS="1483"/>
                  <String HEIGHT="55"
                          WIDTH="133"
                          VPOS="1325"
                          HPOS="1439"
                          CONTENT="alios"/>
                  <SP HEIGHT="55" WIDTH="15" VPOS="1325" HPOS="1572"/>
                  <String HEIGHT="55"
                          WIDTH="133"
                          VPOS="1325"
                          HPOS="1527"
                          CONTENT="bonos"/>
                  <SP HEIGHT="55" WIDTH="15" VPOS="1325" HPOS="1660"/>
                  <String HEIGHT="55"
                          WIDTH="133"
                          VPOS="1325"
                          HPOS="1616"
                          CONTENT="actus"/>
                  <SP HEIGHT="55" WIDTH="15" VPOS="1325" HPOS="1749"/>
                  <String HEIGHT="55"
                          WIDTH="148"
                          VPOS="1325"
                          HPOS="1705"
                          CONTENT="plures"/>
                  <SP HEIGHT="55" WIDTH="15" VPOS="1325" HPOS="1853"/>
                  <String HEIGHT="55"
                          WIDTH="118"
                          VPOS="1325"
                          HPOS="1808"
                          CONTENT="quam"/>
                  <SP HEIGHT="55" WIDTH="15" VPOS="1325" HPOS="1927"/>
                  <String HEIGHT="55"
                          WIDTH="148"
                          VPOS="1325"
                          HPOS="1882"
                          CONTENT="virgo:"/>
                  <SP HEIGHT="55" WIDTH="15" VPOS="1325" HPOS="2030"/>
                  <String HEIGHT="55" WIDTH="74" VPOS="1325" HPOS="1986" CONTENT="&amp;"/>
                  <SP HEIGHT="55" WIDTH="15" VPOS="1325" HPOS="2060"/>
                  <String HEIGHT="55"
                          WIDTH="103"
                          VPOS="1325"
                          HPOS="2001"
                          CONTENT="habe"
                          SUBS_TYPE="HypPart1"
                          SUBS_CONTENT="habere"/>
                  <HYP CONTENT="-"/>
               </TextLine>
               <TextLine ID="r1l48"
                         BASELINE="1430"
                         HEIGHT="60"
                         WIDTH="767"
                         VPOS="1370"
                         HPOS="1353">
                  <String HEIGHT="60"
                          WIDTH="85"
                          VPOS="1370"
                          HPOS="1339"
                          CONTENT="re"
                          SUBS_TYPE="HypPart2"
                          SUBS_CONTENT="habere"/>
                  <SP HEIGHT="60" WIDTH="14" VPOS="1370" HPOS="1424"/>
                  <String HEIGHT="60"
                          WIDTH="227"
                          VPOS="1370"
                          HPOS="1381"
                          CONTENT="aequalitatem"/>
                  <SP HEIGHT="60" WIDTH="14" VPOS="1370" HPOS="1609"/>
                  <String HEIGHT="60"
                          WIDTH="170"
                          VPOS="1370"
                          HPOS="1566"
                          CONTENT="aliunde."/>
                  <SP HEIGHT="60" WIDTH="14" VPOS="1370" HPOS="1737"/>
                  <String HEIGHT="60"
                          WIDTH="99"
                          VPOS="1370"
                          HPOS="1694"
                          CONTENT="sed"/>
                  <SP HEIGHT="60" WIDTH="14" VPOS="1370" HPOS="1793"/>
                  <String HEIGHT="60" WIDTH="85" VPOS="1370" HPOS="1751" CONTENT="ex"/>
                  <SP HEIGHT="60" WIDTH="14" VPOS="1370" HPOS="1836"/>
                  <String HEIGHT="60"
                          WIDTH="99"
                          VPOS="1370"
                          HPOS="1793"
                          CONTENT="hoc"/>
                  <SP HEIGHT="60" WIDTH="14" VPOS="1370" HPOS="1893"/>
                  <String HEIGHT="60"
                          WIDTH="128"
                          VPOS="1370"
                          HPOS="1850"
                          CONTENT="nullo"/>
                  <SP HEIGHT="60" WIDTH="14" VPOS="1370" HPOS="1978"/>
                  <String HEIGHT="60"
                          WIDTH="114"
                          VPOS="1370"
                          HPOS="1935"
                          CONTENT="modo"/>
                  <SP HEIGHT="60" WIDTH="14" VPOS="1370" HPOS="2049"/>
                  <String HEIGHT="60"
                          WIDTH="142"
                          VPOS="1370"
                          HPOS="2006"
                          CONTENT="sequi-"/>
                  <SP HEIGHT="60" WIDTH="14" VPOS="1370" HPOS="2148"/>
                  <String HEIGHT="60" WIDTH="28" VPOS="1370" HPOS="2092" CONTENT=""/>
               </TextLine>
               <TextLine ID="r1l50"
                         BASELINE="1472"
                         HEIGHT="58"
                         WIDTH="775"
                         VPOS="1414"
                         HPOS="1341">
                  <String HEIGHT="58"
                          WIDTH="90"
                          VPOS="1414"
                          HPOS="1328"
                          CONTENT="tur"/>
                  <SP HEIGHT="58" WIDTH="13" VPOS="1414" HPOS="1419"/>
                  <String HEIGHT="58"
                          WIDTH="103"
                          VPOS="1414"
                          HPOS="1380"
                          CONTENT="quod"/>
                  <SP HEIGHT="58" WIDTH="13" VPOS="1414" HPOS="1483"/>
                  <String HEIGHT="58"
                          WIDTH="155"
                          VPOS="1414"
                          HPOS="1444"
                          CONTENT="castitas"/>
                  <SP HEIGHT="58" WIDTH="13" VPOS="1414" HPOS="1599"/>
                  <String HEIGHT="58"
                          WIDTH="181"
                          VPOS="1414"
                          HPOS="1561"
                          CONTENT="coniugalis"/>
                  <SP HEIGHT="58" WIDTH="13" VPOS="1414" HPOS="1741"/>
                  <String HEIGHT="58"
                          WIDTH="194"
                          VPOS="1414"
                          HPOS="1703"
                          CONTENT="virginitati"/>
                  <SP HEIGHT="58" WIDTH="13" VPOS="1414" HPOS="1896"/>
                  <String HEIGHT="58"
                          WIDTH="168"
                          VPOS="1414"
                          HPOS="1858"
                          CONTENT="aequetur."/>
                  <SP HEIGHT="58" WIDTH="13" VPOS="1414" HPOS="2026"/>
                  <String HEIGHT="58"
                          WIDTH="116"
                          VPOS="1414"
                          HPOS="1987"
                          CONTENT="sicut"/>
                  <SP HEIGHT="58" WIDTH="13" VPOS="1414" HPOS="2103"/>
                  <String HEIGHT="58"
                          WIDTH="65"
                          VPOS="1414"
                          HPOS="2051"
                          CONTENT="de"
                          SUBS_TYPE="HypPart1"
                          SUBS_CONTENT="denarius"/>
                  <HYP CONTENT="-"/>
               </TextLine>
               <TextLine ID="r1l52"
                         BASELINE="1508"
                         HEIGHT="48"
                         WIDTH="766"
                         VPOS="1460"
                         HPOS="1344">
                  <String HEIGHT="48"
                          WIDTH="142"
                          VPOS="1460"
                          HPOS="1330"
                          CONTENT="narius"
                          SUBS_TYPE="HypPart2"
                          SUBS_CONTENT="denarius"/>
                  <SP HEIGHT="48" WIDTH="14" VPOS="1460" HPOS="1472"/>
                  <String HEIGHT="48"
                          WIDTH="142"
                          VPOS="1460"
                          HPOS="1429"
                          CONTENT="aureus"/>
                  <SP HEIGHT="48" WIDTH="14" VPOS="1460" HPOS="1571"/>
                  <String HEIGHT="48"
                          WIDTH="156"
                          VPOS="1460"
                          HPOS="1528"
                          CONTENT="denario"/>
                  <SP HEIGHT="48" WIDTH="14" VPOS="1460" HPOS="1684"/>
                  <String HEIGHT="48"
                          WIDTH="170"
                          VPOS="1460"
                          HPOS="1642"
                          CONTENT="argenteo"/>
                  <SP HEIGHT="48" WIDTH="14" VPOS="1460" HPOS="1812"/>
                  <String HEIGHT="48"
                          WIDTH="184"
                          VPOS="1460"
                          HPOS="1770"
                          CONTENT="praestat:"/>
                  <SP HEIGHT="48" WIDTH="14" VPOS="1460" HPOS="1954"/>
                  <String HEIGHT="48" WIDTH="71" VPOS="1460" HPOS="1911" CONTENT="&amp;"/>
                  <SP HEIGHT="48" WIDTH="14" VPOS="1460" HPOS="1982"/>
                  <String HEIGHT="48"
                          WIDTH="128"
                          VPOS="1460"
                          HPOS="1940"
                          CONTENT="tamen"/>
                  <SP HEIGHT="48" WIDTH="14" VPOS="1460" HPOS="2067"/>
                  <String HEIGHT="48"
                          WIDTH="99"
                          VPOS="1460"
                          HPOS="2011"
                          CONTENT="dena"
                          SUBS_TYPE="HypPart1"
                          SUBS_CONTENT="denarium"/>
                  <HYP CONTENT="-"/>
               </TextLine>
               <TextLine ID="r1l54"
                         BASELINE="1549"
                         HEIGHT="46"
                         WIDTH="755"
                         VPOS="1503"
                         HPOS="1350">
                  <String HEIGHT="46"
                          WIDTH="112"
                          VPOS="1503"
                          HPOS="1336"
                          CONTENT="rium"
                          SUBS_TYPE="HypPart2"
                          SUBS_CONTENT="denarium"/>
                  <SP HEIGHT="46" WIDTH="14" VPOS="1503" HPOS="1448"/>
                  <String HEIGHT="46"
                          WIDTH="182"
                          VPOS="1503"
                          HPOS="1406"
                          CONTENT="argenteum"/>
                  <SP HEIGHT="46" WIDTH="14" VPOS="1503" HPOS="1588"/>
                  <String HEIGHT="46"
                          WIDTH="140"
                          VPOS="1503"
                          HPOS="1546"
                          CONTENT="habens"/>
                  <SP HEIGHT="46" WIDTH="14" VPOS="1503" HPOS="1686"/>
                  <String HEIGHT="46"
                          WIDTH="140"
                          VPOS="1503"
                          HPOS="1644"
                          CONTENT="potest"/>
                  <SP HEIGHT="46" WIDTH="14" VPOS="1503" HPOS="1783"/>
                  <String HEIGHT="46" WIDTH="84" VPOS="1503" HPOS="1741" CONTENT="in"/>
                  <SP HEIGHT="46" WIDTH="14" VPOS="1503" HPOS="1825"/>
                  <String HEIGHT="46"
                          WIDTH="126"
                          VPOS="1503"
                          HPOS="1783"
                          CONTENT="bobus"/>
                  <SP HEIGHT="46" WIDTH="14" VPOS="1503" HPOS="1909"/>
                  <String HEIGHT="46" WIDTH="70" VPOS="1503" HPOS="1867" CONTENT="&amp;"/>
                  <SP HEIGHT="46" WIDTH="14" VPOS="1503" HPOS="1937"/>
                  <String HEIGHT="46"
                          WIDTH="140"
                          VPOS="1503"
                          HPOS="1895"
                          CONTENT="ouibus"/>
                  <SP HEIGHT="46" WIDTH="14" VPOS="1503" HPOS="2035"/>
                  <String HEIGHT="46" WIDTH="70" VPOS="1503" HPOS="1993" CONTENT="&amp;"/>
                  <SP HEIGHT="46" WIDTH="14" VPOS="1503" HPOS="2063"/>
                  <String HEIGHT="46"
                          WIDTH="98"
                          VPOS="1503"
                          HPOS="2007"
                          CONTENT="aliis"/>
               </TextLine>
               <TextLine ID="r1l56"
                         BASELINE="1598"
                         HEIGHT="50"
                         WIDTH="764"
                         VPOS="1548"
                         HPOS="1353">
                  <String HEIGHT="50"
                          WIDTH="120"
                          VPOS="1548"
                          HPOS="1338"
                          CONTENT="esse"/>
                  <SP HEIGHT="50" WIDTH="15" VPOS="1548" HPOS="1458"/>
                  <String HEIGHT="50"
                          WIDTH="135"
                          VPOS="1548"
                          HPOS="1413"
                          CONTENT="magis"/>
                  <SP HEIGHT="50" WIDTH="15" VPOS="1548" HPOS="1548"/>
                  <String HEIGHT="50"
                          WIDTH="135"
                          VPOS="1548"
                          HPOS="1503"
                          CONTENT="diues"/>
                  <SP HEIGHT="50" WIDTH="15" VPOS="1548" HPOS="1638"/>
                  <String HEIGHT="50"
                          WIDTH="105"
                          VPOS="1548"
                          HPOS="1593"
                          CONTENT="vel"/>
                  <SP HEIGHT="50" WIDTH="15" VPOS="1548" HPOS="1698"/>
                  <String HEIGHT="50"
                          WIDTH="135"
                          VPOS="1548"
                          HPOS="1653"
                          CONTENT="aeque"/>
                  <SP HEIGHT="50" WIDTH="15" VPOS="1548" HPOS="1787"/>
                  <String HEIGHT="50"
                          WIDTH="135"
                          VPOS="1548"
                          HPOS="1742"
                          CONTENT="diues"/>
                  <SP HEIGHT="50" WIDTH="15" VPOS="1548" HPOS="1877"/>
                  <String HEIGHT="50" WIDTH="90" VPOS="1548" HPOS="1832" CONTENT="ac"/>
                  <SP HEIGHT="50" WIDTH="15" VPOS="1548" HPOS="1922"/>
                  <String HEIGHT="50"
                          WIDTH="150"
                          VPOS="1548"
                          HPOS="1877"
                          CONTENT="habens"/>
                  <SP HEIGHT="50" WIDTH="15" VPOS="1548" HPOS="2027"/>
                  <String HEIGHT="50"
                          WIDTH="150"
                          VPOS="1548"
                          HPOS="1967"
                          CONTENT="denarium"/>
               </TextLine>
               <TextLine ID="r1l58"
                         BASELINE="1655"
                         HEIGHT="55"
                         WIDTH="770"
                         VPOS="1600"
                         HPOS="1341">
                  <String HEIGHT="55"
                          WIDTH="144"
                          VPOS="1600"
                          HPOS="1328"
                          CONTENT="aureum."/>
                  <SP HEIGHT="55" WIDTH="13" VPOS="1600" HPOS="1472"/>
                  <String HEIGHT="55"
                          WIDTH="144"
                          VPOS="1600"
                          HPOS="1432"
                          CONTENT="Concedo"/>
                  <SP HEIGHT="55" WIDTH="13" VPOS="1600" HPOS="1576"/>
                  <String HEIGHT="55"
                          WIDTH="131"
                          VPOS="1600"
                          HPOS="1537"
                          CONTENT="igitur"/>
                  <SP HEIGHT="55" WIDTH="13" VPOS="1600" HPOS="1667"/>
                  <String HEIGHT="55"
                          WIDTH="104"
                          VPOS="1600"
                          HPOS="1628"
                          CONTENT="quod"/>
                  <SP HEIGHT="55" WIDTH="13" VPOS="1600" HPOS="1733"/>
                  <String HEIGHT="55"
                          WIDTH="144"
                          VPOS="1600"
                          HPOS="1693"
                          CONTENT="coniunx"/>
                  <SP HEIGHT="55" WIDTH="13" VPOS="1600" HPOS="1837"/>
                  <String HEIGHT="55"
                          WIDTH="144"
                          VPOS="1600"
                          HPOS="1798"
                          CONTENT="aliquis"/>
                  <SP HEIGHT="55" WIDTH="13" VPOS="1600" HPOS="1941"/>
                  <String HEIGHT="55" WIDTH="65" VPOS="1600" HPOS="1902" CONTENT="&amp;"/>
                  <SP HEIGHT="55" WIDTH="13" VPOS="1600" HPOS="1967"/>
                  <String HEIGHT="55"
                          WIDTH="144"
                          VPOS="1600"
                          HPOS="1928"
                          CONTENT="aliquam"/>
                  <SP HEIGHT="55" WIDTH="13" VPOS="1600" HPOS="2072"/>
                  <String HEIGHT="55"
                          WIDTH="91"
                          VPOS="1600"
                          HPOS="2020"
                          CONTENT="vidua"/>
               </TextLine>
               <TextLine ID="r1l60"
                         BASELINE="1696"
                         HEIGHT="58"
                         WIDTH="754"
                         VPOS="1638"
                         HPOS="1357">
                  <String HEIGHT="58"
                          WIDTH="94"
                          VPOS="1638"
                          HPOS="1344"
                          CONTENT="cum"/>
                  <SP HEIGHT="58" WIDTH="13" VPOS="1638" HPOS="1438"/>
                  <String HEIGHT="58"
                          WIDTH="135"
                          VPOS="1638"
                          HPOS="1397"
                          CONTENT="aliqua"/>
                  <SP HEIGHT="58" WIDTH="13" VPOS="1638" HPOS="1532"/>
                  <String HEIGHT="58"
                          WIDTH="148"
                          VPOS="1638"
                          HPOS="1492"
                          CONTENT="virgine"/>
                  <SP HEIGHT="58" WIDTH="13" VPOS="1638" HPOS="1640"/>
                  <String HEIGHT="58"
                          WIDTH="121"
                          VPOS="1638"
                          HPOS="1599"
                          CONTENT="habet"/>
                  <SP HEIGHT="58" WIDTH="13" VPOS="1638" HPOS="1721"/>
                  <String HEIGHT="58"
                          WIDTH="162"
                          VPOS="1638"
                          HPOS="1680"
                          CONTENT="aequalem"/>
                  <SP HEIGHT="58" WIDTH="13" VPOS="1638" HPOS="1842"/>
                  <String HEIGHT="58"
                          WIDTH="229"
                          VPOS="1638"
                          HPOS="1801"
                          CONTENT="beatitudinem:"/>
                  <SP HEIGHT="58" WIDTH="13" VPOS="1638" HPOS="2030"/>
                  <String HEIGHT="58"
                          WIDTH="94"
                          VPOS="1638"
                          HPOS="1990"
                          CONTENT="cum"/>
                  <SP HEIGHT="58" WIDTH="13" VPOS="1638" HPOS="2084"/>
                  <String HEIGHT="58"
                          WIDTH="81"
                          VPOS="1638"
                          HPOS="2030"
                          CONTENT="ali"
                          SUBS_TYPE="HypPart1"
                          SUBS_CONTENT="aliqua"/>
                  <HYP CONTENT="-"/>
               </TextLine>
               <TextLine ID="r1l62"
                         BASELINE="1740"
                         HEIGHT="57"
                         WIDTH="770"
                         VPOS="1683"
                         HPOS="1347">
                  <String HEIGHT="57"
                          WIDTH="110"
                          VPOS="1683"
                          HPOS="1331"
                          CONTENT="qua"
                          SUBS_TYPE="HypPart2"
                          SUBS_CONTENT="aliqua"/>
                  <SP HEIGHT="57" WIDTH="16" VPOS="1683" HPOS="1441"/>
                  <String HEIGHT="57"
                          WIDTH="189"
                          VPOS="1683"
                          HPOS="1394"
                          CONTENT="minorem:"/>
                  <SP HEIGHT="57" WIDTH="16" VPOS="1683" HPOS="1583"/>
                  <String HEIGHT="57" WIDTH="79" VPOS="1683" HPOS="1536" CONTENT="&amp;"/>
                  <SP HEIGHT="57" WIDTH="16" VPOS="1683" HPOS="1614"/>
                  <String HEIGHT="57"
                          WIDTH="110"
                          VPOS="1683"
                          HPOS="1567"
                          CONTENT="cum"/>
                  <SP HEIGHT="57" WIDTH="16" VPOS="1683" HPOS="1677"/>
                  <String HEIGHT="57"
                          WIDTH="157"
                          VPOS="1683"
                          HPOS="1630"
                          CONTENT="aliqua"/>
                  <SP HEIGHT="57" WIDTH="16" VPOS="1683" HPOS="1787"/>
                  <String HEIGHT="57"
                          WIDTH="189"
                          VPOS="1683"
                          HPOS="1740"
                          CONTENT="maiorem."/>
                  <SP HEIGHT="57" WIDTH="16" VPOS="1683" HPOS="1928"/>
                  <String HEIGHT="57" WIDTH="79" VPOS="1683" HPOS="1881" CONTENT="⁋"/>
                  <SP HEIGHT="57" WIDTH="16" VPOS="1683" HPOS="1960"/>
                  <String HEIGHT="57"
                          WIDTH="157"
                          VPOS="1683"
                          HPOS="1913"
                          CONTENT="Quarto"/>
                  <SP HEIGHT="57" WIDTH="16" VPOS="1683" HPOS="2070"/>
                  <String HEIGHT="57"
                          WIDTH="110"
                          VPOS="1683"
                          HPOS="2007"
                          CONTENT="argui"/>
               </TextLine>
               <TextLine ID="r1l64"
                         BASELINE="1774"
                         HEIGHT="48"
                         WIDTH="754"
                         VPOS="1726"
                         HPOS="1351">
                  <String HEIGHT="48"
                          WIDTH="114"
                          VPOS="1726"
                          HPOS="1337"
                          CONTENT="tur."/>
                  <SP HEIGHT="48" WIDTH="14" VPOS="1726" HPOS="1451"/>
                  <String HEIGHT="48"
                          WIDTH="128"
                          VPOS="1726"
                          HPOS="1408"
                          CONTENT="bonum"/>
                  <SP HEIGHT="48" WIDTH="14" VPOS="1726" HPOS="1536"/>
                  <String HEIGHT="48"
                          WIDTH="156"
                          VPOS="1726"
                          HPOS="1493"
                          CONTENT="commune"/>
                  <SP HEIGHT="48" WIDTH="14" VPOS="1726" HPOS="1650"/>
                  <String HEIGHT="48"
                          WIDTH="100"
                          VPOS="1726"
                          HPOS="1607"
                          CONTENT="est"/>
                  <SP HEIGHT="48" WIDTH="14" VPOS="1726" HPOS="1707"/>
                  <String HEIGHT="48"
                          WIDTH="142"
                          VPOS="1726"
                          HPOS="1664"
                          CONTENT="potius"/>
                  <SP HEIGHT="48" WIDTH="14" VPOS="1726" HPOS="1806"/>
                  <String HEIGHT="48"
                          WIDTH="114"
                          VPOS="1726"
                          HPOS="1764"
                          CONTENT="bono"/>
                  <SP HEIGHT="48" WIDTH="14" VPOS="1726" HPOS="1877"/>
                  <String HEIGHT="48"
                          WIDTH="171"
                          VPOS="1726"
                          HPOS="1835"
                          CONTENT="priuato."/>
                  <SP HEIGHT="48" WIDTH="14" VPOS="1726" HPOS="2005"/>
                  <String HEIGHT="48" WIDTH="85" VPOS="1726" HPOS="1963" CONTENT="i."/>
                  <SP HEIGHT="48" WIDTH="14" VPOS="1726" HPOS="2048"/>
                  <String HEIGHT="48"
                          WIDTH="114"
                          VPOS="1726"
                          HPOS="1991"
                          CONTENT="Ethic."/>
               </TextLine>
               <TextLine ID="r1l66"
                         BASELINE="1823"
                         HEIGHT="54"
                         WIDTH="760"
                         VPOS="1769"
                         HPOS="1348">
                  <String HEIGHT="54"
                          WIDTH="100"
                          VPOS="1769"
                          HPOS="1334"
                          CONTENT="sed"/>
                  <SP HEIGHT="54" WIDTH="14" VPOS="1769" HPOS="1434"/>
                  <String HEIGHT="54"
                          WIDTH="186"
                          VPOS="1769"
                          HPOS="1391"
                          CONTENT="coniugium"/>
                  <SP HEIGHT="54" WIDTH="14" VPOS="1769" HPOS="1577"/>
                  <String HEIGHT="54"
                          WIDTH="186"
                          VPOS="1769"
                          HPOS="1534"
                          CONTENT="ordinatur"/>
                  <SP HEIGHT="54" WIDTH="14" VPOS="1769" HPOS="1721"/>
                  <String HEIGHT="54" WIDTH="86" VPOS="1769" HPOS="1678" CONTENT="ad"/>
                  <SP HEIGHT="54" WIDTH="14" VPOS="1769" HPOS="1764"/>
                  <String HEIGHT="54"
                          WIDTH="129"
                          VPOS="1769"
                          HPOS="1721"
                          CONTENT="bonum"/>
                  <SP HEIGHT="54" WIDTH="14" VPOS="1769" HPOS="1850"/>
                  <String HEIGHT="54"
                          WIDTH="158"
                          VPOS="1769"
                          HPOS="1807"
                          CONTENT="commune"/>
                  <SP HEIGHT="54" WIDTH="14" VPOS="1769" HPOS="1965"/>
                  <String HEIGHT="54"
                          WIDTH="172"
                          VPOS="1769"
                          HPOS="1922"
                          CONTENT="scilicet"/>
                  <SP HEIGHT="54" WIDTH="14" VPOS="1769" HPOS="2094"/>
                  <String HEIGHT="54"
                          WIDTH="72"
                          VPOS="1769"
                          HPOS="2036"
                          CONTENT="mul"/>
               </TextLine>
               <TextLine ID="r1l68"
                         BASELINE="1865"
                         HEIGHT="49"
                         WIDTH="756"
                         VPOS="1816"
                         HPOS="1348">
                  <String HEIGHT="49"
                          WIDTH="230"
                          VPOS="1816"
                          HPOS="1335"
                          CONTENT="tiplicationem"/>
                  <SP HEIGHT="49" WIDTH="14" VPOS="1816" HPOS="1564"/>
                  <String HEIGHT="49"
                          WIDTH="176"
                          VPOS="1816"
                          HPOS="1524"
                          CONTENT="hominium:"/>
                  <SP HEIGHT="49" WIDTH="14" VPOS="1816" HPOS="1699"/>
                  <String HEIGHT="49"
                          WIDTH="189"
                          VPOS="1816"
                          HPOS="1659"
                          CONTENT="virginitas"/>
                  <SP HEIGHT="49" WIDTH="14" VPOS="1816" HPOS="1848"/>
                  <String HEIGHT="49"
                          WIDTH="122"
                          VPOS="1816"
                          HPOS="1807"
                          CONTENT="autem"/>
                  <SP HEIGHT="49" WIDTH="14" VPOS="1816" HPOS="1929"/>
                  <String HEIGHT="49" WIDTH="81" VPOS="1816" HPOS="1888" CONTENT="ad"/>
                  <SP HEIGHT="49" WIDTH="14" VPOS="1816" HPOS="1969"/>
                  <String HEIGHT="49"
                          WIDTH="122"
                          VPOS="1816"
                          HPOS="1929"
                          CONTENT="bonum"/>
                  <SP HEIGHT="49" WIDTH="14" VPOS="1816" HPOS="2050"/>
                  <String HEIGHT="49"
                          WIDTH="108"
                          VPOS="1816"
                          HPOS="1996"
                          CONTENT="priuar"/>
               </TextLine>
               <TextLine ID="r1l70"
                         BASELINE="1922"
                         HEIGHT="61"
                         WIDTH="758"
                         VPOS="1861"
                         HPOS="1344">
                  <String HEIGHT="61"
                          WIDTH="124"
                          VPOS="1861"
                          HPOS="1329"
                          CONTENT="tum."/>
                  <SP HEIGHT="61" WIDTH="15" VPOS="1861" HPOS="1452"/>
                  <String HEIGHT="61"
                          WIDTH="201"
                          VPOS="1861"
                          HPOS="1406"
                          CONTENT="Respondet"/>
                  <SP HEIGHT="61" WIDTH="15" VPOS="1861" HPOS="1607"/>
                  <String HEIGHT="61"
                          WIDTH="155"
                          VPOS="1861"
                          HPOS="1561"
                          CONTENT="beatus"/>
                  <SP HEIGHT="61" WIDTH="15" VPOS="1861" HPOS="1715"/>
                  <String HEIGHT="61"
                          WIDTH="124"
                          VPOS="1861"
                          HPOS="1669"
                          CONTENT="Tho."/>
                  <SP HEIGHT="61" WIDTH="15" VPOS="1861" HPOS="1793"/>
                  <String HEIGHT="61"
                          WIDTH="139"
                          VPOS="1861"
                          HPOS="1746"
                          CONTENT="bonum"/>
                  <SP HEIGHT="61" WIDTH="15" VPOS="1861" HPOS="1885"/>
                  <String HEIGHT="61"
                          WIDTH="170"
                          VPOS="1861"
                          HPOS="1839"
                          CONTENT="commune"/>
                  <SP HEIGHT="61" WIDTH="15" VPOS="1861" HPOS="2009"/>
                  <String HEIGHT="61"
                          WIDTH="124"
                          VPOS="1861"
                          HPOS="1963"
                          CONTENT="quid"/>
                  <SP HEIGHT="61" WIDTH="15" VPOS="1861" HPOS="2087"/>
                  <String HEIGHT="61"
                          WIDTH="77"
                          VPOS="1861"
                          HPOS="2025"
                          CONTENT="est"/>
               </TextLine>
               <TextLine ID="r1l72"
                         BASELINE="1953"
                         HEIGHT="49"
                         WIDTH="762"
                         VPOS="1904"
                         HPOS="1354">
                  <String HEIGHT="49"
                          WIDTH="171"
                          VPOS="1904"
                          HPOS="1338"
                          CONTENT="eiusdem"/>
                  <SP HEIGHT="49" WIDTH="16" VPOS="1904" HPOS="1510"/>
                  <String HEIGHT="49"
                          WIDTH="171"
                          VPOS="1904"
                          HPOS="1463"
                          CONTENT="generis"/>
                  <SP HEIGHT="49" WIDTH="16" VPOS="1904" HPOS="1634"/>
                  <String HEIGHT="49"
                          WIDTH="109"
                          VPOS="1904"
                          HPOS="1587"
                          CONTENT="cum"/>
                  <SP HEIGHT="49" WIDTH="16" VPOS="1904" HPOS="1696"/>
                  <String HEIGHT="49"
                          WIDTH="124"
                          VPOS="1904"
                          HPOS="1649"
                          CONTENT="bono"/>
                  <SP HEIGHT="49" WIDTH="16" VPOS="1904" HPOS="1774"/>
                  <String HEIGHT="49"
                          WIDTH="187"
                          VPOS="1904"
                          HPOS="1727"
                          CONTENT="priuato,"/>
                  <SP HEIGHT="49" WIDTH="16" VPOS="1904" HPOS="1914"/>
                  <String HEIGHT="49"
                          WIDTH="109"
                          VPOS="1904"
                          HPOS="1867"
                          CONTENT="est"/>
                  <SP HEIGHT="49" WIDTH="16" VPOS="1904" HPOS="1976"/>
                  <String HEIGHT="49"
                          WIDTH="202"
                          VPOS="1904"
                          HPOS="1914"
                          CONTENT="preferendum"/>
               </TextLine>
               <TextLine ID="r1l74"
                         BASELINE="1994"
                         HEIGHT="50"
                         WIDTH="757"
                         VPOS="1944"
                         HPOS="1345">
                  <String HEIGHT="50"
                          WIDTH="100"
                          VPOS="1944"
                          HPOS="1331"
                          CONTENT="cum"/>
                  <SP HEIGHT="50" WIDTH="14" VPOS="1944" HPOS="1431"/>
                  <String HEIGHT="50"
                          WIDTH="100"
                          VPOS="1944"
                          HPOS="1388"
                          CONTENT="hoc"/>
                  <SP HEIGHT="50" WIDTH="14" VPOS="1944" HPOS="1488"/>
                  <String HEIGHT="50"
                          WIDTH="129"
                          VPOS="1944"
                          HPOS="1445"
                          CONTENT="tamen"/>
                  <SP HEIGHT="50" WIDTH="14" VPOS="1944" HPOS="1574"/>
                  <String HEIGHT="50"
                          WIDTH="114"
                          VPOS="1944"
                          HPOS="1531"
                          CONTENT="stat"/>
                  <SP HEIGHT="50" WIDTH="14" VPOS="1944" HPOS="1645"/>
                  <String HEIGHT="50"
                          WIDTH="114"
                          VPOS="1944"
                          HPOS="1602"
                          CONTENT="quod"/>
                  <SP HEIGHT="50" WIDTH="14" VPOS="1944" HPOS="1716"/>
                  <String HEIGHT="50"
                          WIDTH="129"
                          VPOS="1944"
                          HPOS="1674"
                          CONTENT="bonum"/>
                  <SP HEIGHT="50" WIDTH="14" VPOS="1944" HPOS="1802"/>
                  <String HEIGHT="50"
                          WIDTH="171"
                          VPOS="1944"
                          HPOS="1759"
                          CONTENT="priuatum"/>
                  <SP HEIGHT="50" WIDTH="14" VPOS="1944" HPOS="1931"/>
                  <String HEIGHT="50"
                          WIDTH="171"
                          VPOS="1944"
                          HPOS="1888"
                          CONTENT="secundum"/>
                  <SP HEIGHT="50" WIDTH="14" VPOS="1944" HPOS="2059"/>
                  <String HEIGHT="50"
                          WIDTH="100"
                          VPOS="1944"
                          HPOS="2002"
                          CONTENT="genus"/>
               </TextLine>
               <TextLine ID="r1l76"
                         BASELINE="2052"
                         HEIGHT="59"
                         WIDTH="758"
                         VPOS="1993"
                         HPOS="1350">
                  <String HEIGHT="59"
                          WIDTH="112"
                          VPOS="1993"
                          HPOS="1336"
                          CONTENT="suum"/>
                  <SP HEIGHT="59" WIDTH="14" VPOS="1993" HPOS="1448"/>
                  <String HEIGHT="59"
                          WIDTH="98"
                          VPOS="1993"
                          HPOS="1406"
                          CONTENT="sit"/>
                  <SP HEIGHT="59" WIDTH="14" VPOS="1993" HPOS="1504"/>
                  <String HEIGHT="59"
                          WIDTH="154"
                          VPOS="1993"
                          HPOS="1462"
                          CONTENT="melius."/>
                  <SP HEIGHT="59" WIDTH="14" VPOS="1993" HPOS="1617"/>
                  <String HEIGHT="59"
                          WIDTH="98"
                          VPOS="1993"
                          HPOS="1575"
                          CONTENT="Hoc"/>
                  <SP HEIGHT="59" WIDTH="14" VPOS="1993" HPOS="1673"/>
                  <String HEIGHT="59"
                          WIDTH="197"
                          VPOS="1993"
                          HPOS="1631"
                          CONTENT="reprehedit"/>
                  <SP HEIGHT="59" WIDTH="14" VPOS="1993" HPOS="1827"/>
                  <String HEIGHT="59"
                          WIDTH="182"
                          VPOS="1993"
                          HPOS="1785"
                          CONTENT="Martinus:"/>
                  <SP HEIGHT="59" WIDTH="14" VPOS="1993" HPOS="1968"/>
                  <String HEIGHT="59" WIDTH="70" VPOS="1993" HPOS="1926" CONTENT="&amp;"/>
                  <SP HEIGHT="59" WIDTH="14" VPOS="1993" HPOS="1996"/>
                  <String HEIGHT="59"
                          WIDTH="126"
                          VPOS="1993"
                          HPOS="1954"
                          CONTENT="dicit"/>
                  <SP HEIGHT="59" WIDTH="14" VPOS="1993" HPOS="2080"/>
                  <String HEIGHT="59"
                          WIDTH="84"
                          VPOS="1993"
                          HPOS="2024"
                          CONTENT="quod"/>
               </TextLine>
               <TextLine ID="r1l78"
                         BASELINE="2095"
                         HEIGHT="50"
                         WIDTH="764"
                         VPOS="2045"
                         HPOS="1341">
                  <String HEIGHT="50"
                          WIDTH="255"
                          VPOS="2045"
                          HPOS="1326"
                          CONTENT="multiplicatio"/>
                  <SP HEIGHT="50" WIDTH="15" VPOS="2045" HPOS="1581"/>
                  <String HEIGHT="50"
                          WIDTH="165"
                          VPOS="2045"
                          HPOS="1536"
                          CONTENT="generis"/>
                  <SP HEIGHT="50" WIDTH="15" VPOS="2045" HPOS="1701"/>
                  <String HEIGHT="50"
                          WIDTH="150"
                          VPOS="2045"
                          HPOS="1656"
                          CONTENT="humani"/>
                  <SP HEIGHT="50" WIDTH="15" VPOS="2045" HPOS="1805"/>
                  <String HEIGHT="50"
                          WIDTH="105"
                          VPOS="2045"
                          HPOS="1760"
                          CONTENT="est"/>
                  <SP HEIGHT="50" WIDTH="15" VPOS="2045" HPOS="1865"/>
                  <String HEIGHT="50"
                          WIDTH="150"
                          VPOS="2045"
                          HPOS="1820"
                          CONTENT="melior"/>
                  <SP HEIGHT="50" WIDTH="15" VPOS="2045" HPOS="1970"/>
                  <String HEIGHT="50"
                          WIDTH="120"
                          VPOS="2045"
                          HPOS="1925"
                          CONTENT="quam"/>
                  <SP HEIGHT="50" WIDTH="15" VPOS="2045" HPOS="2045"/>
                  <String HEIGHT="50"
                          WIDTH="120"
                          VPOS="2045"
                          HPOS="1985"
                          CONTENT="conte"
                          SUBS_TYPE="HypPart1"
                          SUBS_CONTENT="conteplatio."/>
                  <HYP CONTENT="-"/>
               </TextLine>
               <TextLine ID="r1l80"
                         BASELINE="2137"
                         HEIGHT="57"
                         WIDTH="760"
                         VPOS="2080"
                         HPOS="1347">
                  <String HEIGHT="57"
                          WIDTH="147"
                          VPOS="2080"
                          HPOS="1334"
                          CONTENT="platio."
                          SUBS_TYPE="HypPart2"
                          SUBS_CONTENT="conteplatio."/>
                  <SP HEIGHT="57" WIDTH="13" VPOS="2080" HPOS="1480"/>
                  <String HEIGHT="57" WIDTH="67" VPOS="2080" HPOS="1440" CONTENT="&amp;"/>
                  <SP HEIGHT="57" WIDTH="13" VPOS="2080" HPOS="1507"/>
                  <String HEIGHT="57"
                          WIDTH="120"
                          VPOS="2080"
                          HPOS="1467"
                          CONTENT="ratio"/>
                  <SP HEIGHT="57" WIDTH="13" VPOS="2080" HPOS="1587"/>
                  <String HEIGHT="57"
                          WIDTH="107"
                          VPOS="2080"
                          HPOS="1547"
                          CONTENT="eius"/>
                  <SP HEIGHT="57" WIDTH="13" VPOS="2080" HPOS="1654"/>
                  <String HEIGHT="57"
                          WIDTH="107"
                          VPOS="2080"
                          HPOS="1614"
                          CONTENT="est:"/>
                  <SP HEIGHT="57" WIDTH="13" VPOS="2080" HPOS="1720"/>
                  <String HEIGHT="57"
                          WIDTH="107"
                          VPOS="2080"
                          HPOS="1680"
                          CONTENT="quia"/>
                  <SP HEIGHT="57" WIDTH="13" VPOS="2080" HPOS="1787"/>
                  <String HEIGHT="57"
                          WIDTH="107"
                          VPOS="2080"
                          HPOS="1747"
                          CONTENT="quis"/>
                  <SP HEIGHT="57" WIDTH="13" VPOS="2080" HPOS="1854"/>
                  <String HEIGHT="57"
                          WIDTH="200"
                          VPOS="2080"
                          HPOS="1814"
                          CONTENT="derelinquit"/>
                  <SP HEIGHT="57" WIDTH="13" VPOS="2080" HPOS="2014"/>
                  <String HEIGHT="57"
                          WIDTH="147"
                          VPOS="2080"
                          HPOS="1960"
                          CONTENT="virginita"/>
               </TextLine>
               <TextLine ID="r1l82"
                         BASELINE="2183"
                         HEIGHT="56"
                         WIDTH="775"
                         VPOS="2127"
                         HPOS="1341">
                  <String HEIGHT="56"
                          WIDTH="106"
                          VPOS="2127"
                          HPOS="1326"
                          CONTENT="tem"/>
                  <SP HEIGHT="56" WIDTH="15" VPOS="2127" HPOS="1432"/>
                  <String HEIGHT="56"
                          WIDTH="167"
                          VPOS="2127"
                          HPOS="1387"
                          CONTENT="propter"/>
                  <SP HEIGHT="56" WIDTH="15" VPOS="2127" HPOS="1554"/>
                  <String HEIGHT="56"
                          WIDTH="137"
                          VPOS="2127"
                          HPOS="1508"
                          CONTENT="bonum"/>
                  <SP HEIGHT="56" WIDTH="15" VPOS="2127" HPOS="1645"/>
                  <String HEIGHT="56"
                          WIDTH="152"
                          VPOS="2127"
                          HPOS="1599"
                          CONTENT="prolis"/>
                  <SP HEIGHT="56" WIDTH="15" VPOS="2127" HPOS="1751"/>
                  <String HEIGHT="56"
                          WIDTH="122"
                          VPOS="2127"
                          HPOS="1706"
                          CONTENT="papa"/>
                  <SP HEIGHT="56" WIDTH="15" VPOS="2127" HPOS="1827"/>
                  <String HEIGHT="56"
                          WIDTH="243"
                          VPOS="2127"
                          HPOS="1782"
                          CONTENT="dispensante."/>
                  <SP HEIGHT="56" WIDTH="15" VPOS="2127" HPOS="2025"/>
                  <String HEIGHT="56"
                          WIDTH="106"
                          VPOS="2127"
                          HPOS="1979"
                          CONTENT="sed"/>
                  <SP HEIGHT="56" WIDTH="15" VPOS="2127" HPOS="2086"/>
                  <String HEIGHT="56"
                          WIDTH="91"
                          VPOS="2127"
                          HPOS="2025"
                          CONTENT="haec"/>
               </TextLine>
               <TextLine ID="r1l84"
                         BASELINE="2233"
                         HEIGHT="60"
                         WIDTH="757"
                         VPOS="2173"
                         HPOS="1341">
                  <String HEIGHT="60"
                          WIDTH="225"
                          VPOS="2173"
                          HPOS="1325"
                          CONTENT="impugnatio"/>
                  <SP HEIGHT="60" WIDTH="16" VPOS="2173" HPOS="1550"/>
                  <String HEIGHT="60"
                          WIDTH="113"
                          VPOS="2173"
                          HPOS="1502"
                          CONTENT="est"/>
                  <SP HEIGHT="60" WIDTH="16" VPOS="2173" HPOS="1615"/>
                  <String HEIGHT="60"
                          WIDTH="161"
                          VPOS="2173"
                          HPOS="1566"
                          CONTENT="nulla."/>
                  <SP HEIGHT="60" WIDTH="16" VPOS="2173" HPOS="1728"/>
                  <String HEIGHT="60"
                          WIDTH="129"
                          VPOS="2173"
                          HPOS="1679"
                          CONTENT="Dico"/>
                  <SP HEIGHT="60" WIDTH="16" VPOS="2173" HPOS="1808"/>
                  <String HEIGHT="60"
                          WIDTH="113"
                          VPOS="2173"
                          HPOS="1760"
                          CONTENT="cum"/>
                  <SP HEIGHT="60" WIDTH="16" VPOS="2173" HPOS="1873"/>
                  <String HEIGHT="60"
                          WIDTH="145"
                          VPOS="2173"
                          HPOS="1824"
                          CONTENT="beato"/>
                  <SP HEIGHT="60" WIDTH="16" VPOS="2173" HPOS="1969"/>
                  <String HEIGHT="60"
                          WIDTH="145"
                          VPOS="2173"
                          HPOS="1921"
                          CONTENT="Thoma"/>
                  <SP HEIGHT="60" WIDTH="16" VPOS="2173" HPOS="2066"/>
                  <String HEIGHT="60"
                          WIDTH="97"
                          VPOS="2173"
                          HPOS="2001"
                          CONTENT="quod"/>
               </TextLine>
               <TextLine ID="r1l86"
                         BASELINE="2265"
                         HEIGHT="52"
                         WIDTH="763"
                         VPOS="2213"
                         HPOS="1344">
                  <String HEIGHT="52"
                          WIDTH="203"
                          VPOS="2213"
                          HPOS="1331"
                          CONTENT="contemplatio"/>
                  <SP HEIGHT="52" WIDTH="13" VPOS="2213" HPOS="1535"/>
                  <String HEIGHT="52"
                          WIDTH="89"
                          VPOS="2213"
                          HPOS="1497"
                          CONTENT="est"/>
                  <SP HEIGHT="52" WIDTH="13" VPOS="2213" HPOS="1586"/>
                  <String HEIGHT="52"
                          WIDTH="114"
                          VPOS="2213"
                          HPOS="1547"
                          CONTENT="finis"/>
                  <SP HEIGHT="52" WIDTH="13" VPOS="2213" HPOS="1662"/>
                  <String HEIGHT="52"
                          WIDTH="127"
                          VPOS="2213"
                          HPOS="1624"
                          CONTENT="melior"/>
                  <SP HEIGHT="52" WIDTH="13" VPOS="2213" HPOS="1751"/>
                  <String HEIGHT="52"
                          WIDTH="102"
                          VPOS="2213"
                          HPOS="1713"
                          CONTENT="quam"/>
                  <SP HEIGHT="52" WIDTH="13" VPOS="2213" HPOS="1815"/>
                  <String HEIGHT="52"
                          WIDTH="165"
                          VPOS="2213"
                          HPOS="1776"
                          CONTENT="generare:"/>
                  <SP HEIGHT="52" WIDTH="13" VPOS="2213" HPOS="1942"/>
                  <String HEIGHT="52"
                          WIDTH="114"
                          VPOS="2213"
                          HPOS="1904"
                          CONTENT="licet"/>
                  <SP HEIGHT="52" WIDTH="13" VPOS="2213" HPOS="2018"/>
                  <String HEIGHT="52"
                          WIDTH="140"
                          VPOS="2213"
                          HPOS="1967"
                          CONTENT="contempia"/>
               </TextLine>
               <TextLine ID="r1l88"
                         BASELINE="2312"
                         HEIGHT="47"
                         WIDTH="754"
                         VPOS="2265"
                         HPOS="1347">
                  <String HEIGHT="47"
                          WIDTH="94"
                          VPOS="2265"
                          HPOS="1334"
                          CONTENT="tio"/>
                  <SP HEIGHT="47" WIDTH="13" VPOS="2265" HPOS="1428"/>
                  <String HEIGHT="47"
                          WIDTH="94"
                          VPOS="2265"
                          HPOS="1387"
                          CONTENT="sit"/>
                  <SP HEIGHT="47" WIDTH="13" VPOS="2265" HPOS="1482"/>
                  <String HEIGHT="47"
                          WIDTH="175"
                          VPOS="2265"
                          HPOS="1441"
                          CONTENT="accidens,"/>
                  <SP HEIGHT="47" WIDTH="13" VPOS="2265" HPOS="1616"/>
                  <String HEIGHT="47" WIDTH="67" VPOS="2265" HPOS="1576" CONTENT="&amp;"/>
                  <SP HEIGHT="47" WIDTH="13" VPOS="2265" HPOS="1643"/>
                  <String HEIGHT="47"
                          WIDTH="108"
                          VPOS="2265"
                          HPOS="1603"
                          CONTENT="puer"/>
                  <SP HEIGHT="47" WIDTH="13" VPOS="2265" HPOS="1711"/>
                  <String HEIGHT="47"
                          WIDTH="148"
                          VPOS="2265"
                          HPOS="1670"
                          CONTENT="genitus"/>
                  <SP HEIGHT="47" WIDTH="13" VPOS="2265" HPOS="1818"/>
                  <String HEIGHT="47"
                          WIDTH="202"
                          VPOS="2265"
                          HPOS="1778"
                          CONTENT="substantia."/>
                  <SP HEIGHT="47" WIDTH="13" VPOS="2265" HPOS="1980"/>
                  <String HEIGHT="47"
                          WIDTH="94"
                          VPOS="2265"
                          HPOS="1939"
                          CONTENT="nam"/>
                  <SP HEIGHT="47" WIDTH="13" VPOS="2265" HPOS="2034"/>
                  <String HEIGHT="47" WIDTH="81" VPOS="2265" HPOS="1993" CONTENT="de"/>
                  <SP HEIGHT="47" WIDTH="13" VPOS="2265" HPOS="2074"/>
                  <String HEIGHT="47"
                          WIDTH="81"
                          VPOS="2265"
                          HPOS="2020"
                          CONTENT="boni"/>
               </TextLine>
               <TextLine ID="r1l90"
                         BASELINE="2358"
                         HEIGHT="49"
                         WIDTH="769"
                         VPOS="2309"
                         HPOS="1341">
                  <String HEIGHT="49"
                          WIDTH="112"
                          VPOS="2309"
                          HPOS="1327"
                          CONTENT="tate"/>
                  <SP HEIGHT="49" WIDTH="14" VPOS="2309" HPOS="1439"/>
                  <String HEIGHT="49"
                          WIDTH="196"
                          VPOS="2309"
                          HPOS="1397"
                          CONTENT="entitatiua"/>
                  <SP HEIGHT="49" WIDTH="14" VPOS="2309" HPOS="1593"/>
                  <String HEIGHT="49" WIDTH="84" VPOS="2309" HPOS="1551" CONTENT="no"/>
                  <SP HEIGHT="49" WIDTH="14" VPOS="2309" HPOS="1635"/>
                  <String HEIGHT="49"
                          WIDTH="98"
                          VPOS="2309"
                          HPOS="1593"
                          CONTENT="est"/>
                  <SP HEIGHT="49" WIDTH="14" VPOS="2309" HPOS="1691"/>
                  <String HEIGHT="49"
                          WIDTH="140"
                          VPOS="2309"
                          HPOS="1649"
                          CONTENT="sermo."/>
                  <SP HEIGHT="49" WIDTH="14" VPOS="2309" HPOS="1788"/>
                  <String HEIGHT="49"
                          WIDTH="154"
                          VPOS="2309"
                          HPOS="1746"
                          CONTENT="aliquis"/>
                  <SP HEIGHT="49" WIDTH="14" VPOS="2309" HPOS="1900"/>
                  <String HEIGHT="49"
                          WIDTH="126"
                          VPOS="2309"
                          HPOS="1858"
                          CONTENT="autem"/>
                  <SP HEIGHT="49" WIDTH="14" VPOS="2309" HPOS="1984"/>
                  <String HEIGHT="49" WIDTH="84" VPOS="2309" HPOS="1942" CONTENT="in"/>
                  <SP HEIGHT="49" WIDTH="14" VPOS="2309" HPOS="2026"/>
                  <String HEIGHT="49"
                          WIDTH="112"
                          VPOS="2309"
                          HPOS="1984"
                          CONTENT="casu"/>
                  <SP HEIGHT="49" WIDTH="14" VPOS="2309" HPOS="2096"/>
                  <String HEIGHT="49"
                          WIDTH="70"
                          VPOS="2309"
                          HPOS="2040"
                          CONTENT="de"
                          SUBS_TYPE="HypPart1"
                          SUBS_CONTENT="derelinquit"/>
                  <HYP CONTENT="-"/>
               </TextLine>
               <TextLine ID="r1l92"
                         BASELINE="2394"
                         HEIGHT="45"
                         WIDTH="771"
                         VPOS="2349"
                         HPOS="1342">
                  <String HEIGHT="45"
                          WIDTH="176"
                          VPOS="2349"
                          HPOS="1328"
                          CONTENT="relinquit"
                          SUBS_TYPE="HypPart2"
                          SUBS_CONTENT="derelinquit"/>
                  <SP HEIGHT="45" WIDTH="14" VPOS="2349" HPOS="1504"/>
                  <String HEIGHT="45"
                          WIDTH="122"
                          VPOS="2349"
                          HPOS="1464"
                          CONTENT="illud"/>
                  <SP HEIGHT="45" WIDTH="14" VPOS="2349" HPOS="1585"/>
                  <String HEIGHT="45"
                          WIDTH="108"
                          VPOS="2349"
                          HPOS="1545"
                          CONTENT="quod"/>
                  <SP HEIGHT="45" WIDTH="14" VPOS="2349" HPOS="1653"/>
                  <String HEIGHT="45"
                          WIDTH="95"
                          VPOS="2349"
                          HPOS="1613"
                          CONTENT="est"/>
                  <SP HEIGHT="45" WIDTH="14" VPOS="2349" HPOS="1707"/>
                  <String HEIGHT="45"
                          WIDTH="176"
                          VPOS="2349"
                          HPOS="1667"
                          CONTENT="plerumque"/>
                  <SP HEIGHT="45" WIDTH="14" VPOS="2349" HPOS="1842"/>
                  <String HEIGHT="45"
                          WIDTH="135"
                          VPOS="2349"
                          HPOS="1802"
                          CONTENT="melius"/>
                  <SP HEIGHT="45" WIDTH="14" VPOS="2349" HPOS="1937"/>
                  <String HEIGHT="45" WIDTH="68" VPOS="2349" HPOS="1897" CONTENT="/"/>
                  <SP HEIGHT="45" WIDTH="14" VPOS="2349" HPOS="1964"/>
                  <String HEIGHT="45"
                          WIDTH="149"
                          VPOS="2349"
                          HPOS="1924"
                          CONTENT="propter"/>
                  <SP HEIGHT="45" WIDTH="14" VPOS="2349" HPOS="2072"/>
                  <String HEIGHT="45"
                          WIDTH="95"
                          VPOS="2349"
                          HPOS="2018"
                          CONTENT="casum"/>
               </TextLine>
               <TextLine ID="r1l94"
                         BASELINE="2439"
                         HEIGHT="47"
                         WIDTH="779"
                         VPOS="2392"
                         HPOS="1335">
                  <String HEIGHT="47"
                          WIDTH="198"
                          VPOS="2392"
                          HPOS="1322"
                          CONTENT="incidentem:"/>
                  <SP HEIGHT="47" WIDTH="13" VPOS="2392" HPOS="1520"/>
                  <String HEIGHT="47" WIDTH="66" VPOS="2392" HPOS="1480" CONTENT="&amp;"/>
                  <SP HEIGHT="47" WIDTH="13" VPOS="2392" HPOS="1546"/>
                  <String HEIGHT="47"
                          WIDTH="145"
                          VPOS="2392"
                          HPOS="1507"
                          CONTENT="propter"/>
                  <SP HEIGHT="47" WIDTH="13" VPOS="2392" HPOS="1652"/>
                  <String HEIGHT="47"
                          WIDTH="119"
                          VPOS="2392"
                          HPOS="1612"
                          CONTENT="illud"/>
                  <SP HEIGHT="47" WIDTH="13" VPOS="2392" HPOS="1731"/>
                  <String HEIGHT="47"
                          WIDTH="106"
                          VPOS="2392"
                          HPOS="1691"
                          CONTENT="quod"/>
                  <SP HEIGHT="47" WIDTH="13" VPOS="2392" HPOS="1797"/>
                  <String HEIGHT="47"
                          WIDTH="172"
                          VPOS="2392"
                          HPOS="1758"
                          CONTENT="plerumque"/>
                  <SP HEIGHT="47" WIDTH="13" VPOS="2392" HPOS="1929"/>
                  <String HEIGHT="47"
                          WIDTH="92"
                          VPOS="2392"
                          HPOS="1890"
                          CONTENT="est"/>
                  <SP HEIGHT="47" WIDTH="13" VPOS="2392" HPOS="1982"/>
                  <String HEIGHT="47"
                          WIDTH="119"
                          VPOS="2392"
                          HPOS="1942"
                          CONTENT="minus"/>
                  <SP HEIGHT="47" WIDTH="13" VPOS="2392" HPOS="2061"/>
                  <String HEIGHT="47"
                          WIDTH="106"
                          VPOS="2392"
                          HPOS="2008"
                          CONTENT="bonum:"/>
               </TextLine>
               <TextLine ID="r1l96"
                         BASELINE="2486"
                         HEIGHT="50"
                         WIDTH="762"
                         VPOS="2436"
                         HPOS="1348">
                  <String HEIGHT="50"
                          WIDTH="111"
                          VPOS="2436"
                          HPOS="1334"
                          CONTENT="siue"/>
                  <SP HEIGHT="50" WIDTH="14" VPOS="2436" HPOS="1445"/>
                  <String HEIGHT="50"
                          WIDTH="97"
                          VPOS="2436"
                          HPOS="1403"
                          CONTENT="sit"/>
                  <SP HEIGHT="50" WIDTH="14" VPOS="2436" HPOS="1500"/>
                  <String HEIGHT="50" WIDTH="83" VPOS="2436" HPOS="1459" CONTENT="ei"/>
                  <SP HEIGHT="50" WIDTH="14" VPOS="2436" HPOS="1542"/>
                  <String HEIGHT="50"
                          WIDTH="139"
                          VPOS="2436"
                          HPOS="1500"
                          CONTENT="melius"/>
                  <SP HEIGHT="50" WIDTH="14" VPOS="2436" HPOS="1639"/>
                  <String HEIGHT="50"
                          WIDTH="111"
                          VPOS="2436"
                          HPOS="1597"
                          CONTENT="siue"/>
                  <SP HEIGHT="50" WIDTH="14" VPOS="2436" HPOS="1708"/>
                  <String HEIGHT="50"
                          WIDTH="194"
                          VPOS="2436"
                          HPOS="1667"
                          CONTENT="aequaliter"/>
                  <SP HEIGHT="50" WIDTH="14" VPOS="2436" HPOS="1861"/>
                  <String HEIGHT="50"
                          WIDTH="139"
                          VPOS="2436"
                          HPOS="1819"
                          CONTENT="bonum:"/>
                  <SP HEIGHT="50" WIDTH="14" VPOS="2436" HPOS="1958"/>
                  <String HEIGHT="50"
                          WIDTH="125"
                          VPOS="2436"
                          HPOS="1916"
                          CONTENT="forte"/>
                  <SP HEIGHT="50" WIDTH="14" VPOS="2436" HPOS="2041"/>
                  <String HEIGHT="50"
                          WIDTH="111"
                          VPOS="2436"
                          HPOS="1999"
                          CONTENT="erit"/>
                  <SP HEIGHT="50" WIDTH="14" VPOS="2436" HPOS="2110"/>
                  <String HEIGHT="50" WIDTH="55" VPOS="2436" HPOS="2055" CONTENT="ei"/>
               </TextLine>
               <TextLine ID="r1l98"
                         BASELINE="2537"
                         HEIGHT="57"
                         WIDTH="771"
                         VPOS="2480"
                         HPOS="1345">
                  <String HEIGHT="57"
                          WIDTH="114"
                          VPOS="2480"
                          HPOS="1331"
                          CONTENT="opus"/>
                  <SP HEIGHT="57" WIDTH="14" VPOS="2480" HPOS="1445"/>
                  <String HEIGHT="57"
                          WIDTH="200"
                          VPOS="2480"
                          HPOS="1402"
                          CONTENT="praecepti."/>
                  <SP HEIGHT="57" WIDTH="14" VPOS="2480" HPOS="1602"/>
                  <String HEIGHT="57"
                          WIDTH="157"
                          VPOS="2480"
                          HPOS="1559"
                          CONTENT="nunquid"/>
                  <SP HEIGHT="57" WIDTH="14" VPOS="2480" HPOS="1716"/>
                  <String HEIGHT="57"
                          WIDTH="114"
                          VPOS="2480"
                          HPOS="1673"
                          CONTENT="ipse"/>
                  <SP HEIGHT="57" WIDTH="14" VPOS="2480" HPOS="1788"/>
                  <String HEIGHT="57"
                          WIDTH="129"
                          VPOS="2480"
                          HPOS="1745"
                          CONTENT="vidit"/>
                  <SP HEIGHT="57" WIDTH="14" VPOS="2480" HPOS="1873"/>
                  <String HEIGHT="57"
                          WIDTH="143"
                          VPOS="2480"
                          HPOS="1830"
                          CONTENT="multos"/>
                  <SP HEIGHT="57" WIDTH="14" VPOS="2480" HPOS="1973"/>
                  <String HEIGHT="57"
                          WIDTH="129"
                          VPOS="2480"
                          HPOS="1930"
                          CONTENT="etiam"/>
                  <SP HEIGHT="57" WIDTH="14" VPOS="2480" HPOS="2059"/>
                  <String HEIGHT="57"
                          WIDTH="114"
                          VPOS="2480"
                          HPOS="2002"
                          CONTENT="coniu"
                          SUBS_TYPE="HypPart1"
                          SUBS_CONTENT="coniugatos"/>
                  <HYP CONTENT="-"/>
               </TextLine>
               <TextLine ID="r1l100"
                         BASELINE="2581"
                         HEIGHT="57"
                         WIDTH="751"
                         VPOS="2524"
                         HPOS="1345">
                  <String HEIGHT="57"
                          WIDTH="123"
                          VPOS="2524"
                          HPOS="1331"
                          CONTENT="gatos"
                          SUBS_TYPE="HypPart2"
                          SUBS_CONTENT="coniugatos"/>
                  <SP HEIGHT="57" WIDTH="14" VPOS="2524" HPOS="1454"/>
                  <String HEIGHT="57"
                          WIDTH="137"
                          VPOS="2524"
                          HPOS="1413"
                          CONTENT="vouere"/>
                  <SP HEIGHT="57" WIDTH="14" VPOS="2524" HPOS="1550"/>
                  <String HEIGHT="57" WIDTH="68" VPOS="2524" HPOS="1509" CONTENT="&amp;"/>
                  <SP HEIGHT="57" WIDTH="14" VPOS="2524" HPOS="1577"/>
                  <String HEIGHT="57"
                          WIDTH="191"
                          VPOS="2524"
                          HPOS="1536"
                          CONTENT="religionem"/>
                  <SP HEIGHT="57" WIDTH="14" VPOS="2524" HPOS="1727"/>
                  <String HEIGHT="57"
                          WIDTH="191"
                          VPOS="2524"
                          HPOS="1686"
                          CONTENT="profiteri?"/>
                  <SP HEIGHT="57" WIDTH="14" VPOS="2524" HPOS="1878"/>
                  <String HEIGHT="57"
                          WIDTH="109"
                          VPOS="2524"
                          HPOS="1837"
                          CONTENT="ergo"/>
                  <SP HEIGHT="57" WIDTH="14" VPOS="2524" HPOS="1946"/>
                  <String HEIGHT="57"
                          WIDTH="96"
                          VPOS="2524"
                          HPOS="1905"
                          CONTENT="per"/>
                  <SP HEIGHT="57" WIDTH="14" VPOS="2524" HPOS="2000"/>
                  <String HEIGHT="57"
                          WIDTH="137"
                          VPOS="2524"
                          HPOS="1959"
                          CONTENT="ipsius"/>
                  <SP HEIGHT="57" WIDTH="14" VPOS="2524" HPOS="2096"/>
                  <String HEIGHT="57" WIDTH="55" VPOS="2524" HPOS="2041" CONTENT="mo"/>
               </TextLine>
               <TextLine ID="r1l102"
                         BASELINE="2621"
                         HEIGHT="51"
                         WIDTH="757"
                         VPOS="2570"
                         HPOS="1342">
                  <String HEIGHT="51"
                          WIDTH="91"
                          VPOS="2570"
                          HPOS="1329"
                          CONTENT="dum"/>
                  <SP HEIGHT="51" WIDTH="13" VPOS="2570" HPOS="1420"/>
                  <String HEIGHT="51"
                          WIDTH="157"
                          VPOS="2570"
                          HPOS="1381"
                          CONTENT="arguendi"/>
                  <SP HEIGHT="51" WIDTH="13" VPOS="2570" HPOS="1538"/>
                  <String HEIGHT="51" WIDTH="65" VPOS="2570" HPOS="1499" CONTENT="/"/>
                  <SP HEIGHT="51" WIDTH="13" VPOS="2570" HPOS="1564"/>
                  <String HEIGHT="51"
                          WIDTH="157"
                          VPOS="2570"
                          HPOS="1525"
                          CONTENT="religio,"/>
                  <SP HEIGHT="51" WIDTH="13" VPOS="2570" HPOS="1681"/>
                  <String HEIGHT="51"
                          WIDTH="183"
                          VPOS="2570"
                          HPOS="1642"
                          CONTENT="virginitas"/>
                  <SP HEIGHT="51" WIDTH="13" VPOS="2570" HPOS="1825"/>
                  <String HEIGHT="51" WIDTH="65" VPOS="2570" HPOS="1786" CONTENT="/"/>
                  <SP HEIGHT="51" WIDTH="13" VPOS="2570" HPOS="1851"/>
                  <String HEIGHT="51" WIDTH="65" VPOS="2570" HPOS="1812" CONTENT="&amp;"/>
                  <SP HEIGHT="51" WIDTH="13" VPOS="2570" HPOS="1877"/>
                  <String HEIGHT="51"
                          WIDTH="209"
                          VPOS="2570"
                          HPOS="1838"
                          CONTENT="contemplatio"/>
                  <SP HEIGHT="51" WIDTH="13" VPOS="2570" HPOS="2047"/>
                  <String HEIGHT="51"
                          WIDTH="91"
                          VPOS="2570"
                          HPOS="2008"
                          CONTENT="est"/>
                  <SP HEIGHT="51" WIDTH="13" VPOS="2570" HPOS="2099"/>
                  <String HEIGHT="51" WIDTH="52" VPOS="2570" HPOS="2047" CONTENT="me"/>
               </TextLine>
               <TextLine ID="r1l104"
                         BASELINE="2667"
                         HEIGHT="53"
                         WIDTH="758"
                         VPOS="2614"
                         HPOS="1347">
                  <String HEIGHT="53"
                          WIDTH="114"
                          VPOS="2614"
                          HPOS="1334"
                          CONTENT="lior."/>
                  <SP HEIGHT="53" WIDTH="13" VPOS="2614" HPOS="1448"/>
                  <String HEIGHT="53"
                          WIDTH="126"
                          VPOS="2614"
                          HPOS="1410"
                          CONTENT="dicere"/>
                  <SP HEIGHT="53" WIDTH="13" VPOS="2614" HPOS="1536"/>
                  <String HEIGHT="53"
                          WIDTH="114"
                          VPOS="2614"
                          HPOS="1499"
                          CONTENT="autem"/>
                  <SP HEIGHT="53" WIDTH="13" VPOS="2614" HPOS="1612"/>
                  <String HEIGHT="53"
                          WIDTH="101"
                          VPOS="2614"
                          HPOS="1574"
                          CONTENT="quod"/>
                  <SP HEIGHT="53" WIDTH="13" VPOS="2614" HPOS="1675"/>
                  <String HEIGHT="53"
                          WIDTH="164"
                          VPOS="2614"
                          HPOS="1638"
                          CONTENT="coniugium"/>
                  <SP HEIGHT="53" WIDTH="13" VPOS="2614" HPOS="1802"/>
                  <String HEIGHT="53"
                          WIDTH="190"
                          VPOS="2614"
                          HPOS="1764"
                          CONTENT="simpliciter"/>
                  <SP HEIGHT="53" WIDTH="13" VPOS="2614" HPOS="1953"/>
                  <String HEIGHT="53"
                          WIDTH="152"
                          VPOS="2614"
                          HPOS="1916"
                          CONTENT="praestat"/>
                  <SP HEIGHT="53" WIDTH="13" VPOS="2614" HPOS="2067"/>
                  <String HEIGHT="53"
                          WIDTH="88"
                          VPOS="2614"
                          HPOS="2017"
                          CONTENT="virgi"/>
               </TextLine>
               <TextLine ID="r1l106"
                         BASELINE="2712"
                         HEIGHT="58"
                         WIDTH="768"
                         VPOS="2654"
                         HPOS="1348">
                  <String HEIGHT="58"
                          WIDTH="162"
                          VPOS="2654"
                          HPOS="1333"
                          CONTENT="nitati,"/>
                  <SP HEIGHT="58" WIDTH="15" VPOS="2654" HPOS="1496"/>
                  <String HEIGHT="58"
                          WIDTH="103"
                          VPOS="2654"
                          HPOS="1451"
                          CONTENT="est"/>
                  <SP HEIGHT="58" WIDTH="15" VPOS="2654" HPOS="1555"/>
                  <String HEIGHT="58"
                          WIDTH="133"
                          VPOS="2654"
                          HPOS="1510"
                          CONTENT="error"/>
                  <SP HEIGHT="58" WIDTH="15" VPOS="2654" HPOS="1643"/>
                  <String HEIGHT="58"
                          WIDTH="192"
                          VPOS="2654"
                          HPOS="1599"
                          CONTENT="louiniani"/>
                  <SP HEIGHT="58" WIDTH="15" VPOS="2654" HPOS="1791"/>
                  <String HEIGHT="58"
                          WIDTH="133"
                          VPOS="2654"
                          HPOS="1747"
                          CONTENT="teste"/>
                  <SP HEIGHT="58" WIDTH="15" VPOS="2654" HPOS="1880"/>
                  <String HEIGHT="58"
                          WIDTH="207"
                          VPOS="2654"
                          HPOS="1835"
                          CONTENT="Hieronymo."/>
                  <SP HEIGHT="58" WIDTH="15" VPOS="2654" HPOS="2042"/>
                  <String HEIGHT="58" WIDTH="74" VPOS="2654" HPOS="1998" CONTENT="⁋"/>
                  <SP HEIGHT="58" WIDTH="15" VPOS="2654" HPOS="2072"/>
                  <String HEIGHT="58"
                          WIDTH="118"
                          VPOS="2654"
                          HPOS="2027"
                          CONTENT="Quin"/>
                  <SP HEIGHT="58" WIDTH="15" VPOS="2654" HPOS="2146"/>
                  <String HEIGHT="58" WIDTH="30" VPOS="2654" HPOS="2086" CONTENT=""/>
               </TextLine>
               <TextLine ID="r1l108"
                         BASELINE="2752"
                         HEIGHT="49"
                         WIDTH="764"
                         VPOS="2703"
                         HPOS="1341">
                  <String HEIGHT="49" WIDTH="82" VPOS="2703" HPOS="1327" CONTENT="to"/>
                  <SP HEIGHT="49" WIDTH="14" VPOS="2703" HPOS="1409"/>
                  <String HEIGHT="49"
                          WIDTH="177"
                          VPOS="2703"
                          HPOS="1368"
                          CONTENT="arguitur."/>
                  <SP HEIGHT="49" WIDTH="14" VPOS="2703" HPOS="1546"/>
                  <String HEIGHT="49"
                          WIDTH="232"
                          VPOS="2703"
                          HPOS="1505"
                          CONTENT="reprehenditur"/>
                  <SP HEIGHT="49" WIDTH="14" VPOS="2703" HPOS="1737"/>
                  <String HEIGHT="49"
                          WIDTH="191"
                          VPOS="2703"
                          HPOS="1696"
                          CONTENT="virginitas"/>
                  <SP HEIGHT="49" WIDTH="14" VPOS="2703" HPOS="1887"/>
                  <String HEIGHT="49" WIDTH="82" VPOS="2703" HPOS="1846" CONTENT="in"/>
                  <SP HEIGHT="49" WIDTH="14" VPOS="2703" HPOS="1928"/>
                  <String HEIGHT="49"
                          WIDTH="150"
                          VPOS="2703"
                          HPOS="1887"
                          CONTENT="Origene"/>
                  <SP HEIGHT="49" WIDTH="14" VPOS="2703" HPOS="2037"/>
                  <String HEIGHT="49"
                          WIDTH="123"
                          VPOS="2703"
                          HPOS="1982"
                          CONTENT="virilia"/>
               </TextLine>
               <TextLine ID="r1l110"
                         BASELINE="2816"
                         HEIGHT="73"
                         WIDTH="765"
                         VPOS="2743"
                         HPOS="1342">
                  <String HEIGHT="73"
                          WIDTH="223"
                          VPOS="2743"
                          HPOS="1328"
                          CONTENT="abscindente,"/>
                  <SP HEIGHT="73" WIDTH="14" VPOS="2743" HPOS="1551"/>
                  <String HEIGHT="73" WIDTH="83" VPOS="2743" HPOS="1509" CONTENT="vt"/>
                  <SP HEIGHT="73" WIDTH="14" VPOS="2743" HPOS="1592"/>
                  <String HEIGHT="73"
                          WIDTH="167"
                          VPOS="2743"
                          HPOS="1551"
                          CONTENT="eunuchus"/>
                  <SP HEIGHT="73" WIDTH="14" VPOS="2743" HPOS="1718"/>
                  <String HEIGHT="73"
                          WIDTH="153"
                          VPOS="2743"
                          HPOS="1676"
                          CONTENT="fieret."/>
                  <SP HEIGHT="73" WIDTH="14" VPOS="2743" HPOS="1829"/>
                  <String HEIGHT="73"
                          WIDTH="125"
                          VPOS="2743"
                          HPOS="1787"
                          CONTENT="tales"/>
                  <SP HEIGHT="73" WIDTH="14" VPOS="2743" HPOS="1912"/>
                  <String HEIGHT="73"
                          WIDTH="111"
                          VPOS="2743"
                          HPOS="1871"
                          CONTENT="enim"/>
                  <SP HEIGHT="73" WIDTH="14" VPOS="2743" HPOS="1982"/>
                  <String HEIGHT="73"
                          WIDTH="181"
                          VPOS="2743"
                          HPOS="1926"
                          CONTENT="prohibentur"/>
               </TextLine>
            </TextBlock>
         </PrintSpace>
      </Page>
   </Layout>
</alto>
