2310 3319
220 301 186 71 ordinari.
363 301 100 71 lv.
420 301 129 71 dist.
505 301 86 71 c.
548 301 86 71 Si
591 301 114 71 quis
662 301 200 71 absciderit
805 301 186 71 semetipsum.

218 364 80 55 id
258 364 107 55 est,
325 364 80 55 si
365 364 107 55 quis
432 364 201 55 amputauerit
593 364 107 55 sibi
660 364 161 55 virilia:
781 364 94 55 non
834 364 107 55 siat
888 364 94 55 cleri

207 408 125 48 cus:
285 408 125 48 quia
364 408 109 48 sui
426 408 109 48 est
488 408 203 48 homicida:
645 408 78 48 &
676 408 109 48 dei
738 408 219 48 conditioni
894 408 94 48 inim

223 457 120 49 cus.
298 457 240 49 Respondetur.
493 457 210 49 virginitas
659 457 90 49 in
704 457 165 49 Origene
824 457 105 49 non
884 457 105 49 est
929 457 60 49 vi

212 502 193 50 tuperanda:
364 502 97 50 nec
419 502 152 50 sanctum
529 502 193 50 desiderium
681 502 193 50 castitatis
833 502 193 50 seruandae:

217 542 119 49 quod
292 542 179 49 vehemens
426 542 89 49 in
470 542 89 49 eo
515 542 134 49 erat.
605 542 104 49 sed
664 542 134 49 modus
754 542 224 49 procurandae
917 542 75 49 ca-

220 591 179 50 stitatis:
358 591 110 50 erat
427 591 193 50 illicitus:
578 591 110 50 quia
647 591 165 50 exposuit
771 591 83 50 se
812 591 165 50 periculo
922 591 69 50 mor

220 634 114 41 tis.
291 634 128 41 Etiam
376 634 100 41 per
433 634 100 41 hoc
490 634 142 41 libido
590 634 213 41 intrinsecus
760 634 100 41 non
803 634 185 41 extinguitur

220 673 185 58 seruanda
358 673 123 58 sunt
435 673 123 58 ergo
512 673 154 58 membra
620 673 77 58 /
650 673 215 58 occasiones
820 673 138 58 luxus
897 673 92 58 tol-

208 714 146 53 lendo:
310 714 73 53 &
339 714 102 53 hoc
398 714 102 53 est
456 714 87 53 se
485 714 160 53 castrare.

374 780 300 78 Vbitatur
599 780 250 78 primo:
773 780 275 78 quomodo

367 843 228 51 intelligatur
552 843 129 51 illud
638 843 143 51 beatae
738 843 143 51 Luciae
838 843 86 51 ad
866 843 129 51 Pascha-

364 888 140 58 lsium.
462 888 84 58 Si
504 888 84 58 me
546 888 196 58 inuiolatam
701 888 210 58 violaueris:
869 888 112 58 mihi
925 888 70 58 ca-

328 935 151 57 estitas
438 935 220 57 duplicabitur
617 935 82 57 ad
658 935 165 57 coronam.
782 935 151 57 Videtur
892 935 82 57 ex
919 935 69 57 il-

207 981 93 51 lo
253 981 139 51 dicto
346 981 139 51 sequi
438 981 124 51 quod
515 981 124 51 post
593 981 247 51 corruptionem
793 981 201 51 violentam
932 981 62 51 ma

217 1025 111 54 neat
286 1025 208 54 virginitas,
453 1025 125 54 cotra
536 1025 125 54 dicta
619 1025 83 54 in
660 1025 194 54 quaestione
799 1025 180 54 praecedente

203 1069 96 53 aut
258 1069 151 53 dabitur
368 1069 110 53 alia
436 1069 178 53 castitas.
574 1069 69 53 ⁋
601 1069 151 53 Secundo
711 1069 192 53 dubitatur:
862 1069 82 53 an
889 1069 96 53 casti

212 1110 98 58 tas
268 1110 168 58 virginea
394 1110 70 58 /
422 1110 168 58 vidualis
548 1110 70 58 /
576 1110 70 58 &
604 1110 196 58 coniugalis
757 1110 112 58 sint
827 1110 154 58 eiusdem
925 1110 70 58 spe

205 1158 114 57 ciei
276 1158 270 57 specialissimae.
503 1158 71 57 ⁋
531 1158 142 57 Tertio
631 1158 199 57 dubitatur:
787 1158 85 57 an
830 1158 142 57 aliqua
915 1158 71 57 sit

201 1199 177 57 meretrix
334 1199 74 57 &
364 1199 133 57 virgo
452 1199 148 57 simul.
555 1199 74 57 ⁋
585 1199 221 57 Respondetur
762 1199 89 57 ad
806 1199 148 57 primu.
895 1199 89 57 alio

210 1240 129 56 dicunt
300 1240 103 56 quod
365 1240 77 56 in
404 1240 155 56 patiendo
520 1240 207 56 aequanimiter
688 1240 168 56 generatur
817 1240 181 56 patientia:
946 1240 39 56 &

207 1288 131 47 manet
295 1288 87 47 et
338 1288 189 47 castitas:
484 1288 73 47 &
513 1288 102 47 sic
571 1288 174 47 castitas
701 1288 218 47 duplicatur.
876 1288 102 47 Sed
919 1288 73 47 hoc

219 1336 93 54 non
272 1336 133 54 valet,
365 1336 107 54 quia
432 1336 93 54 non
485 1336 213 54 duplicabitur
659 1336 160 54 castitas
779 1336 80 54 ad
819 1336 160 54 coronam.
925 1336 67 54 Di-

213 1380 74 58 co
250 1380 124 58 igitur
336 1380 99 58 sic.
398 1380 148 58 Castitas
510 1380 99 58 quae
571 1380 99 58 erat
633 1380 173 58 virginalis
769 1380 161 58 augebitur
893 1380 62 58 /
905 1380 87 58 licet

214 1433 100 47 non
271 1433 143 47 manens
371 1433 86 47 in
414 1433 114 47 motu
485 1433 229 47 virginitatis
671 1433 71 47 /
699 1433 157 47 propter
799 1433 186 47 duplicatio-

203 1469 93 55 nem
256 1469 133 55 actus.
349 1469 106 55 quia
415 1469 119 55 autem
495 1469 93 55 est
548 1469 159 55 castitas
667 1469 146 55 duplex:
774 1469 106 55 erit
840 1469 146 55 meritum
933 1469 53 55 du

209 1520 121 53 plex.
289 1520 67 53 &
316 1520 121 53 licet
397 1520 175 53 desineret
532 1520 108 53 esse
600 1520 202 53 virginitas:
762 1520 94 53 non
816 1520 148 53 desinet
910 1520 81 53 esse

203 1558 178 57 castitas:
340 1558 96 57 nam
395 1558 191 57 argumentum
545 1558 82 57 ab
586 1558 178 57 inferiori
722 1558 82 57 ad
763 1558 164 57 superius
886 1558 96 57 cum
927 1558 55 57 di

221 1603 129 51 ctione
311 1603 181 51 negationem
454 1603 181 51 includente
596 1603 116 51 nihil
673 1603 129 51 valet.
763 1603 90 51 est
815 1603 90 51 non
867 1603 90 51 est
906 1603 77 51 infe

206 1648 104 47 rius
271 1648 130 47 totius
362 1648 143 47 extremi
466 1648 78 47 ad
505 1648 169 47 extremum.
635 1648 117 47 sicut
713 1648 169 47 incipiens
843 1648 104 47 esse
895 1648 91 47 albus

213 1692 89 49 non
264 1692 140 49 incipit
366 1692 102 49 esse
429 1692 178 49 coloratus.
569 1692 64 49 ⁋
595 1692 76 49 Ad
633 1692 153 49 secundum
747 1692 127 49 dubium
824 1692 165 49 respondetur

209 1737 102 53 quod
273 1737 102 53 sic:
336 1737 140 53 dummodo
438 1737 140 53 habeant
540 1737 140 53 obiecta
642 1737 140 53 eiusdem
743 1737 165 53 spirieni.
871 1737 89 53 hic
909 1737 76 53 enim

211 1783 129 53 nihil
297 1783 158 53 apperet
411 1783 215 53 discriminis
583 1783 201 53 specifici,
741 1783 115 53 nolo
813 1783 172 53 cognosci
928 1783 57 53 ab

209 1824 116 53 isto,
286 1824 206 53 demonstrando
454 1824 167 53 virginem.
583 1824 90 53 sed
634 1824 116 53 actus
711 1824 103 53 ille
776 1824 77 53 in
815 1824 103 53 ipsa
879 1824 90 53 est
918 1824 64 53 vir

203 1869 161 48 ginitas:
324 1869 81 48 in
364 1869 121 48 vidua
445 1869 94 48 est
498 1869 175 48 viduitas:
633 1869 81 48 in
673 1869 161 48 cmuniuge
794 1869 161 48 castitas
902 1869 94 48 coniu

203 1910 129 55 galis.
293 1910 167 55 differunt
422 1910 116 55 tamen
499 1910 77 55 in
538 1910 129 55 specie
628 1910 116 55 moris
706 1910 64 55 &
731 1910 193 55 castitatis.
886 1910 90 55 nam
925 1910 64 55 vna

203 1961 90 51 est
255 1961 193 51 virginitas:
409 1961 103 51 alia
474 1961 90 51 sub
525 1961 103 51 alia
590 1961 129 51 specie
680 1961 167 51 contenta,
809 1961 90 51 non
860 1961 116 51 tamen
924 1961 52 51 ni

201 2004 87 47 go
245 2004 116 47 quin
318 2004 145 47 aliqua
419 2004 203 47 virginitas
579 2004 87 47 ab
623 2004 160 47 aliquam
739 2004 189 47 viduitate
870 2004 116 47 distin

203 2047 150 52 guatur.
312 2047 95 52 sic
367 2047 109 52 enim
435 2047 136 52 aliqua
530 2047 190 52 virginitas
679 2047 82 52 ab
720 2047 150 52 aliquam
815 2047 177 52 virginitate

210 2096 124 47 specie
296 2096 173 47 essentiali
432 2096 186 47 secernitur:
581 2096 124 47 quando
667 2096 136 47 obiecta
766 2096 124 47 specie
841 2096 148 47 differunt.

211 2139 58 54 ⁋
235 2139 70 54 Ad
270 2139 128 54 tertium
363 2139 128 54 licitur
456 2139 93 54 quod
514 2139 128 54 aliquam
608 2139 117 54 potest
689 2139 105 54 habre
759 2139 105 54 actum
829 2139 82 54 quo
875 2139 93 54 vult
922 2139 70 54 pati

201 2186 90 47 se
246 2186 181 47 cognosci
382 2186 75 47 a
412 2186 90 47 no
457 2186 106 47 suo
518 2186 121 47 puta
593 2186 151 47 sorte:
699 2186 75 47 &
729 2186 136 47 harbe
804 2186 181 47 nolitionem

202 2227 99 47 qua
259 2227 99 47 non
315 2227 113 47 vult
386 2227 170 47 cognosci
514 2227 71 47 a
542 2227 170 47 platone,
670 2227 99 47 qui
727 2227 128 47 actus
812 2227 85 47 in
854 2227 128 47 Berta
925 2227 57 47 re

204 2268 126 52 spectu
292 2268 151 52 platonis
405 2268 88 52 est
456 2268 188 52 virginitas,
606 2268 100 52 quod
669 2268 163 52 probatur:
795 2268 100 52 quia
857 2268 88 52 est
895 2268 88 52 actus

208 2314 209 57 castitatis:
375 2314 70 57 &
403 2314 98 57 non
459 2314 181 57 vidualis:
599 2314 98 57 nec
654 2314 209 57 coniugalis:
822 2314 112 57 ergo
877 2314 112 57 virgi-

213 2362 126 47 nitas.
301 2362 63 47 &
327 2362 113 47 tamen
402 2362 101 47 ipsa
465 2362 88 47 est
515 2362 163 47 meretrix:
641 2362 63 47 &
666 2362 113 47 actum
742 2362 189 47 meretricium
880 2362 113 47 castita

206 2409 76 51 ti
244 2409 152 51 inimicum
359 2409 152 51 respectu
473 2409 152 51 alterius
587 2409 127 51 habet.
676 2409 89 51 Hoc
726 2409 101 51 idem
790 2409 114 51 patet
853 2409 127 51 aliunde,

199 2447 95 50 Nam
254 2447 136 50 aliqua
349 2447 136 50 potest
444 2447 122 50 simul
526 2447 109 50 hare
594 2447 163 50 peccatum
716 2447 149 50 mortale
825 2447 68 50 &
852 2447 122 50 actum
920 2447 54 50 mo

204 2494 145 53 raliter
309 2494 132 53 bonum:
402 2494 106 53 ergo
468 2494 145 53 aliquam
574 2494 132 53 potest
666 2494 119 53 habie
745 2494 119 53 actum
811 2494 172 53 meretricium

206 2537 130 53 &actum
297 2537 221 53 virginitatis.
479 2537 91 53 sed
531 2537 78 53 si
570 2537 143 53 aliquam
674 2537 91 53 sic
726 2537 143 53 decedat
817 2537 169 53 damnabitur,

215 2580 100 60 nec
272 2580 157 60 habebit
386 2580 171 60 aureolam
514 2580 185 60 virginea.
657 2580 71 60 ⁋
685 2580 114 60 Ecce
757 2580 157 60 quomodo
857 2580 128 60 virgini

205 2627 102 48 tas
264 2627 189 48 castitati
409 2627 174 48 viduali:
540 2627 73 48 &
569 2627 174 48 viduitas
700 2627 189 48 castitati
831 2627 145 48 coniugal

204 2667 144 49 praestat
312 2667 144 49 caeteris
420 2667 144 49 paribus.
528 2667 84 49 Sed
576 2667 120 49 potest
661 2667 132 49 aliquam
757 2667 108 49 habie
817 2667 168 49 virginitatem

206 2713 152 64 breuem.
317 2713 138 64 vtpote
413 2713 124 64 primo
496 2713 97 64 in.
552 2713 111 64 xii.
621 2713 124 64 anno:
704 2713 69 64 &
731 2713 166 64 coniungi
856 2713 97 64 in.
897 2713 83 64 xiii

1064 304 101 68 vel
1121 304 130 68 velle
1208 304 115 68 tunc
1280 304 188 68 coniungi:
1424 304 72 68 &
1453 304 173 68 fortiter
1583 304 87 68 in
1626 304 144 68 magnis
1713 304 115 68 insul-

1049 368 114 50 tibus
1125 368 165 50 passionis
1252 368 76 50 se
1290 368 101 50 haue
1353 368 76 50 in
1391 368 165 50 castitate
1518 368 190 50 cmuniugali:
1670 368 101 50 quae
1734 368 101 50 plus
1784 368 51 50 me

1053 406 148 48 rebitur
1160 406 108 48 quam
1227 406 108 48 alia
1294 406 134 48 vidua.
1389 406 134 48 Aliqua
1483 406 94 48 est
1536 406 94 48 est
1590 406 188 48 virginitas
1738 406 94 48 non
1778 406 54 48 me

1050 450 120 51 lior
1125 450 211 51 viduitate.
1291 450 105 51 Sed
1351 450 165 51 optimum
1471 450 211 51 indiuiduum
1621 450 211 51 virginitatis

1057 504 135 45 optimo
1152 504 176 45 indiuiduo
1288 504 190 45 viduitatis
1436 504 68 45 &
1464 504 149 45 coniugi
1572 504 68 45 i
1599 504 176 45 praestat.
1734 504 95 45 vel
1775 504 54 45 re

1060 544 178 52 gulariter
1197 544 110 52 tota
1266 544 192 52 virginitas
1417 544 178 52 viduitati
1554 544 178 52 praestat:
1691 544 69 52 &
1718 544 110 52 tota
1773 544 55 52 vi

1064 592 132 52 duitas
1156 592 171 52 conlugio.
1288 592 105 52 ltem
1354 592 132 52 multae
1446 592 158 52 decedunt
1564 592 158 52 coniuges
1683 592 105 52 quae
1736 592 92 52 aequa

1052 629 88 57 lem
1103 629 188 57 btintudinem
1253 629 63 57 &
1278 629 175 57 charitatem
1415 629 125 57 habent
1503 629 88 57 cum
1553 629 188 57 virginibus:
1703 629 63 57 &
1715 629 113 57 aliquam

1060 676 147 51 maiorem.
1170 676 122 51 Multae
1256 676 110 51 autem
1329 676 147 51 virtutes
1439 676 184 51 virginitati
1586 676 208 51 praeferuntur.
1746 676 73 51 plul

1058 717 97 59 enim
1119 717 146 59 laudatur
1228 717 97 59 diua
1289 717 110 59 virgo
1362 717 134 59 ratione
1460 717 183 59 humilitatis
1606 717 85 59 qui
1655 717 134 59 ratione
1740 717 85 59 virgi

1045 766 169 48 uitatis.
1172 766 183 48 Praeterea
1313 766 141 48 aliqui
1412 766 99 48 est
1468 766 198 48 virginitas
1623 766 71 48 &
1652 766 169 48 viduitas
1764 766 71 48 cum

1049 808 125 50 voto:
1133 808 153 50 aliquam
1244 808 111 50 sine
1314 808 125 50 voto.
1397 808 97 50 Sed
1453 808 251 50 adolescentulae
1662 808 139 50 viduae
1745 808 84 50 sunt

1049 854 181 52 euitandae
1188 854 97 52 est
1244 854 111 52 post
1313 854 139 52 votum.
1410 854 125 52 Hinc.
1494 854 83 52 i.
1535 854 83 52 ad
1577 854 153 52 Timoth.
1688 854 83 52 v.
1716 854 125 52 pecipit

1055 898 173 51 apostolis
1188 898 147 51 dicens.
1295 898 253 51 Adolescentiores
1508 898 133 51 viduas
1601 898 147 51 deuita.
1708 898 93 51 cum
1748 898 80 51 enim

1047 941 203 55 luxuriatae
1207 941 160 55 fuerit,
1324 941 87 55 in
1367 941 160 55 Christo
1483 941 145 55 nubere
1585 941 160 55 volunt:
1687 941 145 55 habentes

1046 990 196 46 damnationem
1203 990 104 46 quia
1268 990 131 46 primam
1359 990 117 46 fidem
1437 990 144 46 irritam
1542 990 170 46 fecerunt.
1672 990 117 46 Simul
1738 990 91 46 autem

1053 1032 67 48 &
1079 1032 148 48 ociosae
1187 1032 148 48 discunt
1294 1032 161 48 circuire
1415 1032 134 48 domos:
1509 1032 94 48 non
1563 1032 121 48 solum
1643 1032 148 48 ociosae
1750 1032 67 48 /
1764 1032 67 48 sed

1061 1078 71 50 &
1089 1078 171 50 verbosae
1218 1078 71 50 &
1246 1078 186 50 curiosae:
1389 1078 186 50 loquentes
1532 1078 114 50 quae
1603 1078 100 50 non
1661 1078 171 50 oportet.
1775 1078 57 50 Vo

1042 1120 84 49 lo
1084 1120 126 49 autem
1168 1120 169 49 iuniores
1295 1120 155 49 nubere:
1407 1120 141 49 filios
1506 1120 197 49 procreare:
1646 1120 183 49 matresfami-

1042 1166 116 45 lias
1114 1166 130 45 esse.
1201 1166 87 45 Et
1244 1166 188 45 pauloante
1388 1166 87 45 in
1432 1166 130 45 eodem
1518 1166 159 45 capulo.
1634 1166 130 45 Vidua
1706 1166 116 45 eligai

1043 1210 106 51 non
1103 1210 136 51 minus
1194 1210 197 51 sexaginta
1345 1210 181 51 annorum:
1481 1210 121 51 quae
1557 1210 151 51 fuerit
1663 1210 136 51 vnius
1738 1210 91 51 viri

1054 1257 131 46 vxor:
1142 1257 87 46 in
1185 1257 174 46 operibus
1316 1257 131 46 bonis
1403 1257 218 46 testimonium
1578 1257 145 46 habens
1680 1257 102 46 &c.
1723 1257 102 46 licet

1052 1302 91 47 non
1104 1302 157 47 oporteat
1222 1302 104 47 haec
1287 1302 117 47 omnia
1365 1302 144 47 seruare
1470 1302 78 47 ad
1509 1302 157 47 literam.
1626 1302 91 47 sed
1678 1302 131 47 voluit
1757 1302 78 47 dice

1041 1345 105 53 re.
1101 1345 165 53 Cauende
1221 1345 120 53 sunt
1296 1345 165 53 iuuenes
1416 1345 165 53 viduae.
1535 1345 75 53 &
1565 1345 255 53 sexagenariae,
1760 1345 75 53 hoc

1043 1388 97 58 est
1099 1388 70 58 /
1127 1388 139 58 quarum
1224 1388 139 58 libido
1321 1388 167 58 extincta
1446 1388 97 58 est
1502 1388 70 58 /
1530 1388 209 58 admittendae
1683 1388 97 58 sunt.

1152 1476 112 88 ⁋
1196 1476 380 88 Distinctionis
1487 1476 290 88 Trigesimae.

1220 1541 286 81 Quaestio
1411 1541 214 81 Quarta.

1337 1616 117 91 a
1383 1616 211 91 Varto
1524 1616 211 91 circa
1641 1616 187 91 eandem

1351 1671 239 84 ldistinctionem
1550 1671 186 84 quaeritur.
1695 1671 80 84 An
1722 1671 106 84 fuerit

1328 1742 146 55 verum
1425 1742 243 55 matrimonium
1619 1742 146 55 inter
1700 1742 129 55 Mariam

1346 1789 156 58 virginem
1463 1789 65 58 /
1489 1789 65 58 &
1515 1789 143 58 loseph.
1620 1789 208 58 Respondetur.
1776 1789 52 58 ve

1348 1834 113 50 trum
1419 1834 113 50 erat
1489 1834 212 50 matrimonium
1659 1834 127 50 inter
1730 1834 99 50 diuam

1346 1869 201 65 virginem
1497 1869 84 65 &
1531 1869 184 65 loseph.
1665 1869 134 65 Quia
1732 1869 101 65 erat

1345 1914 227 65 matrimonium
1526 1914 76 65 /
1557 1914 136 65 patet
1647 1914 197 65 Matthaei.
1784 1914 45 65 i

1313 1944 91 71 Ea
1358 1944 167 71 dicente
1480 1944 167 71 angelo.
1602 1944 122 71 Noli
1678 1944 152 71 timere
1769 1944 61 71 ac

1048 2006 136 55 cipere
1144 2006 136 55 Mariam
1239 2006 163 55 coniugem
1361 2006 122 55 tuam.
1443 2006 109 55 quod
1510 2006 122 55 autem
1592 2006 109 55 erat
1660 2006 122 55 virgo
1728 2006 95 55 patet

1045 2052 95 55 per
1100 2052 190 55 Augustinum
1249 2052 81 55 in
1289 2052 122 55 libro
1371 2052 81 55 de
1411 2052 135 55 vitiis
1506 2052 68 55 &
1533 2052 271 55 concupiscentiis.
1763 2052 68 55 &
1777 2052 54 55 re

1042 2101 164 46 citatur.
1166 2101 137 46 xxvii.
1261 2101 82 46 q.
1303 2101 96 46 ii.
1357 2101 82 46 c.
1398 2101 123 46 Beata
1481 2101 123 46 Maria
1563 2101 178 46 proposuit
1700 2101 82 46 se
1727 2101 96 46 serua

1035 2142 148 46 turam
1133 2142 148 46 votum
1232 2142 263 46 virginitatis
1445 2142 99 46 in
1494 2142 164 46 corde:
1609 2142 115 46 sed
1675 2142 148 46 ipsum
1757 2142 66 46 vo

1042 2188 103 54 tum
1101 2188 235 54 virginitatis
1292 2188 88 54 no
1336 2188 191 54 expressit
1483 2188 117 54 ore:
1556 2188 176 54 subiecit
1688 2188 88 54 se
1717 2188 103 54 diui-

1043 2228 101 56 nae
1100 2228 246 56 dispositioni:
1303 2228 101 56 dum
1361 2228 188 56 proposuit
1505 2228 87 56 se
1548 2228 260 56 perseueraturam
1751 2228 72 56 vir

1041 2277 150 53 ginem:
1146 2277 120 53 nisi
1221 2277 120 53 deus
1296 2277 150 53 aliter
1401 2277 90 53 ei
1445 2277 210 53 reuelaret.
1610 2277 90 53 Et
1640 2277 180 53 paulopost.

1041 2322 152 52 Postea
1147 2322 122 52 vero
1224 2322 107 52 cum
1285 2322 152 52 filium
1391 2322 168 52 genuit:
1513 2322 122 52 quod
1589 2322 137 52 corde
1666 2322 152 52 concepe-

1036 2361 96 59 rat
1091 2361 68 59 /
1118 2361 123 59 simul
1200 2361 96 59 cum
1255 2361 109 59 viro
1323 2361 136 59 labiis
1419 2361 191 59 expressit:
1569 2361 68 59 &
1596 2361 150 59 vterque
1705 2361 82 59 in
1732 2361 96 59 virgi

1034 2412 149 55 nitate
1139 2412 209 55 permansit.
1303 2412 149 55 Simile
1408 2412 134 55 ferme
1497 2412 90 55 in
1542 2412 149 55 litera
1647 2412 134 55 dicit
1721 2412 105 55 magi-

1036 2452 125 52 ster.
1119 2452 83 52 Et
1161 2452 125 52 licet
1244 2452 167 52 conditio
1369 2452 153 52 diuinae
1481 2452 194 52 voluntatis
1633 2452 83 52 in
1675 2452 111 52 omni
1731 2452 83 52 voto

1033 2495 71 55 &
1061 2495 184 55 proposito
1203 2495 184 55 intelligi
1344 2495 156 55 debeat:
1458 2495 99 55 non
1514 2495 127 55 tamen
1599 2495 99 55 est
1642 2495 184 55 imperfectio

1037 2541 94 58 nis
1090 2541 67 58 /
1117 2541 94 58 sed
1170 2541 214 58 perfectionis
1344 2541 94 58 hoc
1398 2541 147 58 addere.
1505 2541 67 58 &
1532 2541 120 58 etiam
1612 2541 107 58 quia
1679 2541 107 58 fere
1733 2541 80 58 tunc

1041 2586 134 53 omnes
1131 2586 239 53 contrahebant
1325 2586 104 53 non
1384 2586 194 53 seruantes
1533 2586 254 53 virginitatem:
1727 2586 90 53 suam

1041 2627 237 47 virginitatem
1234 2627 163 47 diuinae
1352 2627 237 47 dispositioni
1545 2627 178 47 expresse
1663 2627 163 47 reliquit.

1041 2676 118 46 Quia
1115 2676 132 46 tamen
1203 2676 162 46 vouerit
1320 2676 73 46 /
1350 2676 220 46 convincitur
1526 2676 88 46 ex
1570 2676 220 46 responsione
1732 2676 88 46 eius

1040 2719 95 56 ad
1088 2719 175 56 angelum
1215 2719 159 56 Lucae.
1326 2719 95 56 i.
1374 2719 175 56 Quomodo
1501 2719 127 56 fiet
1581 2719 159 56 istud:
1676 2719 143 56 quoniam
