2331 3324
495 357 120 73 sine
570 357 135 73 patre
660 357 75 73 /
690 357 165 73 genitus
810 357 90 73 ex
855 357 195 73 purissimo
1004 357 180 73 sanguine
1124 357 150 73 beatissi

492 420 106 49 mae
552 420 181 49 virginis
688 420 106 49 quo
748 420 90 49 ad
793 420 241 49 humanitatem.
990 420 136 49 Forte
1080 420 151 49 dicis:
1186 420 75 49 &
1201 420 75 49 sic

491 464 143 52 dicunt
591 464 186 52 doctores:
734 464 115 52 quod
806 464 100 52 cum
863 464 143 52 beatus
964 464 186 52 Matthaeus
1107 464 158 52 deducat
1207 464 72 52 ge-

499 509 179 56 nealogiam
637 509 138 56 loseph
734 509 96 56 qui
789 509 124 56 duxit
871 509 138 56 beatam
968 509 179 56 virginem,
1106 509 69 56 &
1133 509 110 56 ipsa
1188 509 83 56 esse

494 551 146 49 haeres:
600 551 106 49 ipsa
666 551 106 49 erat
733 551 146 49 eiusdem
839 551 146 49 tribus.
945 551 93 49 Sed
998 551 173 49 obiicies:
1131 551 80 49 ex
1171 551 93 49 hoc
1211 551 66 49 non

498 597 132 51 habes
586 597 117 51 quod
660 597 117 51 ipsa
733 597 117 51 erat
806 597 88 51 de
850 597 117 51 domo
924 597 147 51 Dauid:
1027 597 117 51 quia
1100 597 88 51 in
1144 597 132 51 tribu
1217 597 59 51 lu

506 638 87 62 da
550 638 145 62 multae
652 638 131 62 erant
739 638 131 62 domus
826 638 73 62 &
855 638 174 62 familiae
986 638 131 62 aliae
1073 638 73 62 a
1102 638 145 62 Dauid:
1189 638 87 62 quia

502 682 138 53 domus
594 682 169 53 fratrum
717 682 138 53 Dauid
809 682 138 53 erant
902 682 92 53 de
948 682 138 53 tribu
1040 682 123 53 luda
1117 682 138 53 sicut
1194 682 92 53 ipse

495 728 154 57 Dauid.
602 728 77 57 &
633 728 108 57 non
695 728 216 57 cogebantur
864 728 185 57 mulieres
1003 728 154 57 nubere
1111 728 139 57 viris
1188 728 92 57 suae

498 771 171 54 familiae:
629 771 92 54 sed
682 771 131 54 licuit
773 771 118 54 capre
852 771 197 54 cuiuscumque
1010 771 157 54 familiae
1128 771 131 54 virum,
1206 771 79 54 dum-

491 816 125 53 modo
569 816 93 53 in
616 816 109 53 sua
678 816 140 53 tribu
772 816 203 53 manerent.
928 816 203 53 Respondet
1083 816 93 53 in
1115 816 171 53 additione

505 862 181 53 Burgensis
644 862 111 53 quod
713 862 181 53 credendum
852 862 97 53 est
908 862 208 53 auctoritati
1075 862 125 53 beati
1144 862 139 53 Matthaei

492 907 102 46 Hoc
551 907 102 46 non
609 907 146 46 valet.
711 907 102 46 nam
769 907 160 46 volebat
886 907 218 46 euangelista
1061 907 189 46 ostendere
1192 907 87 46 Chri

496 952 115 52 stum
567 952 230 52 Bethleemitam
754 952 115 52 esse
826 952 72 52 /
855 952 72 52 &
884 952 86 52 ex
927 952 115 52 domo
999 952 129 52 Dauid
1085 952 72 52 /
1114 952 144 52 contra
1200 952 86 52 mul-

497 999 99 54 tos
554 999 71 54 o
582 999 99 54 eum
639 999 170 54 putabant
766 999 142 54 fuisse
866 999 71 54 a
894 999 184 54 Nazareth:
1036 999 71 54 &
1064 999 99 54 per
1107 999 170 54 consequens

497 1045 99 46 non
553 1045 113 46 esse
624 1045 170 46 messiam.
751 1045 127 46 Notum
836 1045 113 46 erat
907 1045 155 46 omnibus
1020 1045 141 46 illius
1104 1045 184 46 tempestatis

497 1090 125 52 quod
576 1090 141 52 virgo
669 1090 125 52 erat
747 1090 94 52 ex
794 1090 125 52 domo
873 1090 156 52 Dauid.
982 1090 203 52 propterea
1138 1090 109 52 non
1185 1090 94 52 labo

495 1128 133 52 rabat
584 1128 133 52 circa
673 1128 118 52 hoc.
747 1128 118 52 Hinc
821 1128 89 52 ad
865 1128 193 52 Hebraeos.
1013 1128 118 52 vii.
1088 1128 133 52 dicit
1162 1128 118 52 aposto

494 1173 107 49 lus.
560 1173 187 49 Manifestum
707 1173 94 49 est
761 1173 107 49 enim
828 1173 107 49 quod
895 1173 80 49 ex
935 1173 107 49 luda
1001 1173 120 49 ortus
1082 1173 94 49 sit
1135 1173 147 49 dominus
1229 1173 53 49 no

502 1215 129 52 ster.
587 1215 86 52 Et
630 1215 86 52 ad
673 1215 129 52 Roma.
759 1215 86 52 i.
802 1215 86 52 De
845 1215 129 52 filio
931 1215 100 52 suo
988 1215 100 52 qui
1045 1215 143 52 factus
1145 1215 100 52 est
1202 1215 86 52 ei
1231 1215 57 52 ex

494 1258 161 59 semine
607 1258 145 59 Dauid
703 1258 193 59 secundum
848 1258 177 59 carnem.
977 1258 97 59 Et
1025 1258 145 59 patet
1122 1258 81 59 a
1154 1258 161 59 signo.

502 1307 102 47 cum
561 1307 175 47 lulianus
692 1307 219 47 haereticus:
867 1307 73 47 &
897 1307 263 47 praedicabilium
1101 1307 175 47 composito-

491 1349 224 50 Porphyrius
667 1349 128 50 nisi
747 1349 128 50 sint
827 1349 256 50 repugnantiam
1034 1349 192 50 inuenire
1162 1349 112 50 circa

500 1397 240 51 genealogiam
692 1397 176 51 Christi
820 1397 144 51 inter
917 1397 224 51 Matthaeum,
1093 1397 80 51 &
1125 1397 160 51 Lucam:
1221 1397 64 51 de

497 1445 113 47 hoc
561 1445 161 47 nullam
674 1445 193 47 fecerunt
819 1445 290 47 difficultatem:
1061 1445 129 47 quia
1141 1445 113 47 hoc
1189 1445 97 47 erat

485 1482 127 56 eis
539 1482 237 56 notissimum.

539 1560 233 75 Quinto
702 1560 280 75 arguitur
912 1560 233 75 contra
1075 1560 163 75 hoc
1145 1560 140 75 quod

507 1615 148 69 diximus
614 1615 108 69 quod
681 1615 108 69 ipsa
748 1615 108 69 erat
816 1615 134 69 virgo.
910 1615 94 69 Nam
963 1615 175 69 Matthaei.
1098 1615 81 69 i.
1125 1615 161 69 scribitur.

495 1656 90 59 Et
540 1656 165 59 accepit
660 1656 180 59 coniugem
794 1656 135 59 suam:
884 1656 75 59 &
914 1656 105 59 non
974 1656 224 59 cognoscebat
1153 1656 105 59 eam
1213 1656 105 59 do-

493 1712 100 54 nec
550 1712 157 54 peperit
664 1712 143 54 filium
764 1712 114 54 suum
836 1712 243 54 primogenitum.
1036 1712 114 54 ergo
1107 1712 100 54 per
1165 1712 129 54 locum
1236 1712 43 54 a

498 1755 197 50 contrario
649 1755 136 50 sensu
740 1755 152 50 postea
846 1755 106 50 eam
907 1755 197 50 cognouit.
1074 1755 212 50 Respondetur.

485 1796 140 50 locus
579 1796 78 50 a
610 1796 202 50 contrario
765 1796 140 50 sensu
858 1796 140 50 parum
951 1796 233 50 soliditatis
1137 1796 155 50 habet.
1230 1796 62 50 ex

494 1842 113 48 modo
564 1842 127 48 autem
649 1842 169 48 loquendi
776 1842 197 48 scripturae
931 1842 70 48 /
959 1842 99 48 non
1015 1842 211 48 convincitur
1184 1842 85 48 ex
1213 1842 70 48 hac

497 1885 169 49 dictione
624 1885 155 49 (donec)
736 1885 113 49 quod
807 1885 155 49 aliquid
920 1885 113 49 tale
990 1885 113 49 post
1061 1885 99 49 hoc
1117 1885 155 49 fuerit.
1216 1885 70 49 quo

502 1930 119 46 modo
576 1930 178 46 Genesis.
710 1930 133 46 viii.
799 1930 193 46 scribitur
947 1930 89 46 de
991 1930 148 46 coruo:
1095 1930 104 46 Non
1140 1930 148 46 reuersus

499 1974 104 49 est
559 1974 134 49 donec
648 1974 223 49 siccarentur
826 1974 74 49 a
855 1974 134 49 quae.
945 1974 74 49 &
974 1974 104 49 non
1034 1974 178 49 cognouit
1167 1974 119 49 homo
1227 1974 59 49 se

504 2022 162 49 pulchrum
625 2022 108 49 eius
692 2022 121 49 Moys)
773 2022 121 49 vsque
854 2022 81 49 in
895 2022 189 49 praesentem
1043 2022 121 49 diem.
1124 2022 162 49 Deutero.
1232 2022 54 49 vl

509 2062 126 50 timo.
593 2062 70 50 &
621 2062 126 50 tamen
705 2062 98 50 nec
761 2062 140 50 coruus
859 2062 140 50 rediit
957 2062 154 50 vnquam:
1069 2062 98 50 nec
1111 2062 168 50 sepulchrum

500 2105 130 60 Moysi
586 2105 144 60 vspiam
687 2105 173 60 repertum
817 2105 115 60 est.
889 2105 115 60 ldem
961 2105 101 60 est
1019 2105 86 60 in
1062 2105 115 60 illo
1119 2105 159 60 psalmogra

491 2152 128 57 phi.
571 2152 128 57 Sede
651 2152 80 57 a
683 2152 176 57 dextris
811 2152 128 57 meis
892 2152 144 57 donec
988 2152 144 57 ponam
1084 2152 192 57 inimicos
1212 2152 64 57 tu

495 2200 105 49 os.
555 2200 120 49 Alio
630 2200 120 49 modo
705 2200 105 49 sic
765 2200 210 49 explicatur
929 2200 225 49 euangelicus
1109 2200 150 49 sermo,
1199 2200 75 49 non

488 2242 148 60 poterat
595 2242 134 60 facien
689 2242 107 60 eius
756 2242 148 60 intueri
863 2242 94 60 cum
917 2242 161 60 concepit
1038 2242 80 60 de
1078 2242 148 60 spiritu
1172 2242 107 60 sancto

495 2289 136 50 sicut
586 2289 152 50 antea,
692 2289 227 50 quemadmodum
874 2289 152 50 faciei
980 2289 136 50 Moysi
1071 2289 136 50 radii
1147 2289 136 50 resplen

499 2332 174 49 duerunt,
630 2332 87 49 vt
674 2332 102 49 eum
732 2332 160 49 populus
848 2332 102 49 vix
906 2332 232 49 cognosceret.
1094 2332 102 49 ii.
1152 2332 87 49 ad
1181 2332 102 49 Corin

494 2370 137 55 thios.
590 2370 110 55 iii.
659 2370 110 55 sic,
727 2370 82 55 vt
768 2370 96 55 est
823 2370 206 55 verosimile,
988 2370 110 55 fuit
1056 2370 82 55 de
1097 2370 110 55 diua
1152 2370 137 55 virgine:

506 2419 69 55 &
534 2419 125 55 nulli
617 2419 111 55 alii
686 2419 97 55 hoc
742 2419 153 55 patuit:
853 2419 111 55 nisi
922 2419 111 55 soli
992 2419 153 55 loseph,
1103 2419 97 55 qua
1158 2419 125 55 plura
1228 2419 55 55 my

500 2459 143 65 steria
600 2459 86 65 in
643 2459 100 65 hac
700 2459 171 65 cognouit
828 2459 114 65 quam
900 2459 129 65 alius
985 2459 129 65 quis:
1071 2459 86 65 vt
1114 2459 86 65 de
1157 2459 114 65 eius
1214 2459 71 65 vir

502 2506 167 51 ginitate
627 2506 97 51 non
683 2506 209 51 vacillaret.
850 2506 167 51 poterant
975 2506 111 51 enim
1045 2506 111 51 deus
1114 2506 167 51 actionem
1225 2506 56 51 ra

499 2550 144 51 diorum
599 2550 172 51 impedire
728 2550 86 51 vt
771 2550 129 51 alios
858 2550 172 51 lateret.
987 2550 144 51 Decuit
1087 2550 129 51 autem
1159 2550 115 51 vultus

497 2588 151 54 Moysi
598 2588 168 54 radium
715 2588 84 54 a
749 2588 134 54 toto
833 2588 168 54 populo
950 2588 201 54 cognosci
1101 2588 201 54 quatenus
1236 2588 50 54 a

496 2639 124 50 toto
574 2639 155 50 populo
683 2639 218 50 timeretur,
854 2639 78 50 &
885 2639 249 50 honoraretur.
1118 2639 109 50 Sed
1180 2639 93 50 an
1211 2639 78 50 lo-

507 2680 104 63 seph
572 2680 155 63 cognouit
688 2680 91 63 eam
740 2680 104 63 esse
805 2680 155 63 grauidam
921 2680 65 63 a
947 2680 142 63 spiritu
1051 2680 129 63 sancto
1142 2680 65 63 /
1154 2680 117 63 antequa

493 2717 162 65 angelus
611 2717 89 65 ei
656 2717 221 65 insinuauit:
833 2717 103 65 vix
892 2717 207 65 exploratum
1054 2717 118 65 est.
1113 2717 162 65 Scribitur

486 2765 202 71 Matthaei.
642 2765 93 71 i.
689 2765 109 71 Cum
751 2765 140 71 esset
844 2765 218 71 desponsata
1015 2765 140 71 mater
1109 2765 124 71 lesu
1171 2765 109 71 Maria

1349 367 151 55 loseph:
1459 367 165 55 antequam
1583 367 206 55 convenirent
1748 367 69 55 /
1775 367 151 55 inuenta
1885 367 96 55 est
1940 367 82 55 in
1981 367 124 55 vtero
2063 367 96 55 ha-

1338 409 113 56 bens
1408 409 85 56 de
1451 409 155 56 spiritu
1563 409 155 56 sancto.
1676 409 141 56 loseph
1775 409 127 56 autem
1859 409 99 56 vir
1916 409 113 56 eius
1986 409 99 56 cum
2028 409 99 56 esset

1336 463 151 49 iustus
1441 463 75 49 &
1472 463 151 49 nollet
1577 463 106 49 eam
1637 463 211 49 traducere:
1803 463 151 49 voluit
1909 463 166 49 occulte
2014 463 121 49 dimit-

1346 506 128 49 tere
1426 506 128 49 eam.
1506 506 128 49 Ipsa
1587 506 128 49 enim
1667 506 128 49 erat
1747 506 160 49 sponsa
1859 506 176 49 loseph.
1988 506 128 49 quia
2052 506 80 49 mos

1341 549 126 58 fuit
1420 549 220 58 antiquitus
1593 549 236 58 obseruatus,
1782 549 94 58 vt
1829 549 142 58 dicit
1908 549 220 58 Chrysostomus

1344 594 178 57 euangelium
1484 594 166 57 exponens:
1612 594 64 57 &
1637 594 178 57 recitatur.
1777 594 127 57 xxvii.
1867 594 76 57 q.
1905 594 89 57 ii.
1956 594 76 57 c.
1981 594 153 57 Priusquam.

1347 643 117 54 quod
1421 643 161 54 sponsae
1538 643 88 54 in
1582 643 161 54 domibus
1699 643 191 54 sponsorum
1846 643 220 54 habitarent.
2022 643 88 54 vt
2052 643 73 54 ge-

1344 687 117 53 neri
1418 687 117 53 Loth
1491 687 117 53 apud
1564 687 161 53 socerum
1681 687 176 53 leguntur
1813 687 190 53 habitasse
1959 687 102 53 cum
2003 687 132 53 sponsis

1342 728 151 47 nondum
1448 728 121 47 sibi
1523 728 197 47 copulatis
1674 728 121 47 lege
1750 728 197 47 coniugii.
1901 728 106 47 Sic
1962 728 76 47 &
1992 728 136 47 Maria
2068 728 60 47 ha

1355 774 158 55 bitabat
1469 774 100 55 cum
1527 774 158 55 sponso.
1641 774 172 55 Antequam
1770 774 215 55 convenirent
1942 774 143 55 (dicit
2028 774 100 55 glosa

1353 822 93 49 sa)
1406 822 80 49 ad
1446 822 160 49 carnalem
1566 822 160 49 copulam:
1686 822 147 49 accepit
1793 822 93 49 eam
1846 822 80 49 in
1886 822 120 49 suam:
1966 822 93 49 non
2019 822 80 49 in
2059 822 93 49 do-

1350 859 79 54 mu
1389 859 106 54 suam
1455 859 66 54 /
1482 859 66 54 a
1508 859 92 54 qua
1561 859 92 54 eam
1614 859 92 54 non
1667 859 172 54 eiecerat:
1799 859 92 54 sed
1852 859 145 54 accepit
1957 859 79 54 in
1984 859 145 54 affectum.

1353 906 218 51 Turbationis
1528 906 131 51 autem
1615 906 203 51 principium
1774 906 87 51 in
1818 906 145 51 loseph
1919 906 131 51 erat,
2006 906 102 51 cum
2050 906 87 51 ipsa

1339 952 93 54 ab
1385 952 216 54 Helizabeth
1554 952 185 54 redibat,
1693 952 77 54 &
1724 952 123 54 erat
1801 952 93 54 in
1847 952 123 54 eius
1925 952 139 54 domo.
2002 952 123 54 videns

1344 996 116 49 enim
1417 996 145 49 loseph
1519 996 102 49 eam
1577 996 189 49 grauidam:
1722 996 203 49 argumentum
1882 996 131 49 forte
1955 996 174 49 incontinem

1354 1042 110 49 tiae
1423 1042 151 49 habuit.
1533 1042 82 49 ex
1574 1042 151 49 aduerso
1683 1042 96 49 eam
1738 1042 123 49 vidit
1820 1042 178 49 prudentem
1957 1042 69 49 /
1985 1042 123 49 mitem
2067 1042 69 49 /
2081 1042 41 49 &

1359 1092 226 44 virtutibus
1536 1092 226 44 redimitam:
1714 1092 81 44 &
1746 1092 178 44 optimam
1876 1092 210 44 opinionem
2021 1092 113 44 inter

1350 1128 118 58 omnes
1429 1128 79 58 de
1468 1128 79 58 ea
1507 1128 157 58 audiuit:
1625 1128 79 58 vt
1665 1128 92 58 non
1717 1128 131 58 facile
1809 1128 118 58 esset
1888 1128 171 58 suspicari
2019 1128 144 58 aliquid

1351 1177 115 49 mali
1422 1177 86 49 de
1465 1177 100 49 ea.
1522 1177 72 49 &
1551 1177 100 49 sic
1608 1177 215 49 fluctuabat.
1780 1177 143 49 tandem
1880 1177 186 49 conclusit
2023 1177 100 49 eam
2066 1177 72 49 di-

1352 1217 229 47 mittendam,
1532 1217 82 47 &
1565 1217 115 47 non
1630 1217 131 47 domo
1712 1217 262 47 expellendam.
1925 1217 115 47 cui
1974 1217 164 47 angelus.

1344 1261 128 51 Noli
1424 1261 159 51 timere
1535 1261 191 51 accipere
1679 1261 159 51 Mariam
1790 1261 191 51 coniugem
1934 1261 143 51 tuam.
2029 1261 96 51 id
2061 1261 80 51 est

1332 1305 214 49 sponsam.
1493 1305 143 49 Vnde
1582 1305 250 49 Augustinus
1778 1305 107 49 in
1832 1305 196 49 sermone
1974 1305 107 49 de
2010 1305 125 49 nati-

1351 1349 144 47 uitate
1451 1349 144 47 dicit.
1552 1349 216 47 Intelligens
1724 1349 144 47 Mariae
1825 1349 144 47 vterum
1926 1349 187 47 grauidari
2055 1349 72 47 tui

1356 1396 134 49 batur:
1449 1396 107 49 quod
1516 1396 134 49 Mariam
1610 1396 107 49 quam
1677 1396 80 49 de
1717 1396 134 49 templo
1811 1396 134 49 domini
1904 1396 174 49 acceperat
2038 1396 67 49 &
2052 1396 80 49 non-

1338 1438 98 48 dum
1394 1438 196 48 cognouerat
1548 1438 70 48 /
1576 1438 168 48 grauidam
1702 1438 196 48 sentiebat:
1857 1438 126 48 secur
1941 1438 112 48 quod
1997 1438 126 48 aestua-

1347 1486 103 44 bat
1406 1486 192 44 disputans
1554 1486 74 44 &
1583 1486 148 44 dices,
1687 1486 118 44 quid
1760 1486 162 44 faciam:
1878 1486 148 44 prodo:
1982 1486 89 44 an
2011 1486 118 44 taceo?

1347 1527 93 50 Si
1393 1527 216 50 prodidero:
1563 1527 201 50 adulterio
1717 1527 108 50 non
1779 1527 201 50 consentio
1933 1527 77 50 /
1964 1527 108 50 sed
2010 1527 124 50 vitium

1346 1579 252 42 crudelitatis
1551 1579 189 42 incurro:
1693 1579 126 42 quia
1772 1579 189 42 secundum
1913 1579 142 42 Moysi
1992 1579 142 42 senten-

1344 1620 121 52 tiam
1419 1620 211 52 lapidandam
1585 1620 106 52 eam
1645 1620 121 52 esse
1721 1620 196 52 cognosto.
1872 1620 90 52 Si
1917 1620 181 52 tacuero:
2038 1620 90 52 malo

1342 1659 198 57 consentio:
1498 1659 71 57 &
1526 1659 99 57 cum
1583 1659 184 57 adulteris
1724 1659 184 57 portionem
1866 1659 113 57 meam
1937 1659 127 57 pono,
2008 1659 127 57 quoniam

1347 1705 105 54 ergo
1413 1705 132 54 tacere
1505 1705 118 54 malum
1584 1705 105 54 est:
1649 1705 184 54 adulterium
1794 1705 145 54 prodere
1899 1705 66 54 /
1926 1705 118 54 peius
2005 1705 105 54 est:
2057 1705 66 54 di-

1347 1746 148 54 mittam
1451 1746 103 54 eam
1510 1746 74 54 a
1539 1746 192 54 coniugio.
1687 1746 148 54 Nolens
1790 1746 103 54 eam
1849 1746 207 54 traducere:
2011 1746 103 54 hoc
2055 1746 74 54 est

1350 1793 206 61 propalare:
1512 1793 88 61 vt
1556 1793 147 61 glossa
1659 1793 250 61 interlinearis
1865 1793 176 61 exponit.
1997 1793 103 61 Hic
2041 1793 88 61 con-

1343 1840 192 56 uincitur
1487 1840 208 56 prudentia
1647 1840 160 56 loseph
1760 1840 80 56 &
1792 1840 192 56 bonitas:
1936 1840 112 56 qui
2000 1840 112 56 non
2048 1840 80 56 im-

1343 1882 159 60 pleuit
1454 1882 143 60 aerem
1550 1882 175 60 clamore
1677 1882 127 60 more
1756 1882 207 60 stultorum
1915 1882 159 60 paruam
2011 1882 111 60 suspi

1357 1926 141 60 cionem
1456 1926 85 60 de
1498 1926 212 60 cmuniugibus
1668 1926 198 60 habentium,
1824 1926 99 60 nec
1880 1926 127 60 dixit
1965 1926 127 60 diuae
2036 1926 99 60 virgi

1350 1978 85 51 ni
1392 1978 113 51 quid
1463 1978 128 51 animo
1548 1978 213 51 conciperet.
1718 1978 85 51 Et
1761 1978 128 51 licet
1846 1978 213 51 Christifera
2002 1978 128 51 virgun-

1345 2014 123 64 cula
1421 2014 215 64 verecundia
1590 2014 138 64 ducta
1682 2014 77 64 /
1713 2014 123 64 hanc
1789 2014 230 64 turbationem
1973 2014 92 64 in
2004 2014 138 64 losephi

1349 2059 202 62 perciperet:
1510 2059 135 62 noluit
1605 2059 121 62 tamen
1686 2059 175 62 indicare.
1821 2059 94 62 Nam
1875 2059 135 62 primo,
1969 2059 94 62 non
2010 2059 121 62 fuisset

1346 2105 88 48 ei
1390 2105 176 48 adhibita
1523 2105 147 48 fides.
1625 2105 176 48 Secundo,
1758 2105 147 48 noluit
1861 2105 103 48 dei
1919 2105 176 48 secretum
2037 2105 88 48 reue

1352 2149 121 51 lare:
1432 2149 94 51 qui
1486 2149 94 51 ppe
1539 2149 107 51 quae
1606 2149 147 51 sciebat
1713 2149 107 51 deum
1781 2149 121 51 omnia
1861 2149 161 51 suauiter
1968 2149 161 51 dispositu-

1346 2196 111 57 rum.
1415 2196 166 57 Origenes
1540 2196 125 57 tamen
1624 2196 83 57 in
1665 2196 153 57 homilia
1776 2196 153 57 eiusdem
1887 2196 180 57 euangelii
2012 2196 111 57 aliter

1346 2239 187 57 exponit
1482 2239 136 57 hunc
1567 2239 153 57 locum
1669 2239 187 57 dicens.
1805 2239 221 57 Mysterium
1958 2239 170 57 cognouit

1344 2285 151 52 Ioseph
1449 2285 181 52 antequam
1585 2285 166 52 angelus
1706 2285 90 52 ei
1751 2285 151 52 dixit:
1857 2285 75 52 &
1887 2285 90 52 se
1932 2285 181 52 indignum
2053 2285 75 52 re-

1346 2326 173 59 putabat
1472 2326 189 59 habitare
1614 2326 110 59 cum
1677 2326 110 59 ea:
1740 2326 79 59 &
1772 2326 110 59 eum
1835 2326 173 59 angelus
1945 2326 189 59 reuocabat.

1353 2371 119 57 Quae
1427 2371 193 57 expositio
1576 2371 163 57 literae
1695 2371 104 57 non
1754 2371 193 57 repugnat:
1902 2371 134 57 licet
1992 2371 134 57 prior
2066 2371 74 57 sit

1346 2415 237 53 apparentior
1536 2415 79 53 &
1568 2415 221 53 communior.
1773 2415 142 53 Sexto
1868 2415 206 53 arguitur.
2026 2415 95 53 Ex
2058 2415 79 53 il-

1346 2463 95 56 lo
1394 2463 143 56 verbo
1489 2463 158 56 (donec
1600 2463 127 56 ipsa
1679 2463 174 56 peperit
1805 2463 158 56 filium
1916 2463 127 56 suum
1980 2463 158 56 primoge-

1341 2506 153 44 nitum)
1448 2506 184 44 sequitur
1586 2506 123 44 quod
1662 2506 123 44 ipsa
1739 2506 153 44 habuit
1846 2506 153 44 postea
1953 2506 168 44 secundo
2060 2506 77 44 ge-

1337 2547 138 48 nitum
1428 2547 107 48 qui
1490 2547 92 48 ex
1536 2547 168 48 spiritu
1658 2547 153 48 sancto
1765 2547 107 48 non
1826 2547 122 48 erat
1903 2547 214 48 conceptus:
2056 2547 76 48 er-

1348 2596 84 56 go
1390 2596 139 56 desiit
1487 2596 111 56 esse
1557 2596 139 56 virgo.
1654 2596 223 56 Respondetur.
1836 2596 84 56 si
1877 2596 209 56 suprlatiuus
2031 2596 97 56 affir

1338 2642 151 54 matiue
1444 2642 211 54 sumeretur:
1610 2642 211 54 argumentum
1776 2642 242 54 concluderet.
1972 2642 106 54 sed
2017 2642 121 54 negati

1350 2689 88 43 ue
1394 2689 206 43 exponitur.
1556 2689 147 43 Dictio
1659 2689 147 43 namque
1762 2689 220 43 superlatiui
1938 2689 147 43 gradus
2026 2689 118 43 reddit

1339 2732 283 53 propositionem
1572 2732 250 53 exponibilem
1772 2732 250 53 affirmatiue
1972 2732 83 53 &
1988 2732 150 53 negati-

1344 2773 103 60 ue:
1403 2773 132 60 quare
1491 2773 103 60 est
1550 2773 250 60 distinguenda,
1755 2773 88 60 vt
1799 2773 88 60 ex
1843 2773 161 60 artibus
1961 2773 147 60 patet,
2049 2773 88 60 nega
