2355 3316
224 304 100 66 ter
281 304 114 66 ipsa
352 304 142 66 potest
451 304 142 66 petere
551 304 171 66 debitum:
679 304 100 66 cui
736 304 100 66 vir
793 304 156 66 tenetur
892 304 114 66 succui

234 369 123 47 rere
310 369 92 47 si
356 369 153 47 potest
464 369 123 47 sine
540 369 107 47 suo
602 369 153 47 damno.
709 369 77 47 â‹
739 369 153 47 Quarta
831 369 169 47 conclusio

234 412 107 62 vir
295 412 153 62 licite
402 412 199 62 cognoscit
556 412 153 62 vxorem
663 412 153 62 gratia
770 412 169 62 vitandi
877 412 123 62 adulti

226 458 98 53 rii
282 458 84 53 in
324 458 154 53 seipso.
437 458 112 53 Quia
507 458 112 53 haec
577 458 182 53 conclusio
717 458 98 53 est
773 458 140 53 contra
872 458 112 53 san.
928 458 70 53 Tho

222 503 75 56 &
252 503 105 56 do.
312 503 224 56 Seraphicum:
491 503 180 56 probatur
626 503 120 56 sic.
701 503 105 56 Vir
761 503 150 56 licite
850 503 150 56 cognosci

229 547 152 55 vxorem
335 547 152 55 gratia
442 547 182 55 euitandi
578 547 198 55 adulterii
730 547 91 55 in
776 547 137 55 vxore
867 547 91 55 ex
898 547 106 55 prae-

225 592 154 61 missa:
333 592 124 61 ergo
410 592 93 61 in
456 592 170 61 seipso.
580 592 185 61 probatur
719 592 263 61 consequentia:
920 592 77 61 qui

237 634 152 55 quilibet
351 634 139 55 tenetur
453 634 177 55 succurrere
592 634 127 55 potius
681 634 152 55 sibiipsi
795 634 89 55 qui
846 634 139 55 alteri.
935 634 63 55 Exi

233 678 101 60 pli
290 678 144 60 causa.
391 678 86 60 si
434 678 144 60 Sortes
535 678 101 60 sit
592 678 173 60 assuetus
722 678 101 60 cum
779 678 129 60 Berta
851 678 144 60 commisce

231 724 87 48 ri
275 724 117 48 ante
348 724 233 48 matrimonium:
538 724 102 48 sed
596 724 87 48 vt
640 724 73 48 a
669 724 233 48 fornicatione
858 724 87 48 se
887 724 117 48 retra-

229 768 108 45 hat
290 768 77 45 /
321 768 200 45 contrahit
475 768 108 45 cum
536 768 184 45 Teberga:
674 768 77 45 &
705 768 154 45 Bertam
797 768 200 45 allocuturus

219 815 118 54 ante
293 815 177 54 propriam
426 815 148 54 vxorem
530 815 192 54 cognoscit
678 815 89 54 vt
722 815 148 54 libido
826 815 89 54 in
870 815 89 54 se
899 815 104 54 extim

229 856 158 52 guatur:
344 856 72 52 &
372 856 201 52 adulterium
530 856 86 52 in
573 856 144 52 seipso
674 856 158 52 euitet:
789 856 115 52 quis
860 856 129 52 dicet
932 856 72 52 eum

216 902 95 58 in
264 902 111 58 hoc
327 902 126 58 male
406 902 158 58 agere?
516 902 205 58 Apostolus
674 902 142 58 nihil
769 902 142 58 aliud
864 902 126 58 vult
927 902 63 58 pe

225 945 198 59 praedicta
377 945 153 59 verba.
484 945 168 59 Propter
606 945 259 59 fornicationem
820 945 137 59 autem
896 945 107 59 vnus-

223 989 146 64 quisque
329 989 106 64 suam
396 989 133 64 vxorem
489 989 146 64 habeat.
595 989 106 64 acsi
661 989 133 64 dicat.
754 989 133 64 vtatur
847 989 93 64 vir
887 989 120 64 propria

220 1031 138 62 vxore:
317 1031 110 62 quia
385 1031 96 62 hoc
440 1031 96 62 est
496 1031 83 62 ei
537 1031 151 62 licitum
647 1031 83 62 vt
688 1031 83 62 in
729 1031 83 62 se
771 1031 220 62 fornicatione
936 1031 55 62 eu

221 1071 115 65 tet.
293 1071 101 65 Non
350 1071 129 65 valet
436 1071 115 65 quod
508 1071 187 65 Paludanus
652 1071 144 65 dicit:
753 1071 187 65 conclusio
896 1071 101 65 est
939 1071 58 65 ve

219 1125 88 44 ra
263 1125 88 44 si
308 1125 103 44 non
367 1125 147 44 possit
470 1125 147 44 aliter
573 1125 162 44 vitare:
691 1125 118 44 puta
764 1125 162 44 domando
867 1125 133 44 carnem,

215 1165 112 59 vel
279 1165 192 59 fugiendo
423 1165 223 59 consortium
598 1165 207 59 alterius:
758 1165 112 59 vel
821 1165 112 59 non
869 1165 128 59 loquem

209 1212 96 60 do
257 1212 176 60 seorsum
385 1212 112 60 cum
449 1212 144 60 sola.
545 1212 112 60 hoc
609 1212 160 60 inquam
722 1212 112 60 non
786 1212 160 60 valet.
898 1212 80 60 &
914 1212 80 60 ra-

216 1252 106 54 tio
277 1252 122 54 est:
353 1252 122 54 quia
429 1252 152 54 habens
535 1252 122 54 duas
611 1252 122 54 vias
687 1252 243 54 rationabiles
869 1252 122 54 potes:

217 1306 200 52 alterutram
374 1306 114 52 quam
446 1306 114 52 vult
517 1306 143 52 libere
617 1306 72 52 &
646 1306 143 52 licite
746 1306 200 52 acceptare.
903 1306 86 52 vt
932 1306 57 52 di

225 1346 107 59 hac
286 1346 137 59 carne
377 1346 183 59 comedere
514 1346 107 59 vel
575 1346 137 59 illa,
666 1346 107 59 nec
727 1346 183 59 voluptas
864 1346 137 59 maior
940 1346 61 59 in

219 1391 106 57 vna
280 1391 91 57 re
325 1391 152 57 arguit
432 1391 198 57 peccatum,
584 1391 122 57 quod
660 1391 137 57 patet
751 1391 91 57 in
796 1391 167 57 potente
903 1391 91 57 come

225 1433 123 64 dere
301 1433 92 64 de
347 1433 184 64 anserulo
486 1433 77 64 /
516 1433 77 64 &
547 1433 200 64 porcello:
700 1433 107 64 qui
762 1433 138 64 tamen
854 1433 92 64 de
885 1433 107 64 porce

220 1478 92 48 lo
266 1478 168 48 comedit
388 1478 122 48 quia
464 1478 137 48 magis
555 1478 183 48 diligit:
693 1478 76 48 &
723 1478 92 48 ex
769 1478 229 48 consequenti
937 1478 61 48 ma

218 1522 144 51 iorem
314 1522 223 51 voluptatem
489 1522 96 51 ex
537 1522 128 51 illa
617 1522 223 51 comestione
793 1522 160 51 capit.
888 1522 112 51 Insu-

221 1565 109 57 per
284 1565 109 57 vir
346 1565 109 57 non
408 1565 171 57 tenetur
533 1565 202 57 retrahere
689 1565 156 57 vxorem
798 1565 125 57 suam
875 1565 93 57 ad
907 1565 93 57 viam

212 1617 113 49 non
276 1617 242 49 voluptuosam
470 1617 81 49 /
502 1617 194 49 faciendo
647 1617 113 49 eam
712 1617 194 49 ieiunare
857 1617 81 49 /
889 1617 81 49 &
905 1617 81 49 cor

225 1656 102 59 pus
284 1656 190 59 macerare:
430 1656 146 59 aliqua
532 1656 117 59 enim
605 1656 175 59 voluptas
737 1656 102 59 est
795 1656 161 59 licita:
912 1656 117 59 ergo

218 1699 110 50 nec
281 1699 189 50 seipsum.
423 1699 79 50 â‹
455 1699 158 50 Quinta
565 1699 221 50 conclusio.
739 1699 126 50 Quis
818 1699 158 50 potest
912 1699 79 50 vxc

222 1746 109 63 rem
285 1746 125 63 suam
363 1746 156 63 licite
472 1746 219 63 cognoscere
644 1746 156 63 gratia
753 1746 203 63 sanitatis
894 1746 109 63 haben

217 1788 106 59 dae
277 1788 106 59 tam
338 1788 91 59 in
383 1788 91 59 se
428 1788 121 59 quam
504 1788 91 59 in
549 1788 136 59 vxore
640 1788 121 59 sua.
715 1788 136 59 eodem
806 1788 121 59 modo
866 1788 121 59 gratia

220 1834 191 57 serenandae
370 1834 136 57 mentis
466 1834 109 57 suae
534 1834 96 57 vel
589 1834 150 57 vxoris.
698 1834 177 57 Probatur.
834 1834 150 57 sanitas
930 1834 68 57 est

219 1880 187 46 optanda,
360 1880 140 46 sicut
453 1880 125 46 mens
531 1880 125 46 sana
609 1880 94 46 in
656 1880 172 46 corpore
781 1880 140 46 sano.
874 1880 78 46 &
890 1880 109 46 medi-

227 1924 82 57 ci
268 1924 137 57 dicunt
364 1924 82 57 ei
405 1924 109 57 quod
473 1924 82 57 ea
514 1924 191 57 procuratur
664 1924 68 57 /
692 1924 109 57 suam
760 1924 137 57 vxorem
842 1924 150 57 cognoscen

221 1970 99 46 do:
277 1970 71 46 &
306 1970 113 46 ista
376 1970 99 46 est
433 1970 155 46 propria
546 1970 113 46 eius
616 1970 113 46 vxor
687 1970 71 46 /
715 1970 113 46 data
786 1970 85 46 ei
828 1970 85 46 in
857 1970 141 46 remedium

220 2014 166 46 igitur.
341 2014 106 46 Non
401 2014 136 46 valet
492 2014 121 46 quod
568 2014 151 46 aliqui
673 2014 166 46 dicunt:
794 2014 106 46 Non
855 2014 106 46 est
900 2014 91 46 idem

221 2056 86 53 de
264 2056 173 53 euitanda
393 2056 230 53 fornicatione
581 2056 86 53 in
624 2056 86 53 se
667 2056 101 53 vel
724 2056 144 53 vxore:
825 2056 72 53 &
854 2056 86 53 de
883 2056 115 53 sanita

214 2104 89 45 te
259 2104 179 45 corporis
393 2104 104 45 vel
453 2104 164 45 mentis.
572 2104 119 45 nam.
646 2104 119 45 vii.
721 2104 194 45 Ethicorum
855 2104 134 45 dicitur

217 2146 120 51 quod
292 2146 285 51 concupiscentiae
532 2146 210 51 venereorum
698 2146 90 51 in
743 2146 195 51 quibusdam
878 2146 120 51 insani

212 2191 85 59 as
254 2191 170 59 faciunt.
382 2191 71 59 &
410 2191 128 59 ratio
495 2191 113 59 est.
566 2191 142 59 quando
665 2191 99 59 non
722 2191 142 59 potest
821 2191 142 59 haberi
906 2191 85 59 pro-

222 2236 105 56 les
282 2236 105 56 per
342 2236 135 56 actum
433 2236 241 56 generationis
628 2236 120 56 quae
703 2236 105 56 est
763 2236 135 56 finis
839 2236 150 56 principa

214 2281 102 44 lis
273 2281 204 44 matrimonii
433 2281 73 44 /
462 2281 160 44 capitur
578 2281 160 44 aliquid
695 2281 87 44 de
739 2281 116 44 fine
811 2281 131 44 minus
884 2281 102 44 princ

208 2328 126 48 pali:
292 2328 168 48 scilicet
418 2328 84 48 de
460 2328 182 48 adulterio
600 2328 182 48 euitando:
739 2328 126 48 secus
823 2328 98 48 est
879 2328 84 48 de
907 2328 84 48 sani

218 2368 115 49 rate
289 2368 158 49 dicunt,
404 2368 115 49 quia
475 2368 158 49 propter
590 2368 100 49 eam
647 2368 100 49 non
705 2368 200 49 ordinatur.
862 2368 86 49 In
891 2368 100 49 lumi-

220 2413 92 60 ne
266 2413 184 60 naturali
404 2413 77 60 /
435 2413 184 60 opinione
573 2413 107 60 mea
634 2413 184 60 gentilis
772 2413 230 60 philosophus
941 2413 46 60 d

214 2455 125 51 ceret
297 2455 125 51 illud
380 2455 111 51 esse
449 2455 166 51 licitum,
574 2455 97 51 nec
629 2455 152 51 constat
740 2455 83 51 ex
781 2455 138 51 sacris
864 2455 125 51 literis

216 2498 210 64 bibliacis
378 2498 227 64 oppositum.
556 2498 146 64 Neque
653 2498 178 64 debemus
783 2498 146 64 legem
880 2498 113 64 dei
928 2498 65 64 ni

222 2550 108 42 mis
283 2550 170 42 arctare
407 2550 77 42 /
438 2550 139 42 sicut
531 2550 108 42 nec
592 2550 139 42 ipsam
685 2550 170 42 laxare:
809 2550 108 42 vbi
870 2550 93 42 de
901 2550 93 42 oppo

225 2583 127 54 sito
305 2583 191 54 docetur.
448 2583 127 54 modo
527 2583 238 54 matrimonium
718 2583 111 54 est
781 2583 143 54 datum
877 2583 127 54 viro
940 2583 48 54 &

221 2635 188 58 mulieri
357 2635 102 58 in
408 2635 222 58 remedium.
579 2635 102 58 Si
630 2635 136 58 ergo
715 2635 170 58 medici
818 2635 170 58 probabi-

226 2672 128 68 liter
311 2672 170 68 dicerent
438 2672 113 68 quod
509 2672 142 68 mulier
608 2672 142 68 aliqua
708 2672 170 68 insaniam
835 2672 142 68 mentis
920 2672 71 68 vel

222 2718 152 60 mortem
328 2718 213 60 incurreret
496 2718 122 60 nisi
572 2718 107 60 cum
633 2718 122 60 viro
710 2718 107 60 suo
771 2718 198 60 dormiret:
908 2718 76 60 non

1080 315 131 71 opinor
1172 315 118 71 illic
1250 315 118 71 vllum
1329 315 105 71 esse
1394 315 157 71 peccatum
1512 315 66 71 /
1539 315 79 71 si
1578 315 92 71 vir
1630 315 105 71 eius
1696 315 92 71 eam
1735 315 105 71 cogno:

1067 363 125 61 scat
1145 363 94 61 vt
1192 363 109 61 eam
1255 363 94 61 ab
1301 363 109 61 his
1364 363 234 61 praeseruet:
1551 363 78 61 &
1582 363 140 61 nullo
1675 363 125 61 modo
1738 363 109 61 causa

1065 408 191 66 euitandae
1212 408 249 66 fornicationis
1417 408 88 66 in
1462 408 88 66 se
1506 408 103 66 vel
1564 408 88 66 in
1608 408 103 66 ea:
1667 408 103 66 nec
1726 408 88 66 ad
1755 408 88 66 gene

1066 459 174 46 rationem
1196 459 159 46 prolis.
1312 459 72 46 â‹
1340 459 130 46 Sexta
1427 459 203 46 conclusio.
1587 459 174 46 voluptas
1702 459 145 46 incidens

1059 502 90 56 in
1104 502 150 56 copula
1209 502 165 56 carnali
1328 502 105 56 cum
1388 502 135 56 vxore
1478 502 75 56 /
1508 502 105 56 non
1568 502 150 56 reddit
1672 502 135 56 actum
1747 502 105 56 illi-

1068 552 155 46 citum.
1176 552 201 46 probatur.
1331 552 155 46 quando
1439 552 170 46 aliquis
1563 552 139 46 facit
1655 552 139 46 actum
1733 552 108 46 libe-

1073 593 97 48 rum
1129 593 153 48 licitum
1240 593 69 48 /
1268 593 153 48 propter
1379 593 181 48 passionem
1518 593 208 48 naturaliter
1670 593 167 48 inhaerente

1065 640 116 45 actui
1143 640 65 45 /
1168 640 116 45 actus
1246 640 116 45 prior
1323 640 90 45 non
1375 640 155 45 redditur
1491 640 181 45 illicitus:
1633 640 90 45 nec
1685 640 103 45 illa
1737 640 103 45 passio

1070 682 95 47 ei
1118 682 222 47 imputatur.
1292 682 190 47 exemplum
1434 682 127 47 cape
1514 682 95 47 de
1561 682 222 47 comestione
1735 682 127 47 cibi
1799 682 48 47 &

1067 726 208 54 bibitione
1227 726 160 54 potus.
1339 726 176 54 vterque
1467 726 128 54 enim
1547 726 176 54 istorum
1675 726 160 54 actuum
1771 726 80 54 est

1059 770 182 50 licitus:
1195 770 76 50 &
1226 770 182 50 voluptas
1362 770 91 50 in
1407 770 121 50 cibo
1483 770 76 50 &
1514 770 121 50 potu
1589 770 227 50 naturaliter
1756 770 91 50 inci

1063 811 120 50 dit
1132 811 103 50 ob
1183 811 292 50 coniunctionem
1424 811 189 50 obiecti
1561 811 275 50 conuenientis
1767 811 86 50 cum

1065 860 106 51 sua
1126 860 198 51 potentia:
1278 860 122 51 siue
1354 860 182 51 voluptas
1490 860 106 51 sit
1551 860 137 51 magna
1642 860 76 51 /
1673 860 122 51 siue
1734 860 106 51 parua

1067 902 122 48 non
1136 902 192 48 refert:
1276 902 244 48 potissimum
1468 902 175 48 quando
1590 902 140 48 homo
1677 902 122 48 non
1730 902 122 48 facit

1066 951 155 50 actum
1169 951 155 50 illum
1273 951 104 50 ob
1325 951 259 50 voluptatem.
1532 951 121 50 nam
1601 951 225 50 comedendo
1757 951 86 50 eum

1062 992 115 48 dem
1127 992 148 48 cibum
1226 992 165 48 habens
1342 992 165 48 gustum
1457 992 132 48 bene
1540 992 231 48 dispositum
1721 992 82 48 /
1738 992 115 48 maio-

1065 1034 111 62 rem
1129 1034 223 62 voluptatem
1304 1034 143 62 capit
1399 1034 127 62 quam
1478 1034 159 62 habens
1590 1034 175 62 palatum
1701 1034 143 62 indispo

1066 1081 144 58 situm.
1166 1081 101 58 sed
1224 1081 130 58 absit
1310 1081 115 58 quod
1382 1081 187 58 propterea
1526 1081 158 58 peccet.
1641 1081 72 58 â‹
1670 1081 158 58 Septima
1771 1081 72 58 con

1066 1122 163 50 clusio.
1185 1122 178 50 Quicquid
1318 1122 163 50 homines
1437 1122 148 50 dicant
1541 1122 193 50 difficile
1689 1122 104 50 est
1733 1122 104 50 proba

1065 1166 95 48 re
1113 1166 127 48 quod
1192 1166 127 48 homo
1272 1166 159 48 peccet
1383 1166 238 48 cognoscendo
1574 1166 159 48 vxorem
1685 1166 127 48 suam
1749 1166 95 48 cau-

1064 1212 96 49 sa
1112 1212 223 49 voluptatis
1287 1212 207 49 habendae.
1446 1212 159 49 semper
1558 1212 207 49 intelligo
1701 1212 143 49 dummodo

1060 1257 109 63 non
1122 1257 109 63 sit
1184 1257 93 63 in
1230 1257 186 63 iacturam
1370 1257 186 63 corporis
1509 1257 124 63 eius
1587 1257 109 63 vel
1649 1257 155 63 vxoris
1757 1257 78 63 /
1773 1257 78 63 vel

1062 1302 155 50 mentis
1170 1302 78 50 /
1201 1302 109 50 vel
1263 1302 93 50 in
1310 1302 186 50 iacturam
1449 1302 155 50 foetus
1558 1302 217 50 generandi.
1728 1302 93 50 Et
1759 1302 93 50 pro-

1075 1348 82 43 bo
1116 1348 110 43 quod
1185 1348 96 43 non
1240 1348 96 43 sit
1295 1348 178 43 peccatum.
1432 1348 82 43 Si
1473 1348 110 43 quis
1541 1348 151 43 comedat
1651 1348 110 43 plus
1720 1348 96 43 qui
1761 1348 82 43 sibi

1064 1391 174 61 sufficiat
1197 1391 67 61 /
1224 1391 94 61 non
1277 1391 200 61 transcendit
1438 1391 200 61 latitudinem
1598 1391 214 61 temperantiae
1772 1391 80 61 in
1799 1391 53 61 ci

1060 1435 91 48 bo
1105 1435 76 48 (
1136 1435 167 48 dummodo
1257 1435 136 48 cibus
1347 1435 106 48 non
1408 1435 106 48 sit
1469 1435 91 48 in
1514 1435 182 48 iacturam
1650 1435 182 48 corporis
1771 1435 76 48 vel

1050 1478 162 53 animae:
1168 1478 74 53 &
1198 1478 133 53 cibus
1286 1478 103 53 sit
1345 1478 221 53 prohibitus)
1522 1478 88 53 ob
1566 1478 133 53 solam
1654 1478 206 53 voluptatem
1802 1478 44 53 /

1062 1523 112 49 non
1126 1523 176 49 ponendo
1254 1523 144 49 illic
1349 1523 144 49 finem
1445 1523 255 49 principalem.
1653 1523 112 49 nam
1716 1523 96 49 si
1748 1523 96 49 quis

1071 1566 160 59 pyrum
1178 1566 124 59 vel
1249 1566 213 59 pulchrum
1408 1566 160 59 pomum
1515 1566 195 59 comedat
1657 1566 177 59 gratia
1763 1566 89 59 vo-

1058 1611 171 60 luptatis
1186 1611 71 60 /
1214 1611 100 60 non
1271 1611 156 60 peccat.
1385 1611 114 60 ergo
1456 1611 128 60 neque
1541 1611 213 60 cognoscendo
1698 1611 142 60 propriam

1065 1656 177 57 vxorem.
1194 1656 177 57 Dicendo
1322 1656 145 57 autem
1419 1656 209 57 oppositum
1580 1656 161 57 multos
1692 1656 113 57 (vt
1740 1656 97 57 opi-

1060 1704 124 45 nor)
1137 1704 216 45 coniugatos
1307 1704 93 45 de
1353 1704 170 45 peccato
1476 1704 170 45 argues.
1600 1704 201 45 Praeterea
1754 1704 93 45 in
1785 1704 62 45 lu

1066 1743 123 48 mine
1142 1743 184 48 naturali
1280 1743 107 48 hoc
1341 1743 107 48 non
1403 1743 169 48 videtur
1525 1743 199 48 dicendum:
1678 1743 107 48 nec
1724 1743 123 48 aucto-

1057 1790 141 46 ritate
1156 1790 198 46 scripturae
1311 1790 99 46 hoc
1368 1790 155 46 ostendi
1481 1790 155 46 potest:
1594 1790 113 46 ergo
1664 1790 127 46 licet
1735 1790 99 46 docto

1053 1834 106 48 res
1113 1834 136 48 etiam
1204 1834 151 48 sancti
1309 1834 151 48 dicant
1415 1834 226 48 contrarium:
1596 1834 106 48 non
1656 1834 166 48 habetur
1762 1834 75 48 in-

1061 1881 155 52 tentum.
1174 1881 85 52 Et
1216 1881 85 52 si
1259 1881 127 52 forte
1343 1881 184 52 suasiones
1485 1881 99 52 hae
1541 1881 113 52 tibi
1612 1881 212 52 sufficiant:
1767 1881 71 52 non

1056 1926 135 44 tamen
1146 1926 165 44 ponitur
1266 1926 120 44 haec
1341 1926 195 44 conclusio
1492 1926 165 44 tanquam
1612 1926 90 44 in
1657 1926 165 44 publico
1762 1926 75 44 pre

1051 1980 199 47 dicanda:
1201 1980 116 47 sed
1267 1980 100 47 vt
1317 1980 133 47 homo
1400 1980 266 47 confessiones
1616 1980 199 47 audiendo
1748 1980 100 47 pos-

1059 2014 111 47 sit
1123 2014 222 47 cognoscere
1297 2014 159 47 quando
1408 2014 111 47 sit
1472 2014 206 47 peccatum.
1631 2014 191 47 Theologi
1758 2014 79 47 nam

1050 2055 122 64 quod
1126 2055 183 64 interest
1263 2055 137 64 multa
1354 2055 213 64 cognoscere
1521 2055 122 64 quae
1598 2055 91 64 in
1643 2055 167 64 publico
1750 2055 91 64 ser-

1055 2103 130 64 mone
1136 2103 179 64 dicenda
1266 2103 114 64 non
1331 2103 146 64 sunt.
1429 2103 130 64 sola
1510 2103 146 64 autem
1591 2103 244 64 aedificatoria

1051 2143 136 73 sunt
1119 2143 237 73 praedicanda.

1051 2216 104 87 â‹
1093 2216 208 87 Contra
1238 2216 208 87 primam
1384 2216 333 87 conclusionem
1633 2216 208 87 arguitur

1061 2286 113 59 sic.
1132 2286 170 59 secundum
1259 2286 226 59 indulgentiam
1443 2286 198 59 admittitur
1598 2286 226 59 matrimonium.
1768 2286 71 59 pri

1054 2340 95 44 mae
1109 2340 82 44 ad
1150 2340 164 44 Corinth.
1272 2340 109 44 vii.
1341 2340 109 44 ergo
1409 2340 123 44 actus
1490 2340 109 44 eius
1559 2340 95 44 non
1613 2340 136 44 potest
1695 2340 136 44 exerceri

1050 2375 120 52 sine
1125 2375 180 52 peccato.
1260 2375 240 52 Respondetur.
1454 2375 225 52 indulgentia
1634 2375 105 52 est
1694 2375 135 52 illic
1769 2375 60 52 de

1048 2421 166 57 minore
1165 2421 133 57 bono
1247 2421 83 57 &
1281 2421 116 57 non
1347 2421 100 57 de
1397 2421 149 57 malo.
1496 2421 83 57 â‹
1529 2421 182 57 Secundo
1646 2421 182 57 arguitur.

1062 2468 205 46 erubescunt
1223 2468 175 46 coniuges
1355 2468 88 46 de
1398 2468 146 46 copula
1501 2468 175 46 carnali:
1632 2468 117 46 ergo
1705 2468 102 46 est
1749 2468 73 46 tui

1065 2512 123 51 bis.
1142 2512 246 51 Respondetur.
1342 2512 108 51 est
1403 2512 154 51 turpis
1511 2512 231 51 turpitudine
1696 2512 154 51 poenae
1788 2512 46 51 &

1043 2559 112 57 non
1107 2559 176 57 culpae.
1235 2559 112 57 nam
1299 2559 96 57 si
1347 2559 128 57 Adam
1427 2559 112 57 non
1492 2559 224 57 peccasset:
1668 2559 112 57 non
1716 2559 112 57 magis

1054 2598 204 50 erubuissent
1218 2598 150 50 homines
1327 2598 82 50 in
1368 2598 95 50 hac
1422 2598 204 50 commixtione
1586 2598 109 50 quam
1654 2598 82 50 in
1695 2598 123 50 tactu
1763 2598 68 50 di-

1053 2646 122 52 giti
1129 2646 91 52 ad
1175 2646 183 52 digitum.
1312 2646 198 52 propterea
1464 2646 122 52 ante
1540 2646 183 52 peccatum
1678 2646 137 52 licet
1754 2646 76 52 men

1057 2690 105 51 bra
1117 2690 180 51 genitiua
1252 2690 90 51 in
1297 2690 150 51 primis
1402 2690 210 51 parentibus
1568 2690 150 51 essent
1673 2690 135 51 nuda:
1748 2690 75 51 non

1051 2741 255 56 erubuerunt:
1255 2741 136 56 bene
1340 2741 153 56 autem
1442 2741 136 56 post
1526 2741 221 56 peccatum:
1696 2741 119 56 cum
1747 2741 85 56 ce
