2364 3327
473 317 162 59 Europae:
594 317 94 59 vbi
648 317 81 59 in
688 317 148 59 domibus
796 317 94 59 non
850 317 229 59 concluduntur.
1039 317 94 59 Cum
1093 317 135 59 igitur
1174 317 81 59 haec

482 368 212 53 incommoda
645 368 245 53 contingant:
841 368 163 53 contra
955 368 229 53 vtilitatem
1118 368 131 53 publi-

480 412 125 50 cam
552 412 197 50 humanam
695 412 125 50 est
766 412 179 50 plures
891 412 179 50 habere
1017 412 197 50 vxores.
1142 412 107 50 Lege

493 460 135 47 iutem
583 460 150 47 ciuili
688 460 105 47 eum
747 460 105 47 qui
807 460 135 47 binas
897 460 165 47 habebat
1017 460 150 47 vxores
1106 460 135 47 concomi

482 501 152 47 tabatur
593 501 166 47 infamia.
718 501 83 47 C.
759 501 97 47 ad.
815 501 83 47 l.
856 501 111 47 Iul.
925 501 83 47 de
967 501 125 47 adul.
1050 501 83 47 l.
1092 501 97 47 Eum
1147 501 97 47 qui
1189 501 55 47 bi

486 541 115 57 nas.
558 541 87 57 Et
601 541 173 57 Genesis.
731 541 130 57 iiii.
817 541 87 57 de
861 541 144 57 Lamech
962 541 202 57 scribitur.
1120 541 101 57 Qui
1163 541 87 57 acce

486 590 106 52 pit
546 590 121 52 duas
622 590 167 52 vxores,
743 590 121 52 quod
819 590 106 52 non
880 590 121 52 sine
955 590 121 52 sale
1031 590 182 52 adiectum
1152 590 91 52 est.

482 634 113 44 vbi
546 634 161 44 glossa
659 634 290 44 interlinearis.
901 634 161 44 Primus
1014 634 161 44 contra
1111 634 145 44 naturam

486 675 79 54 &
518 675 143 54 morem
613 675 79 54 /
645 675 222 54 adulterium
819 675 238 54 committens.
1009 675 127 54 Adde
1088 675 127 54 quod
1152 675 95 54 vxo-

483 725 114 48 rum
548 725 212 48 multitudo
711 725 114 48 non
776 725 147 48 facit
874 725 212 48 amicitiam
1036 725 98 48 in
1069 725 179 48 republica

485 763 129 52 inter
571 763 173 52 affines,
700 763 101 52 non
758 763 129 52 inter
844 763 158 52 socerum
959 763 72 52 &
988 763 173 52 generum.
1118 763 101 52 nam
1161 763 86 52 lic-

482 806 180 48 Bocchus
612 806 213 48 lugurthae
776 806 163 48 filiam
890 806 180 48 haberet
1021 806 180 48 vxorem:
1136 806 114 48 lugur

476 849 125 53 tham
554 849 156 53 Syllae
664 849 125 53 dolo
742 849 203 53 tradidit.
898 849 109 53 Dat
960 849 156 53 causam
1054 849 187 53 Sallustius

471 897 95 49 in
519 897 191 49 lugurtha
662 897 143 49 quare
757 897 159 49 mulier
869 897 95 49 in
916 897 175 49 Aphrica
1043 897 111 49 non
1091 897 159 49 annectit

490 940 120 54 duas
565 940 134 54 domos
654 940 90 54 in
699 940 194 54 charitate
849 940 75 54 /
879 940 149 54 dicens
983 940 90 54 id
1028 940 120 54 esse
1088 940 164 54 propterea

487 991 122 48 quod
563 991 167 48 Numidae
684 991 76 48 &
715 991 198 48 Mauritani
867 991 106 48 tot
928 991 152 48 habent
1034 991 152 48 vxores
1141 991 76 48 /
1156 991 91 48 quot

486 1029 136 51 alere
576 1029 166 51 queunt.
697 1029 76 51 â‹
728 1029 151 51 Tertia
833 1029 211 51 conclusio.
999 1029 136 51 Nullo
1090 1029 121 51 modo
1150 1029 106 51 licet

487 1070 92 54 in
533 1070 122 54 lege
609 1070 168 54 gratiae
731 1070 153 54 plures
838 1070 153 54 tenere
945 1070 168 54 vxores.
1067 1070 183 54 Probatur
1189 1070 61 54 ex

488 1118 140 51 verbo
582 1118 172 51 Curisti
707 1118 203 51 Matthaei.
863 1118 125 51 xix.
941 1118 203 51 Quicumque
1081 1118 172 51 dimiserit

484 1153 151 60 vxorem
589 1153 121 60 suam
665 1153 121 60 nisi
740 1153 90 60 ob
786 1153 271 60 fornicationem:
1012 1153 75 60 &
1042 1153 136 60 aliam
1117 1153 136 60 duxerit

479 1201 219 56 moechatur.
652 1201 94 56 Si
699 1201 125 56 enim
777 1201 172 56 dimissa
902 1201 141 56 vxore
996 1201 110 56 non
1059 1201 141 56 licet
1137 1201 110 56 aliam

479 1247 171 58 ducere:
604 1247 140 58 multo
697 1247 140 58 magis
790 1247 109 58 nec
852 1247 124 58 ipsa
930 1247 186 58 retenta.
1070 1247 171 58 Secundo
1178 1247 78 58 pro

477 1290 125 57 batur
561 1290 125 57 idem:
644 1290 97 57 per
700 1290 167 57 rationes
825 1290 195 57 Innocentii
978 1290 139 57 tertii
1075 1290 97 57 in.
1131 1290 83 57 c.
1173 1290 111 57 Gau-

477 1335 163 54 demus.
591 1335 98 54 de
640 1335 163 54 diuor.
754 1335 98 54 S.
803 1335 131 54 Quia
885 1335 131 54 vero
966 1335 180 54 pagani.
1081 1335 163 54 Christus

472 1380 186 45 siquidem,
615 1380 157 45 reduxit
729 1380 214 45 matrimonium
900 1380 86 45 ad
943 1380 186 45 primariam
1072 1380 171 45 institutio

486 1421 104 57 nem
546 1421 149 57 quando
650 1421 149 57 dixit.
754 1421 89 57 Ab
798 1421 149 57 initio
902 1421 134 57 autem
991 1421 104 57 non
1051 1421 119 57 fuit
1125 1421 119 57 sic.
1185 1421 59 57 Sa

483 1467 122 59 Adae
559 1467 152 59 dictum
665 1467 122 59 est.
742 1467 137 59 Erunt
833 1467 107 59 duo
894 1467 91 59 in
940 1467 137 59 carne
1031 1467 122 59 vna:
1107 1467 107 59 non
1153 1467 91 59 tres

482 1506 108 61 vel
543 1506 186 61 quatuor.
683 1506 77 61 &
714 1506 217 61 Adhaerebit
884 1506 108 61 vir
946 1506 139 61 vxori
1038 1506 139 61 suae:
1131 1506 108 61 non
1178 1506 77 61 vxo

490 1561 127 51 ribus
575 1561 127 51 suis.
659 1561 127 51 Nulli
744 1561 113 51 enim
815 1561 141 51 vnquam
914 1561 141 51 licuit
1013 1561 127 51 simul
1098 1561 141 51 plures
1182 1561 71 51 vxo

490 1613 97 48 res
545 1613 152 48 habere:
656 1613 110 48 nisi
725 1613 97 48 cui
780 1613 110 48 fuit
849 1613 138 48 diuina
946 1613 207 48 reuelatione
1097 1613 166 48 concessum.

475 1653 103 93 â‹
517 1653 205 93 Contra
660 1653 205 93 primam
804 1653 329 93 conclusionem
1051 1653 205 93 arguitur

487 1732 162 56 Nunquam
605 1732 147 56 licuit
708 1732 103 56 vni
767 1732 162 56 mulieri
885 1732 147 56 habere
989 1732 147 56 plures
1092 1732 147 56 viros:
1180 1732 74 56 er-

487 1773 92 65 go
533 1773 107 65 nec
594 1773 107 65 vni
655 1773 123 65 viro
732 1773 153 65 plures
839 1773 153 65 habere
946 1773 169 65 vxores.
1069 1773 153 65 Dicis.
1161 1773 92 65 con-

486 1819 156 55 sequentia
606 1819 84 55 est
654 1819 120 55 nulla.
737 1819 84 55 nam
785 1819 84 55 vir
833 1819 96 55 vnus
893 1819 72 55 in
929 1819 108 55 pauco
1001 1819 132 55 tempore
1096 1819 120 55 potest
1168 1819 72 55 plu-

477 1873 104 49 res
536 1873 207 49 impregnare
699 1873 192 49 mulieres:
847 1873 104 49 sed
907 1873 148 49 plures
1010 1873 118 49 viri
1084 1873 104 49 non
1129 1873 118 49 ipsgna

475 1911 113 45 rent
546 1911 127 45 vnam.
630 1911 156 45 Contra.
744 1911 184 45 contingit
885 1911 113 45 vnum
956 1911 127 45 virum
1041 1911 113 45 esse
1097 1911 156 45 frigidum.

490 1952 87 56 Si
534 1952 131 56 dicas
621 1952 116 56 tunc
694 1952 131 56 posse
781 1952 116 56 esse
854 1952 204 56 diuortium:
1014 1952 160 56 oppono.
1131 1952 102 56 pot
1174 1952 73 56 co-

487 1999 185 55 gnoscere
625 1999 200 55 mulierem:
779 1999 108 55 sed
841 1999 123 55 erit
917 1999 169 55 ineptus
1041 1999 92 55 ad
1071 1999 185 55 generandum

482 2041 80 50 â‹
514 2041 255 50 Respondetur.
721 2041 143 50 inter
816 2041 207 50 arguendum
975 2041 207 50 discrimen
1119 2041 127 50 tactum

482 2085 105 57 est.
547 2085 131 57 fateor
639 2085 118 57 tamen
717 2085 105 57 quod
783 2085 105 57 deus
848 2085 144 57 poterat
952 2085 91 57 cum
1005 2085 144 57 vtroque
1096 2085 157 57 dispensare

480 2125 117 62 quod
554 2125 132 62 sicut
642 2125 103 62 vir
701 2125 147 62 potuit
803 2125 147 62 plures
906 2125 147 62 vxores
1009 2125 162 62 habere:
1127 2125 103 62 ita
1171 2125 73 62 vna

489 2175 159 56 mulier
600 2175 223 56 dispesante
776 2175 111 56 deo
839 2175 191 56 potuerit
982 2175 159 56 plures
1094 2175 159 56 habere
1189 2175 64 56 vi

475 2224 112 49 ros.
545 2224 98 49 sed
601 2224 112 49 vnum
671 2224 98 49 est
728 2224 126 49 magis
812 2224 154 49 cogruum
924 2224 98 49 qui
980 2224 140 49 aliud.
1079 2224 98 49 nam
1135 2224 84 49 be
1163 2224 84 49 plu-

482 2263 95 60 res
537 2263 136 60 vxores
632 2263 204 60 concitarent
795 2263 122 60 lites
876 2263 68 60 &
903 2263 122 60 rixas
985 2263 149 60 mutuas,
1093 2263 68 60 &
1107 2263 149 60 sequaeren

485 2303 93 61 tur
538 2303 106 61 mala
604 2303 79 61 in
644 2303 185 61 probatione
789 2303 159 61 secundae
908 2303 212 61 conclusionis
1080 2303 146 61 allata:
1173 2303 79 61 plu-

475 2352 85 45 ra
517 2352 128 45 tamen
603 2352 214 45 sequerentur
774 2352 199 45 abominanda
930 2352 128 45 inter
1016 2352 142 45 viros:
1116 2352 100 45 qui
1173 2352 85 45 se
1201 2352 57 45 mu

484 2394 99 45 tuo
541 2394 128 45 ferro
626 2394 227 45 confoderent:
810 2394 99 45 vbi
866 2394 170 45 mulieres
994 2394 128 45 solum
1079 2394 184 45 litigant:
1206 2394 43 45 &

484 2440 87 59 ex
527 2440 247 59 instabilitate
730 2440 87 59 ad
774 2440 131 59 pacem
861 2440 174 59 redeunt,
991 2440 102 59 non
1049 2440 102 59 sic
1107 2440 102 59 aut
1151 2440 102 59 viri.

486 2480 75 59 â‹
516 2480 165 59 Secundo
636 2480 195 59 arguitur.
786 2480 120 59 quin
861 2480 165 59 Abraham
982 2480 195 59 contraxit
1132 2480 105 59 cum
1177 2480 75 59 Sa-

485 2526 94 58 ra
532 2526 78 58 /
564 2526 125 58 ipsa
642 2526 172 58 habebat
767 2526 188 58 dominium
908 2526 188 58 corporis
1049 2526 156 58 ipsius
1142 2526 110 58 Abra-

491 2571 139 62 hae.
577 2571 139 62 ergo
664 2571 191 62 Abraham
803 2571 121 62 non
872 2571 191 62 poterat
1010 2571 139 62 dare
1080 2571 173 62 dominium

478 2617 94 57 sui
531 2617 161 57 corporis
652 2617 147 57 alteri:
759 2617 94 57 cum
812 2617 94 57 iam
866 2617 121 57 datum
946 2617 121 57 esset
1027 2617 134 57 Sarae.
1120 2617 80 57 In
1147 2617 94 57 super

492 2663 187 55 poterant
632 2663 140 55 ambae
726 2663 140 55 simul
819 2663 171 55 debitum
943 2663 202 55 coniugale
1099 2663 171 55 petere:
1207 2663 47 55 &

489 2694 102 79 non
548 2694 161 79 poterat
665 2694 161 79 vtrique
782 2694 131 79 simul
869 2694 234 79 satisfacere:
1059 2694 117 79 ergo
1118 2694 131 79 naeutri

1315 314 154 76 contra
1422 314 138 76 dicta
1514 314 92 76 in
1560 314 292 76 distinctionibus
1806 314 200 76 immediate
1944 314 169 76 praeceden

1307 372 162 51 tibus,
1420 372 113 51 nec
1485 372 113 51 est
1550 372 146 51 maior
1647 372 146 51 ratio
1744 372 146 51 quare
1842 372 178 51 debitum
1955 372 146 51 exolue-

1314 423 102 51 ret
1373 423 102 51 vni
1431 423 146 51 potius
1533 423 117 51 quam
1606 423 161 51 alteri.
1723 423 161 51 igitur.
1840 423 73 51 â‹
1869 423 219 51 Respondetur
2045 423 88 51 ad

1322 458 158 56 primum
1433 458 126 56 quod
1512 458 205 56 Abrahamus
1670 458 237 56 cosentiente
1859 458 126 56 Sara
1938 458 142 56 dedit
2033 458 95 56 do

1314 506 163 57 minium
1428 506 196 57 partiale
1574 506 114 57 sui
1640 506 196 57 corporis
1786 506 130 57 ipsi
1868 506 147 57 Agar.
1949 506 147 57 Genesis

1321 552 120 45 xvi.
1396 552 90 45 &.
1441 552 150 45 xxxii.
1546 552 120 45 qui.
1621 552 135 45 iiii.
1711 552 135 45 Dixit
1801 552 120 45 Sara
1876 552 90 45 ad
1921 552 180 45 Abraham.
2041 552 60 45 Ec

1315 593 85 49 ce
1357 593 184 49 conclusit
1499 593 85 49 me
1542 593 156 49 dominus
1655 593 85 49 ne
1698 593 170 49 parerem:
1825 593 184 49 ingredere
1967 593 85 49 ad
1996 593 99 49 ancil

1322 635 91 60 lam
1374 635 117 60 meam:
1452 635 78 60 si
1491 635 117 60 forte
1569 635 130 60 saltem
1660 635 78 60 ex
1699 635 104 60 illa
1763 635 169 60 suscipiam
1893 635 143 60 filios.
1984 635 117 60 Simiter

1317 677 139 65 forte
1409 677 155 65 Rachel
1518 677 201 65 consensit
1672 677 124 65 quod
1749 677 139 65 Iacob
1842 677 170 65 duceret
1966 677 124 65 Liam
2028 677 77 65 pro

1309 733 138 53 pter
1395 733 293 53 consuetudinem
1636 733 276 53 Mesopotamiae
1861 733 103 53 ne
1912 733 155 53 minor
1999 733 103 53 natu

1313 771 188 55 nuberet
1450 771 137 55 ante
1535 771 188 55 maiorem
1672 771 137 55 natu
1757 771 188 55 accepit
1894 771 154 55 autem
1979 771 120 55 Balam

1311 815 89 46 &
1347 815 196 46 Selpham
1489 815 107 46 ex
1543 815 214 46 consensu
1703 815 143 46 Liae
1792 815 89 46 &
1828 815 232 46 Rachelis.
1988 815 107 46 Gene

1307 858 141 50 seos.
1401 858 125 50 xxx.
1479 858 78 50 &
1511 858 109 50 sic
1573 858 219 50 introducta
1745 858 109 50 est
1808 858 219 50 consuetudo
1980 858 94 50 ex
2011 858 78 50 com

1314 900 133 58 sensu
1403 900 177 58 expresso
1535 900 103 58 vel
1594 900 147 58 tacito
1697 900 162 58 prioris
1815 900 147 58 vxoris
1918 900 74 58 /
1933 900 162 58 accipiens

1322 944 83 47 di
1364 944 152 47 secunda
1474 944 152 47 vxorem.
1584 944 110 47 modo
1653 944 152 47 scienti
1764 944 69 47 &
1791 944 152 47 volenti
1902 944 97 47 non
1957 944 97 47 fit
1998 944 97 47 iniu-

1307 992 101 48 tia.
1370 992 76 48 v.
1408 992 176 48 Ethicorum.
1547 992 101 48 Deus
1610 992 113 48 tamen
1686 992 139 48 poterat
1786 992 101 48 dare
1849 992 176 48 facultatem
1988 992 101 48 viro
2039 992 50 48 du

1317 1032 135 64 cendi
1407 1032 194 64 secundam,
1556 1032 150 64 priore
1661 1032 224 64 repugnante.
1841 1032 165 64 vtraque
1960 1032 120 64 ergo
2020 1032 75 64 vxo

1310 1075 110 55 rum
1373 1075 173 55 habebat
1499 1075 189 55 dominium
1641 1075 189 55 corporis
1782 1075 173 55 mariti.
1908 1075 94 55 Ad
1940 1075 157 55 secundum

1306 1126 218 56 prudentes
1474 1126 151 56 erant
1575 1126 185 56 mariti:
1709 1126 84 56 &
1743 1126 201 56 vxoribus
1877 1126 218 56 determinata

1312 1165 158 57 tempora
1426 1165 229 57 assignabant,
1613 1165 115 57 quod
1684 1165 129 57 patet
1770 1165 172 57 Genesis.
1899 1165 115 57 xxx.
1971 1165 100 57 vbi
2014 1165 57 57 pr

1309 1213 251 46 mandragoris
1510 1213 134 46 quas
1593 1213 201 46 repperit
1744 1213 150 46 Ruben
1844 1213 184 46 tempore
1961 1213 134 46 messis

1319 1254 153 58 Rachel
1426 1254 199 58 concessit
1579 1254 123 58 Liae
1656 1254 123 58 quod
1732 1254 107 58 vir
1794 1254 107 58 cum
1855 1254 92 58 ea
1901 1254 184 58 dormiret
2023 1254 77 58 vna

1317 1297 136 57 nocte.
1413 1297 82 57 ex
1453 1297 109 57 quae
1522 1297 150 57 genitus
1630 1297 95 57 est
1685 1297 163 57 Isachar.
1807 1297 95 57 nam
1862 1297 122 57 bonae
1943 1297 122 57 illae
2025 1297 95 57 ma-

1323 1345 131 57 ronae
1411 1345 204 57 generatioi
1571 1345 146 57 operam
1673 1345 146 57 dabant
1775 1345 175 57 libidine
1906 1345 189 57 neglecta.
2037 1345 58 57 Ex

1311 1388 103 54 quo
1370 1388 132 54 satis
1458 1388 220 54 convincitur
1635 1388 118 54 quod
1708 1388 147 54 noctes
1811 1388 176 54 habebant
1928 1388 162 54 determina

1321 1438 104 54 tas
1381 1438 104 54 pro
1440 1438 193 54 concubitu
1588 1438 193 54 maritali.
1737 1438 74 54 â‹
1766 1438 148 54 Tertio
1870 1438 193 54 arguitur.
2004 1438 89 54 Agar

1309 1469 132 64 fuit
1391 1469 181 64 ancilla
1522 1469 164 64 Sarae:
1637 1469 132 64 ergo
1720 1469 115 64 non
1786 1469 132 64 fuit
1868 1469 132 64 vxor
1934 1469 164 64 Abrahae.

1315 1518 108 55 Sic
1376 1518 123 55 Bala
1453 1518 77 55 &
1484 1518 169 55 Aelpha.
1606 1518 77 55 &
1637 1518 184 55 interdum
1775 1518 184 55 vocantur
1898 1518 200 55 concubinae.

1319 1567 99 56 nam
1375 1567 169 56 Salomodo
1502 1567 155 56 legitur
1615 1567 141 56 tertii
1713 1567 141 56 Regum.
1812 1567 99 56 xi.
1868 1567 169 56 habuisse
1981 1567 127 56 septin-

1321 1613 154 48 gentas
1428 1613 154 48 vxores
1536 1613 138 48 quasi
1628 1613 184 48 reginas,
1766 1613 77 48 &
1797 1613 200 48 trecentas
1935 1613 154 48 concubi-

1318 1656 110 49 nas.
1387 1656 69 49 â‹
1415 1656 220 49 Respondetur.
1593 1656 138 49 vxores
1690 1656 124 49 minus
1772 1656 220 49 principales,
1951 1656 110 49 quae
2006 1656 96 49 forte

1312 1700 144 51 vxorum
1412 1700 244 51 praecedentium
1613 1700 129 51 erant
1699 1700 129 51 verae
1785 1700 187 51 ancillae,
1929 1700 144 51 postea
2015 1700 86 51 fie-

1312 1736 121 61 bant
1387 1736 136 61 verae
1478 1736 166 61 vxores:
1598 1736 106 61 sed
1659 1736 211 61 manebantin
1825 1736 181 61 seruitio
1960 1736 136 61 sicut
2036 1736 60 61 an

1311 1783 125 57 tea,
1390 1783 235 57 quemadmodum
1578 1783 94 57 si
1625 1783 125 57 nunc
1703 1783 157 57 potens
1813 1783 141 57 senex
1907 1783 172 57 duceret
2017 1783 78 57 vxo

1325 1830 86 52 is
1368 1830 115 52 suae
1440 1830 173 52 ancillam
1569 1830 115 52 post
1641 1830 144 52 mortem
1742 1830 144 52 vxoris
1843 1830 187 52 propriae:
1987 1830 115 52 quia
2044 1830 58 52 ca

1319 1871 153 66 stitatem
1434 1871 64 66 &
1459 1871 178 66 probitatem
1599 1871 153 66 ancillae
1714 1871 89 66 iam
1765 1871 127 66 nouit,
1854 1871 140 66 quomodo
1955 1871 165 66 prudentes
2070 1871 38 66 &

1313 1920 164 47 magnos
1427 1920 147 47 viros
1526 1920 147 47 senes
1624 1920 98 47 in
1673 1920 164 47 patria
1788 1920 115 47 mea
1853 1920 246 47 factitantes
2033 1920 66 47 no

1314 1966 106 43 ui.
1375 1966 91 43 Et
1420 1966 228 43 pauperiores
1603 1966 182 43 mulieres
1739 1966 213 43 dicebantur
1891 1966 198 43 concubinae:

1315 2004 109 56 quae
1384 2004 123 56 tamen
1466 2004 123 56 verae
1548 2004 123 56 erant
1630 2004 137 56 vxores
1726 2004 123 56 sicut
1808 2004 164 56 diuites.
1931 2004 123 56 Patet
1999 2004 96 56 istud

1319 2047 200 62 iudicum.
1469 2047 133 62 xix.
1552 2047 83 62 &
1586 2047 183 62 secundi
1719 2047 167 62 Regum.
1836 2047 133 62 xvi.
1919 2047 117 62 vbi
1969 2047 133 62 Achito

1321 2093 132 54 phel
1404 2093 215 54 consuluit
1569 2093 198 54 Absaloni
1718 2093 99 54 vt
1768 2093 264 54 ingrederetur
1982 2093 99 54 ad
2015 2093 83 54 con

1324 2139 169 55 cubinas
1446 2139 169 55 Dauidis
1569 2139 169 55 patris:
1691 2139 123 55 quae
1768 2139 138 55 erant
1860 2139 138 55 verae
1952 2139 153 55 vxores
2044 2139 61 55 Da

1314 2182 150 53 uidis.
1419 2182 105 53 Sed
1479 2182 135 53 licet
1569 2182 255 53 Deuteronomii.
1780 2182 135 53 xvii.
1870 2182 210 53 prohibitum
2020 2182 75 53 fue

1312 2227 97 56 rit
1368 2227 111 56 regi
1437 2227 139 56 habere
1534 2227 181 56 plurimas:
1673 2227 97 56 non
1729 2227 125 56 tamen
1812 2227 153 56 plures.
1923 2227 125 56 quare
2007 2227 83 56 in
2035 2227 69 56 hoc

1322 2270 173 62 Salomodo
1451 2270 187 62 peccauit:
1595 2270 72 62 &
1624 2270 86 62 in
1667 2270 115 62 deum
1739 2270 245 62 ingratissimus
1941 2270 130 62 erat,
2013 2270 86 62 quam

1316 2313 109 55 sibi
1385 2313 191 55 sapientiam
1534 2313 136 55 tantam
1630 2313 164 55 dederat:
1753 2313 68 55 &
1780 2313 123 55 latum
1862 2313 164 55 imperium
1984 2313 95 55 cum
2025 2313 82 55 quie

1312 2359 99 59 te.
1369 2359 113 59 Quia
1439 2359 128 59 autem
1525 2359 128 59 mille
1610 2359 99 59 sic
1666 2359 170 59 haberet,
1794 2359 156 59 poterat
1907 2359 113 59 esse
1978 2359 128 59 sicut
2049 2359 57 59 de

1316 2404 158 52 Assuero
1430 2404 158 52 gentili
1545 2404 201 52 scribitur:
1703 2404 115 52 quod
1774 2404 129 52 nulla
1860 2404 158 52 veniret
1975 2404 86 52 ad
2004 2404 100 52 regem

1307 2444 127 59 nisi
1387 2444 175 59 vocata.
1514 2444 111 59 nam
1577 2444 159 59 multae
1688 2444 143 59 earum
1784 2444 206 59 ratissime
1926 2444 191 59 vocabantur

1308 2492 131 56 forte
1396 2492 102 56 non
1454 2492 160 56 amplius
1570 2492 146 56 semel.
1672 2492 73 56 â‹
1701 2492 146 56 Quarto
1803 2492 189 56 arguitur.
1949 2492 102 56 vel
1993 2492 116 56 licuit

1310 2532 172 55 habere
1430 2532 172 55 plures
1551 2532 172 55 vxores
1672 2532 103 55 ob
1724 2532 190 55 hominum
1861 2532 241 55 paucitatem
2051 2532 103 55 in

1314 2579 132 54 cultu
1402 2579 117 54 dei:
1476 2579 73 54 &
1505 2579 103 54 hoc
1564 2579 117 54 non,
1637 2579 88 54 vt
1681 2579 132 54 patet
1769 2579 117 54 ante
1843 2579 191 54 diluuium.
1990 2579 103 54 nam
2034 2579 73 54 La-

1313 2628 140 49 mech,
1407 2628 93 49 vt
1454 2628 171 49 dicitur
1578 2628 140 49 Gene.
1672 2628 140 49 iiii.
1765 2628 140 49 magno
1859 2628 203 49 opprobrio
1999 2628 109 49 habe-

1317 2667 120 57 batur
1397 2667 107 57 quod
1463 2667 120 57 binas
1543 2667 133 57 habuit
1637 2667 147 57 vxores.
1744 2667 93 57 vel
1797 2667 147 57 propter
1904 2667 147 57 aliquid
1997 2667 120 57 aliquod

1311 2720 78 68 â‹
1343 2720 251 68 Respondetur.
1546 2720 125 68 sola
1625 2720 188 68 paucitas
1766 2720 172 68 hominum
1891 2720 110 68 non
1954 2720 125 68 erat
2016 2720 110 68 causa
