2332 3320
260 312 109 72 hoc
323 312 109 72 est
385 312 219 72 auctoritas
557 312 156 72 Moysi.
667 312 109 72 Ait
729 312 156 72 illis.
839 312 172 72 Quoniam
948 312 78 72 Moy

258 374 105 54 ses
318 374 90 54 ad
363 374 180 54 duritiam
498 374 150 54 cordis
603 374 150 54 vestri
708 374 180 54 permisit
843 374 135 54 vobis
918 374 105 54 dimi-

260 418 115 45 tere
331 418 143 45 vxores
432 418 172 45 vestras.
561 418 86 45 ab
604 418 143 45 initio
704 418 129 45 autem
790 418 158 45 nonfuit
904 418 115 45 sic.
962 418 57 45 vb

263 460 157 52 glossa
373 460 267 52 interlinearis
593 460 220 52 superverbo
766 460 189 52 (Moyses)
908 460 110 52 non
955 460 63 52 di

252 507 104 53 us.
312 507 89 53 ac
356 507 89 53 si
401 507 179 53 diceret.
535 507 194 53 separatio
684 507 209 53 matrimonii
848 507 119 53 erat
908 507 119 53 contra

251 550 220 58 voluntatem
424 550 126 58 dei:
503 550 110 58 sed
565 550 94 58 ad
613 550 141 58 maius
707 550 141 58 malum
801 550 204 58 euitandum
942 550 79 58 per

257 595 248 54 mittebatur.
456 595 149 54 Etiam
555 595 99 54 ex
605 595 165 54 verbis
720 595 182 54 Christi
853 595 116 54 hoc
902 595 116 54 videi

257 635 156 58 haberi.
370 635 85 58 Et
413 635 99 58 ita
469 635 184 58 discipuli
611 635 156 58 Curisti
724 635 255 58 intellexerunt:
923 635 99 58 sicut

246 685 217 57 Pharisaei,
416 685 201 57 dicentes.
570 685 93 57 Si
617 685 108 57 ita
679 685 108 57 est
741 685 139 57 causa
833 685 170 57 hominis
942 685 77 57 cum

243 726 153 47 vxore:
350 726 107 47 non
411 726 168 47 expedit
533 726 168 47 nubere.
655 726 92 47 ac
701 726 92 47 si
747 726 199 47 dicerent.
900 726 92 47 Si
930 726 92 47 vicu

251 761 111 67 lum
315 761 222 67 matrimonii
489 761 111 67 est
552 761 285 67 indissolubile:
790 761 111 67 non
854 761 174 67 expedit
965 761 63 67 nu

247 812 151 53 bere.
348 812 84 53 â‹
381 812 268 53 Respondetur.
599 812 201 53 obiectum
750 812 117 53 est
817 812 201 53 apparens
951 812 67 53 ex

240 864 220 53 responsione
416 864 176 53 Christi.
548 864 88 53 Et
592 864 117 53 quod
665 864 102 53 res
724 864 146 53 fuerit
826 864 205 53 intricata:
972 864 59 53 pa

245 905 98 51 tet
301 905 70 51 a
329 905 140 51 signo.
427 905 154 51 Numquam
540 905 112 51 enim
610 905 182 51 Pharisaei
750 905 84 51 in
792 905 112 51 lege
849 905 182 51 exercitati,

245 941 248 62 proposuerunt
447 941 171 62 Christo
571 941 233 62 quaestionem
757 941 124 62 nisi
835 941 202 62 ancipitem
974 941 47 62 &

258 996 273 53 problematicam:
485 996 91 53 vt
530 996 182 53 quicquid
667 996 227 53 responderet
848 996 76 53 /
879 996 136 53 locus
954 996 61 53 re

249 1039 154 45 staret
357 1039 232 45 obiectioni:
542 1039 124 45 more
619 1039 263 45 disputationis
836 1039 124 45 vici
897 1039 124 45 strami

252 1075 106 57 nis
312 1075 106 57 vel
373 1075 196 57 sorbonici
524 1075 151 57 actus,
629 1075 181 57 quicquid
765 1075 166 57 dicatur
871 1075 151 57 impugnam

239 1126 111 50 do,
303 1126 111 50 non
366 1126 143 50 tamen
462 1126 207 50 addentes,
621 1126 191 50 secundum
764 1126 223 50 laudabilem
924 1126 96 50 con-

249 1168 215 52 suetudinem
418 1168 138 52 huius
510 1168 138 52 almae
603 1168 277 52 vniuersitatis.
833 1168 92 52 Si
880 1168 123 52 enim
941 1168 77 52 di-

252 1215 133 47 xisset
345 1215 159 47 libellum
464 1215 146 47 repudii
570 1215 133 47 fuisse
663 1215 159 47 licitum:
782 1215 159 47 expresse
888 1215 133 47 obiecis-

249 1253 120 61 sent
324 1253 120 61 illa
399 1253 120 61 quae
474 1253 180 61 Christus
609 1253 165 61 adduxit
729 1253 75 61 a
759 1253 195 61 principio
909 1253 90 61 de
939 1253 90 61 Adam

249 1303 75 49 &
279 1303 120 49 Eua:
354 1303 75 49 &
384 1303 120 49 bona
460 1303 196 49 aequitate
610 1303 180 49 naturali
745 1303 90 49 in
790 1303 211 49 oppositum.
941 1303 75 49 Re-

248 1343 171 55 spondeo
373 1343 156 55 igitur
482 1343 124 55 quod
559 1343 187 55 Christus
699 1343 109 55 non
762 1343 218 55 reprobauit
917 1343 109 55 libel

249 1388 103 58 lum
308 1388 176 58 repudii.
440 1388 103 58 nam
499 1388 103 58 cum
558 1388 118 58 ipso
631 1388 118 58 esse
705 1388 147 58 licito
808 1388 118 58 stat
881 1388 118 58 tota
940 1388 88 58 Chri

254 1434 93 59 sti
307 1434 185 59 responsio:
452 1434 106 59 quod
518 1434 93 59 non
571 1434 93 59 sic
624 1434 106 59 erat
690 1434 66 59 a
717 1434 185 59 principio:
862 1434 93 59 sed
902 1434 119 59 propter

247 1477 181 59 duritiam
383 1477 166 59 cordis,
504 1477 106 59 hoc
564 1477 121 59 est,
640 1477 166 59 ludaeis
761 1477 197 59 propensis
912 1477 91 59 ad
942 1477 76 59 vxo

238 1524 116 58 rum
305 1524 165 58 caedem
420 1524 132 58 deus
503 1524 198 58 permisit
651 1524 83 58 &
684 1524 116 58 sic
750 1524 182 58 propter
866 1524 165 58 duritiam

240 1570 150 57 cordis
345 1570 180 57 permisit
479 1570 165 57 licitu.
599 1570 90 57 Ad
644 1570 165 57 glossam
764 1570 224 57 respondetur
928 1570 90 57 quod

248 1620 109 49 non
311 1620 125 49 erat
389 1620 109 49 dei
451 1620 203 49 imperium,
607 1620 109 49 sed
670 1620 78 49 a
701 1620 109 49 deo
764 1620 219 49 permissum.
920 1620 109 49 alio-

239 1660 132 50 quin
321 1660 164 50 Moyses
436 1660 132 50 hanc
518 1660 132 50 viam
600 1660 115 50 eis
666 1660 115 50 non
732 1660 247 50 aperuisset.
913 1660 115 50 Analo

269 1706 128 45 tiam
349 1706 207 45 accipito.
508 1706 96 45 Si
556 1706 176 45 aliquis
684 1706 176 45 Romanus
812 1706 191 45 pontifex
939 1706 80 45 sub

247 1752 202 50 traheret
399 1752 135 50 duos
483 1752 135 50 dies
568 1752 287 50 quadragesimae
804 1752 101 50 in
837 1752 186 50 hebdomada

251 1793 164 54 qualibet
374 1793 68 54 /
401 1793 164 54 scilicet
524 1793 109 54 diem
592 1793 123 54 iouis
674 1793 68 54 &
701 1793 136 54 martis
796 1793 150 54 propter
892 1793 136 54 hominium

247 1836 190 54 duritiam
390 1836 79 54 &
422 1836 190 54 malitiam
564 1836 111 54 non
628 1836 254 54 ieiunantium:
834 1836 111 54 non
881 1836 143 54 ieiunan

249 1880 107 47 tes
310 1880 137 47 illis
401 1880 153 47 duobus
508 1880 153 47 diebus
615 1880 107 47 non
676 1880 214 47 peccarent:
844 1880 76 47 &
874 1880 137 47 tamen
951 1880 76 47 re-

248 1920 174 47 laxatio
375 1920 158 47 dierum
486 1920 158 47 fieret
597 1920 95 47 ob
644 1920 190 47 duritiam
787 1920 174 47 cordis.
913 1920 79 47 â‹
929 1920 95 47 Con-

251 1968 99 62 tra
308 1968 99 62 hoc
364 1968 170 62 probatur
492 1968 113 62 quod
563 1968 156 62 solutio
676 1968 128 62 stare
761 1968 99 62 non
818 1968 156 62 potest.
917 1968 113 62 peccat

248 2021 223 43 repudiatam
423 2021 175 43 ducens:
551 2021 127 43 ergo
630 2021 111 43 non
694 2021 239 43 separabatur
869 2021 159 43 vinculum

238 2059 254 54 matrimonii.
441 2059 237 54 antecedens
628 2059 152 54 patet
729 2059 119 54 per
797 2059 152 54 verba
882 2059 152 54 Christi

249 2102 122 54 Dico
325 2102 137 54 autem
416 2102 137 54 vobis
508 2102 76 54 /
538 2102 122 54 quia
614 2102 198 54 quicunque
766 2102 198 54 dimiserit
903 2102 122 54 vxoren

234 2146 112 47 suam
304 2146 112 47 nisi
374 2146 84 47 ob
416 2146 238 47 fornicationem
612 2146 70 47 /
639 2146 70 47 &
667 2146 126 47 aliam
751 2146 154 47 duxerit
863 2146 70 47 /
877 2146 154 47 moechatur

239 2188 97 53 Et
287 2188 195 53 sequitur
433 2188 162 53 neruus
547 2188 227 53 argumenti.
725 2188 97 53 Et
774 2188 113 53 qui
839 2188 195 53 dimissam
968 2188 65 53 du

238 2239 129 52 xerit
324 2239 72 52 /
353 2239 201 52 moechatur.
511 2239 101 52 hoc
568 2239 115 52 est,
640 2239 115 52 quam
712 2239 187 52 contrahit
856 2239 101 52 cum
899 2239 129 52 repudia

248 2278 83 56 ta
290 2278 69 56 /
317 2278 193 56 moechatur.
469 2278 69 56 &
497 2278 97 56 hoc
552 2278 97 56 non
607 2278 111 56 nisi
677 2278 111 56 quod
746 2278 97 56 est
801 2278 111 56 vxor
870 2278 152 56 prioris
967 2278 55 56 ma

247 2328 161 46 riti:
354 2328 89 46 &
390 2328 215 46 vinculum
551 2328 250 46 matrimonii
748 2328 161 46 adhuc
855 2328 161 46 manet
945 2328 89 46 cum

242 2369 155 47 priore
351 2369 124 47 viro
429 2369 109 47 qui
491 2369 109 47 eam
553 2369 202 47 repudiat.
708 2369 78 47 â‹
739 2369 248 47 Respondetur.
926 2369 93 47 Chri

245 2414 135 51 stus
329 2414 185 51 dicebat
464 2414 168 51 vxorem
582 2414 118 51 non
649 2414 135 51 esse
734 2414 253 51 dimittendam
919 2414 101 51 nisi

243 2461 108 51 ob:
304 2461 279 51 fornicationem.
537 2461 108 51 sic
599 2461 139 51 solum
691 2461 186 51 libellus
831 2461 170 51 repudii
939 2461 93 51 fuit

248 2497 159 54 licitus.
367 2497 93 54 Sed
420 2497 80 54 vt
460 2497 120 54 dicit
540 2497 133 54 glossa
633 2497 226 54 interlinearis
819 2497 120 54 super
898 2497 106 54 illo
952 2497 66 54 ver

233 2546 175 53 siculo.
360 2546 95 53 Si
408 2546 111 53 ita
472 2546 111 53 est
535 2546 143 53 causa
631 2546 191 53 hominis.
774 2546 207 53 Pharisaei
917 2546 111 53 multi

236 2584 99 60 ad
285 2584 148 60 nutum
384 2584 165 60 aliter
499 2584 148 60 illum
598 2584 148 60 locum
697 2584 231 60 exponentes
862 2584 165 60 dixerunt

236 2635 136 59 illud
326 2635 151 59 licere
432 2635 90 59 ob
477 2635 241 59 turpitudinem
673 2635 105 59 vel
733 2635 136 59 aliam
808 2635 226 59 displicentiam

241 2680 116 65 vel
308 2680 99 65 ad
357 2680 165 65 nutum.
473 2680 116 65 Sed
539 2680 116 65 sic
605 2680 231 65 exponendus
786 2680 132 65 est.
852 2680 182 65 Quicunque

227 2732 169 69 vxorem
345 2732 219 69 dimiserit
514 2732 135 69 nisi
598 2732 101 69 ob
648 2732 303 69 fornicationem,
901 2732 84 69 &
918 2732 118 69 aliam

1098 317 186 59 duxerit,
1238 317 217 59 moechatur.
1409 317 109 59 hoc
1471 317 124 59 est,
1549 317 124 59 vxor
1626 317 109 59 non
1688 317 109 59 est
1735 317 124 59 dimit-

1086 374 140 57 tenda
1180 374 125 57 vllo
1258 374 125 57 modo
1336 374 125 57 nisi
1413 374 93 57 ob
1460 374 280 57 fornicationem.
1694 374 140 57 Illic
1772 374 93 57 enim

1094 411 145 56 nisi)
1190 411 177 56 capitur
1319 411 225 56 exceptiue.
1496 411 273 56 fornicationem
1720 411 129 56 ergo
1785 411 80 56 ex-

1086 457 151 55 cipit.
1191 457 106 55 sed
1252 457 106 55 qui
1312 457 181 55 dimittit
1448 457 151 55 vxorem
1553 457 90 55 ob
1599 457 136 55 aliam
1689 457 166 55 causam:
1795 457 60 55 vt

1093 507 114 50 pote
1164 507 100 50 pro
1221 507 215 50 turpitudine
1393 507 72 50 /
1422 507 100 50 vel
1479 507 114 50 alia
1550 507 243 50 displicentia,
1751 507 72 50 &
1765 507 100 50 aliam

1096 552 163 49 duxerit
1215 552 74 49 /
1244 552 193 49 moechatur
1393 552 104 49 cum
1452 552 178 49 secunda:
1585 552 119 49 quia
1659 552 178 49 vinculum
1778 552 74 49 non

1097 593 99 50 est
1153 593 155 50 solutum
1266 593 99 50 cum
1323 593 155 50 priore.
1436 593 85 50 Et
1478 593 99 50 qui
1534 593 169 50 dimissam
1661 593 155 50 duxerit
1774 593 71 50 /
1788 593 71 50 moe

1096 644 154 53 chatur:
1208 644 98 53 hoc
1264 644 98 53 est
1320 644 98 53 qui
1376 644 126 53 ducit
1460 644 168 53 dimissam
1585 644 196 53 aliterquam
1739 644 98 53 per
1781 644 84 53 for-

1091 681 223 49 nicationem
1266 681 80 49 /
1298 681 223 49 moechatur.
1473 681 143 49 Dedit
1569 681 143 49 autem
1664 681 96 49 ex
1696 681 175 49 industria

1092 724 260 54 versipellibus
1305 724 76 54 &
1336 724 153 54 vafris
1443 724 214 54 pharisaeis
1611 724 214 54 solutionem
1763 724 92 54 inuo

1098 769 160 43 lutam:
1210 769 112 43 ita
1274 769 96 43 vt
1322 769 112 43 vix
1386 769 192 43 caperent
1529 769 96 43 in
1577 769 112 43 quo
1641 769 144 43 sensu
1721 769 144 43 respon-

1092 811 149 51 sionem
1196 811 178 51 dederit:
1330 811 89 51 vt
1375 811 163 51 confusi
1493 811 238 51 discederent,
1687 811 119 51 quia
1746 811 119 51 dolose

1092 859 246 43 disputabant.
1291 859 200 43 Apostolis
1445 859 138 43 autem
1537 859 77 43 /
1567 859 215 43 discipulis
1736 859 77 43 /
1767 859 77 43 &
1782 859 77 43 sim

1082 901 147 54 plici
1180 901 147 54 plebi
1278 901 180 54 seorsum
1409 901 180 54 lucidas
1540 901 213 54 proposuit
1687 901 180 54 responsio

1080 949 112 50 nes
1144 949 112 50 cum
1208 949 207 50 analogiis
1367 949 192 50 rudibus.
1511 949 144 50 sicut
1607 949 223 50 ingeniosus
1766 949 96 50 homo

1090 991 91 44 in
1135 991 137 44 mensa
1227 991 152 44 sedens
1333 991 137 44 inter
1424 991 152 44 magnos
1531 991 152 44 viros,
1637 991 152 44 aliter
1728 991 137 44 respon-

1080 1035 104 48 det
1140 1035 193 48 sophistae
1288 1035 208 48 cauillanti
1451 1035 89 48 ac
1496 1035 148 48 inanem
1600 1035 193 48 gloriolam
1733 1035 119 48 captam

1081 1080 108 46 ti:
1142 1080 77 46 &
1173 1080 154 46 allier
1281 1080 124 46 bono
1358 1080 124 46 viro
1436 1080 170 46 seriose
1559 1080 216 46 quaerenti.
1729 1080 93 46 Si
1760 1080 108 46 autem

1084 1118 135 49 clare
1174 1118 195 49 apostolis
1323 1118 135 49 coram
1413 1118 209 49 pharisaeis
1578 1118 254 49 respondisset:
1772 1118 105 49 illum

1083 1170 179 49 subito
1208 1170 179 49 dolose
1333 1170 304 49 impugnassent,
1583 1170 268 49 quemadmodum
1798 1170 107 49 in

1087 1212 189 47 Sorbona
1224 1212 257 47 respondens,
1430 1212 171 47 primis
1550 1212 274 47 arguentibus,
1755 1212 103 47 quos

1084 1249 104 59 non
1144 1249 134 59 timet
1233 1249 75 59 /
1263 1249 224 59 intellectum
1442 1249 149 59 suarum
1546 1249 209 59 positionum
1695 1249 179 59 reseraret:

1079 1296 123 55 nisi
1156 1296 200 55 vereretur
1310 1296 216 55 ingeniosos
1479 1296 216 55 secuturos.
1648 1296 77 55 â‹
1679 1296 123 55 Ecce
1741 1296 123 55 libel-

1079 1341 105 60 lum
1139 1341 166 60 repudii
1260 1341 181 60 licitum.
1395 1341 105 60 qui
1455 1341 196 60 propterea
1606 1341 151 60 dictus
1711 1341 105 60 est
1757 1341 120 60 libel-

1082 1386 101 58 lus
1139 1386 72 58 /
1168 1386 115 58 quia
1240 1386 144 58 mulier
1341 1386 158 58 habebat
1456 1386 173 58 libellum
1586 1386 72 58 a
1615 1386 144 58 marito
1716 1386 144 58 datum:
1816 1386 86 58 in

1079 1435 113 53 quo
1144 1435 178 53 dabatur
1273 1435 129 53 sibi
1354 1435 194 53 facultas
1499 1435 178 53 abeundi
1629 1435 97 53 vt
1677 1435 146 53 alium
1758 1435 113 53 duce-

1082 1479 96 53 re
1130 1479 176 53 posset.
1258 1479 96 53 In
1306 1479 176 53 libello
1434 1479 240 53 scribebatur
1627 1479 192 53 secundum
1755 1479 112 53 lose-

1078 1528 150 47 phum.
1178 1528 200 47 Promitto
1328 1528 133 47 tibi
1412 1528 133 47 quod
1495 1528 117 47 non
1562 1528 133 47 plus
1645 1528 217 47 conueniam
1795 1528 67 47 te

1088 1564 108 56 cum.
1155 1564 135 56 Simile
1249 1564 121 56 ferme
1330 1564 148 56 ponitur
1438 1564 81 56 in
1479 1564 108 56 lege
1546 1564 216 56 ciuililiter.
1721 1564 81 56 de
1748 1564 108 56 diuor.

1081 1608 85 60 l.
1123 1608 99 60 ii.
1180 1608 113 60 Tuas
1250 1608 99 60 res
1306 1608 113 60 tibi
1377 1608 155 60 habeto.
1490 1608 99 60 vel
1546 1608 113 60 tuas
1616 1608 99 60 res
1673 1608 141 60 agito.
1757 1608 99 60 aucto

1081 1658 130 54 ritas
1167 1658 130 54 autem
1254 1658 159 54 Curisti
1369 1658 115 54 quae
1441 1658 115 54 sola
1513 1658 187 54 stringere
1657 1658 159 54 videtur
1773 1658 86 54 in
1801 1658 58 54 op

1091 1704 179 53 positum,
1226 1704 149 53 soluta
1330 1704 105 53 est
1390 1704 90 53 ad
1435 1704 179 53 literam.
1569 1704 90 53 Ad
1614 1704 239 53 auctoritates
1793 1704 75 53 eo-

1080 1748 111 52 rum
1143 1748 111 52 qui
1207 1748 205 52 oppositum
1365 1748 221 52 tenuerunt,
1538 1748 221 52 respondere
1712 1748 111 52 non
1759 1748 111 52 opor-

1089 1790 101 47 tet:
1152 1790 101 47 nisi
1216 1790 151 47 rationes
1329 1790 88 47 pro
1380 1790 76 47 se
1417 1790 164 47 adducant,
1544 1790 88 47 vel
1594 1790 202 47 auctoritates
1745 1790 114 47 irrefra

1080 1836 180 52 gabiles.
1215 1836 105 52 Cum
1275 1836 120 52 enim
1350 1836 255 52 Deuteronomii.
1559 1836 165 52 xxiiii.
1679 1836 180 52 libellus
1799 1836 60 52 re

1079 1883 148 56 pudii
1177 1883 115 56 sit
1243 1883 164 56 aptus:
1357 1883 115 56 nec
1423 1883 82 56 a
1456 1883 148 56 Moyse
1554 1883 115 56 vel
1620 1883 82 56 a
1653 1883 197 56 propheta
1784 1883 82 56 quo

1096 1918 113 62 quam
1167 1918 198 62 posteriore
1323 1918 99 62 sit
1379 1918 198 62 reprobatus
1535 1918 156 62 tanquam
1648 1918 142 62 malus:
1748 1918 113 62 immo
1804 1918 57 62 Ma

1087 1967 167 46 lachias
1208 1967 137 46 inter
1299 1967 213 46 nouissimos
1466 1967 121 46 post
1542 1967 167 46 reditum
1664 1967 76 46 a
1679 1967 182 46 captiuita-

1089 2011 94 50 te
1136 2011 220 50 Babylonica
1309 2011 110 50 eum
1372 2011 204 50 admittat:
1529 2011 110 50 non
1592 2011 126 50 erat
1655 2011 204 50 reprobandus

1083 2060 102 52 pro
1142 2060 161 52 tempore
1259 2060 146 52 illius
1361 2060 146 52 legis.
1463 2060 117 52 Nunc
1536 2060 132 52 autem
1624 2060 175 52 Christus
1756 2060 88 52 in
1785 2060 73 52 le-

1092 2101 90 56 ge
1137 2101 165 56 gratiae
1257 2101 180 56 repudium
1392 2101 150 56 vetuit
1498 2101 75 56 /
1528 2101 135 56 legem
1618 2101 90 56 de
1663 2101 105 56 non
1708 2101 150 56 repudiam

1089 2145 94 47 do
1136 2145 156 47 primae
1246 2145 250 47 institutioni
1448 2145 234 47 coniungens:
1636 2145 78 47 &
1667 2145 187 47 repudium
1792 2145 78 47 le-

1088 2185 113 61 gis
1152 2185 194 61 Mosaicae
1298 2185 81 61 e
1330 2185 145 61 medio
1427 2185 178 61 tollens
1556 2185 178 61 tanquam
1685 2185 145 61 minus
1766 2185 113 61 perfe

1092 2234 140 54 ctum.
1186 2234 94 54 vt
1233 2234 140 54 patet
1326 2234 203 54 Matthaei.
1482 2234 125 54 xix.
1560 2234 78 54 &
1591 2234 156 54 primae
1700 2234 94 54 ad
1731 2234 125 54 Corin.

1087 2277 112 55 vii.
1157 2277 98 55 vbi
1213 2277 126 55 dicit
1297 2277 196 55 Apostolus.
1451 2277 98 55 His
1508 2277 126 55 autem
1592 2277 98 55 qui
1648 2277 196 55 matrimonio
1788 2277 70 55 ium

1092 2321 115 52 cti
1157 2321 131 52 sunt
1239 2321 213 52 praecipio
1403 2321 115 52 non
1468 2321 115 52 ego
1533 2321 115 52 sed
1599 2321 180 52 dominus
1730 2321 82 52 /
1746 2321 131 52 vxorem

1082 2366 71 53 a
1110 2366 114 53 viro
1181 2366 100 53 non
1238 2366 199 53 discedere.
1395 2366 114 53 quod
1466 2366 85 53 si
1509 2366 228 53 discesserit:
1694 2366 142 53 manere
1780 2366 85 53 innu

1085 2408 130 62 ptam,
1171 2408 101 62 aut
1229 2408 115 62 viro
1301 2408 101 62 suo
1358 2408 245 62 reconciliari.
1560 2408 173 62 Vlterius
1689 2408 144 62 patet.
1776 2408 86 62 quod

1081 2456 133 46 apud
1164 2456 199 46 gentiles
1314 2456 166 46 vxoris
1430 2456 199 46 repudium
1580 2456 116 46 est
1646 2456 199 46 iniquius
1779 2456 83 46 iu-

1080 2499 179 67 dicatum
1210 2499 130 67 quam
1291 2499 163 67 vxorum
1389 2499 212 67 pluralitas.

1081 2590 114 94 â‹
1127 2590 386 94 Distinctionis
1445 2590 318 94 Trigesimae
1672 2590 204 94 quartae

1258 2677 294 86 Quaestio
1453 2677 196 86 Prima.
