2338 3313
220 310 188 64 coniugum
362 310 141 64 certo
456 310 126 64 scit
534 310 251 64 impedimentum
738 310 204 64 coniugii:
895 310 110 64 vel
942 310 63 64 ha

224 356 100 74 bet
281 356 229 74 conscientiam
467 356 86 74 ex
510 356 215 74 credulitate
683 356 115 74 leui
754 356 72 74 &
783 356 201 74 temeraria:
926 356 72 74 vel

228 409 87 60 ex
272 409 190 60 probabili
418 409 73 60 &
447 409 190 60 discreta.
593 409 87 60 Si
637 409 160 60 primum:
753 409 102 60 nec
812 409 131 60 debet
884 409 117 60 redde-

216 448 92 55 re
262 448 184 55 debitum,
400 448 107 55 nec
461 448 169 55 petere.
583 448 92 55 Si
629 448 199 55 secundum:
783 448 169 55 deponat
890 448 107 55 illam

220 492 218 61 conscientiam
397 492 163 61 secundum
520 492 177 61 consilium
656 492 95 61 sui
710 492 177 61 pastoris.
846 492 68 61 &
874 492 109 61 tunc
928 492 68 61 tam

224 539 139 55 reddat
321 539 111 55 quam
391 539 139 55 petat.
488 539 83 55 Si
530 539 167 55 tertium:
655 539 97 55 non
711 539 139 55 exigat
808 539 167 55 debitum,
919 539 70 55 sed

214 589 169 56 reddat.
337 589 92 56 In
383 589 138 56 primo
475 589 154 56 membro
582 589 138 56 nulla
674 589 108 56 est
736 589 246 56 difficultas.
936 589 92 56 In

223 624 184 65 secundo
357 624 167 65 membro
474 624 184 65 deponat
608 624 268 65 conscientiam
826 624 117 65 per
876 624 117 65 moti-

220 679 89 49 ua
265 679 89 49 in
310 679 194 49 oppositum
459 679 283 49 rationabiliora,
697 679 75 49 &
727 679 179 49 secundum
846 679 149 49 iudicium

217 723 182 51 prudentu
354 723 106 51 cum
414 723 152 51 quibus
521 723 182 51 confert.
658 723 106 51 nam
718 723 152 51 stante
825 723 167 51 iudicio
931 723 61 51 de

211 769 177 49 opposito
344 769 104 49 per
403 769 118 49 suam
477 769 251 49 conscientiam,
684 769 104 49 non
744 769 148 49 potest
832 769 163 49 assentiri

215 802 171 69 iudicio
340 802 218 69 prudentum:
511 802 124 69 quia
589 802 109 69 non
651 802 156 69 potest
760 802 156 69 habere
853 802 140 69 iudicia

218 855 197 56 contraria.
373 855 70 56 &
401 855 85 56 si
443 855 113 56 suae
514 855 211 56 particulari
683 855 225 56 conscientiae
852 855 141 56 contraue

215 900 112 57 niat
285 900 126 57 etiam
369 900 182 57 erroneae,
508 900 154 57 peccat:
620 900 98 57 sed
676 900 98 57 sua
732 900 209 57 conscientia
885 900 112 57 euacua

211 937 106 65 ta,
271 937 181 65 reddendo
407 937 106 65 non
468 937 166 65 peccat.
588 937 91 65 vt
634 937 136 65 patet
724 937 91 65 ex
770 937 151 65 tertio
860 937 136 65 membro.

204 984 146 53 neque
301 984 195 53 petendo:
447 984 130 53 quia
528 984 113 53 iam
593 984 146 53 recte
690 984 227 53 informatus
852 984 146 53 assenti

205 1032 105 62 tur
265 1032 120 62 esse
340 1032 135 62 verum
430 1032 225 62 matrimonium
609 1032 135 62 inter
699 1032 90 62 se
744 1032 75 62 &
774 1032 165 62 Bertam.
894 1032 75 62 &
909 1032 75 62 per

206 1072 203 54 consequens
365 1072 145 54 licite
466 1072 116 54 more
539 1072 159 54 aliorum
655 1072 145 54 potest
756 1072 159 54 debitum
858 1072 130 54 petere.

215 1116 94 55 Si
262 1116 109 55 aut
325 1116 156 55 habeat
434 1116 203 55 scrupulos
591 1116 156 55 leues:
700 1116 109 55 hoc
763 1116 109 55 est
825 1116 156 55 motiua
919 1116 78 55 ali

217 1164 107 56 qua
278 1164 138 56 parui
370 1164 168 56 momenti
492 1164 122 56 quod
568 1164 107 56 non
629 1164 107 56 sit
690 1164 244 56 matrimonium:
874 1164 122 56 assen-

214 1210 154 53 tiendo
321 1210 277 53 rationabiliter
552 1210 138 53 essc:
644 1210 246 53 matrimonium,
844 1210 154 53 potest
936 1210 62 53 ex

207 1251 152 59 petere
313 1251 167 59 debitum
435 1251 76 59 &
466 1251 183 59 reddere.
603 1251 152 59 habere
709 1251 122 59 enim
785 1251 198 59 scrupulos
922 1251 61 59 in

217 1304 210 49 oppositum,
382 1304 105 49 non
442 1304 105 49 est
502 1304 180 49 opposito
636 1304 210 49 assentiri.
801 1304 105 49 nam
846 1304 150 49 assensus

211 1344 178 50 oppositi
344 1344 266 50 contrariantur.
566 1344 133 50 iiii.
655 1344 252 50 Metaphysicae.
863 1344 89 50 Si
892 1344 89 50 vero

215 1385 143 56 habeat
315 1385 200 56 probabiles
472 1385 171 56 rationes
600 1385 129 56 etiam
686 1385 214 56 aequilibres
857 1385 71 56 /
872 1385 114 56 potest

199 1430 151 53 reddere
309 1430 165 53 debitum:
433 1430 96 53 non
488 1430 124 53 autem
571 1430 151 53 petere.
681 1430 124 53 ratio
764 1430 124 53 primi
846 1430 110 53 est:
901 1430 83 53 quia

196 1479 191 43 probabile
343 1479 103 43 est
402 1479 117 43 esse
475 1479 235 43 matrimonium:
665 1479 117 43 pone
739 1479 117 43 quod
812 1479 103 43 sit
856 1479 132 43 proble-

205 1523 91 46 ma
250 1523 182 46 neutrum:
387 1523 76 46 &
418 1523 137 46 habet
509 1523 182 46 rationem
646 1523 122 46 quod
722 1523 182 46 reddendo
843 1523 137 46 debitum

209 1565 153 51 peccet,
320 1565 83 51 eo
362 1565 111 51 quod
431 1565 97 51 non
487 1565 97 51 est
542 1565 222 51 matrimonium.
722 1565 125 51 habet
806 1565 125 51 etiam
875 1565 111 51 ratio-

199 1614 98 51 nes
255 1614 98 51 tot
311 1614 70 51 &
339 1614 126 51 tatae
423 1614 196 51 efficaciae
577 1614 84 51 in
618 1614 182 51 oppositum
758 1614 112 51 quod
828 1614 98 51 sit
870 1614 112 51 matri-

191 1653 164 54 monium,
311 1653 75 54 &
340 1653 120 54 quod
415 1653 105 54 non
475 1653 149 54 dando,
580 1653 194 54 peccaret.
729 1653 90 54 Et
774 1653 90 54 cu
819 1653 134 54 alter
893 1653 90 54 con-

187 1696 138 53 iugum
279 1696 107 53 sit
340 1696 92 53 in
386 1696 246 53 possessione:
586 1696 123 53 lite
663 1696 184 53 pendente
801 1696 138 53 nihil
878 1696 107 53 debet

193 1739 201 55 innouari:
347 1739 108 55 sed
409 1739 155 55 potest
518 1739 170 55 reddere
641 1739 186 55 debitum.
781 1739 155 55 Petere
874 1739 108 55 autem

198 1781 160 55 debitum
315 1781 102 55 non
373 1781 160 55 potest.
489 1781 73 55 &
518 1781 131 55 ratio
605 1781 116 55 est:
677 1781 116 55 quia
750 1781 102 55 non
808 1781 160 55 petendo
909 1781 73 55 non

202 1831 160 50 peccat:
319 1831 131 50 illud
406 1831 160 50 membrum
522 1831 102 50 est
581 1831 160 50 certum:
697 1831 160 50 petendo
813 1831 131 50 autem
886 1831 102 50 expo-

199 1880 102 56 nit
258 1880 87 56 se
301 1880 175 56 periculo
432 1880 175 56 peccati:
563 1880 102 56 cum
622 1880 102 56 non
680 1880 102 56 sit
738 1880 189 56 releuamen
884 1880 87 56 in
913 1880 58 56 op

191 1920 170 53 positum,
318 1920 127 53 iuxta
403 1920 141 53 notata
502 1920 85 53 in
544 1920 156 53 secunda
658 1920 198 53 quaestione
813 1920 170 53 prologi.
926 1920 57 53 er

198 1970 93 54 go
245 1970 109 54 non
307 1970 140 54 debet
400 1970 171 54 petere.
525 1970 233 54 Conformiter
711 1970 155 54 potest
820 1970 93 54 se
851 1970 124 54 habere

192 2013 128 56 iste
272 2013 193 56 frigidus
417 2013 112 56 vel
481 2013 128 56 vxor
561 2013 128 56 eius
641 2013 193 56 peccando
786 2013 112 56 vel
850 2013 112 56 non
898 2013 80 56 pec

193 2051 136 58 cando,
289 2051 164 58 secundum
412 2051 218 58 conscientiam
589 2051 68 58 &
616 2051 136 58 moriua
712 2051 218 58 rationabilia
889 2051 109 58 quae

192 2092 155 58 habet.
300 2092 109 58 nam
362 2092 155 58 potest
471 2092 155 58 habere
579 2092 186 58 iudicium
719 2092 124 58 quod
796 2092 109 58 sit
843 2092 140 58 matrimo

192 2144 118 66 nium:
270 2144 65 66 &
297 2144 105 66 quod
362 2144 92 66 non
414 2144 92 66 sit
467 2144 170 66 frigidus.
598 2144 65 66 &
624 2144 92 66 sic
676 2144 105 66 eius
742 2144 157 66 coniunx.
859 2144 79 66 Et
885 2144 79 66 quam

187 2185 98 63 uis
243 2185 98 63 sit
299 2185 183 63 frigidus,
440 2185 98 63 sic
496 2185 98 63 non
552 2185 155 63 peccat.
665 2185 126 63 forte
749 2185 112 63 enim
819 2185 141 63 placet
904 2185 70 63 eis

186 2233 137 53 simul
277 2233 213 53 cchabitare
445 2233 107 53 non
505 2233 183 53 obstante
642 2233 244 53 frigiditate.
840 2233 91 53 Si
871 2233 91 53 vero

195 2277 290 58 rationabiliter
436 2277 177 58 dubitet
565 2277 97 58 de
613 2277 241 58 matrimonio:
806 2277 145 58 patet
887 2277 97 58 solu

187 2316 105 56 tio
247 2316 90 56 ex
292 2316 150 56 dictis
396 2316 105 56 cum
456 2316 120 56 alio
531 2316 180 56 membtro.
666 2316 90 56 Si
711 2316 90 56 ex
756 2316 150 56 stulta
845 2316 120 56 opinio

192 2367 91 55 ne
237 2367 106 55 sua
298 2367 167 55 peccet,
419 2367 121 55 quid
495 2367 91 55 ad
541 2367 91 55 ac
586 2367 121 55 Quid
662 2367 167 55 dicitur
783 2367 91 55 de
829 2367 136 55 longa
904 2367 61 55 co

193 2404 239 58 habitatione,
388 2404 105 58 pot
447 2404 105 58 ita
507 2404 239 58 impedimentum
702 2404 120 58 esse
777 2404 150 58 notum:
881 2404 90 58 vt
911 2404 60 58 po

189 2455 146 54 teper
286 2455 195 54 aspectum
433 2455 114 54 aut
498 2455 130 54 quia
579 2455 114 54 non
644 2455 163 54 potest
758 2455 195 54 seminare
904 2455 98 54 in

206 2504 105 48 vas
266 2504 179 48 debitum:
400 2504 105 48 vel
460 2504 120 48 quia
535 2504 120 48 ipsa
609 2504 105 48 est
669 2504 134 48 adhuc
759 2504 149 48 virgo:
863 2504 75 48 &
878 2504 90 48 tunc

195 2539 102 59 non
254 2539 102 59 diu
312 2539 132 59 simul
400 2539 249 59 cohabitabunt.
605 2539 88 59 si
649 2539 117 59 quis
722 2539 132 59 autem
810 2539 146 59 statim
898 2539 73 59 re-

194 2588 157 54 clamet
304 2588 157 54 quando
414 2588 110 54 res
477 2588 110 54 est
539 2588 173 54 anceps:
665 2588 173 54 diutius
790 2588 141 54 simul
869 2588 94 54 coha

190 2622 200 65 bitabunt:
343 2622 77 65 &
374 2622 123 65 toto
451 2622 169 65 tempore
574 2622 246 65 dubitationis
774 2622 169 65 debitum
882 2622 77 65 red

194 2675 116 66 dens
266 2675 160 66 quantum
382 2675 87 66 in
426 2675 87 66 se
469 2675 102 66 est
527 2675 102 66 non
585 2675 160 66 peccat:
701 2675 102 66 nec
759 2675 131 66 etiam
832 2675 131 66 petens:

192 2715 177 88 dummodo
320 2715 161 88 habeat
433 2715 209 88 probabile
594 2715 177 88 motiuum
722 2715 129 88 quod
802 2715 161 88 possit
899 2715 64 88 mu

1061 312 155 80 lierem
1170 312 233 80 cognoscere:
1356 312 124 80 quia
1434 312 140 80 nihil
1527 312 140 80 aliud
1620 312 93 80 ad
1666 312 140 80 verum
1759 312 109 80 ma-

1066 383 190 56 trimonium
1213 383 220 56 requiritur.
1388 383 102 56 nam
1447 383 146 56 potest
1549 383 161 56 nescire
1666 383 117 56 quid
1740 383 102 56 sit
1783 383 59 56 mu

1055 421 160 85 lierem
1167 421 240 85 cognoscere:
1359 421 80 85 &
1391 421 160 85 facere
1503 421 160 85 potest
1615 421 96 85 in
1663 421 128 85 hora
1743 421 128 85 quod

1052 459 115 81 non
1117 459 148 81 fecit
1216 459 98 81 in
1248 459 115 81 anno.

1237 546 311 69 Vbitatur:
1477 546 168 69 cum
1572 546 168 69 hic
1668 546 144 69 de
1716 546 120 69 mu-

1220 582 150 90 lierum
1325 582 224 90 sterilitate
1504 582 75 90 &
1534 582 164 90 virorum
1639 582 194 90 frigiditate

1224 651 216 70 tractetur:
1393 651 124 70 quid
1471 651 154 70 causae
1579 651 108 70 sit
1641 651 139 70 quare
1718 651 108 70 reges

1230 692 79 71 &
1262 692 205 71 principes
1419 692 126 71 rato
1498 692 173 71 habeant
1624 692 189 71 liberos.
1750 692 94 71 agri

1051 721 138 87 colae
1143 721 138 87 autem
1234 721 77 87 &
1265 721 153 87 plebei
1372 721 184 87 plurimos
1510 721 199 87 generent.
1663 721 92 87 Et
1693 721 138 87 dubita-

1059 788 158 54 tionis
1170 788 142 54 ratio
1264 788 126 54 est.
1343 788 110 54 nam
1406 788 189 54 pauperes
1548 788 142 54 minus
1627 788 205 54 generationi

1057 831 179 61 vacant:
1187 831 146 61 quare
1284 831 211 61 pauciores
1446 831 162 61 proles
1560 831 162 61 habere
1657 831 179 61 deberent.

1059 870 99 65 In
1108 870 214 65 oppositum
1272 870 148 65 tamen
1371 870 115 65 est
1437 870 230 65 quotidiana
1602 870 230 65 experientia.

1081 914 243 67 Respondetur.
1279 914 198 67 multiplex
1431 914 106 67 est
1492 914 152 67 ratio.
1598 914 137 67 Prima
1689 914 91 67 ob
1720 914 106 67 eorum

1054 964 169 63 culpas.
1176 964 107 63 nam
1238 964 169 63 liberos
1360 964 107 63 non
1421 964 184 63 merentur
1559 964 92 63 in
1605 964 214 63 peccatorum
1758 964 77 63 poe

1050 1011 118 61 nam,
1124 1011 178 61 secundum
1258 1011 133 61 illud
1346 1011 252 61 Psalmographi.
1554 1011 133 61 Beati
1643 1011 133 61 omnes
1731 1011 104 61 qui
1776 1011 59 61 ti

1047 1052 130 57 ment
1128 1052 195 57 dominum:
1274 1052 113 57 qui
1339 1052 195 57 ambulant
1484 1052 97 57 in
1533 1052 130 57 viis
1614 1052 146 57 eius.
1711 1052 81 57 &
1744 1052 130 57 quae

1039 1097 208 62 sequuntur.
1202 1097 133 62 Psal.
1291 1097 163 62 cxxvii.
1410 1097 163 62 Secunda
1529 1097 133 62 ratio
1618 1097 104 62 est
1662 1097 178 62 naturalis.

1050 1140 112 56 nam
1114 1140 209 56 excessiue
1275 1140 161 56 coitui
1387 1140 193 56 vacantes
1532 1140 112 56 nec
1596 1140 177 56 pariunt
1725 1140 112 56 nec
1773 1140 64 56 ge

1051 1186 164 68 nerant:
1170 1186 89 68 vt
1215 1186 149 68 euenit
1319 1186 89 68 de
1364 1186 208 68 mulieribus
1527 1186 238 68 prostitutis:
1721 1186 104 68 qua
1766 1186 74 68 num

1048 1221 135 67 quam,
1138 1221 105 67 cum
1198 1221 90 67 se
1243 1221 165 67 omnibus
1364 1221 211 67 applicent,
1529 1221 180 67 pariunt.
1665 1221 105 67 Sed
1725 1221 90 67 no
1755 1221 75 67 est

1049 1278 133 62 idem
1133 1278 167 62 omnino
1249 1278 100 62 in
1299 1278 150 62 viris
1399 1278 83 62 &
1433 1278 250 62 mulietibus:
1633 1278 100 62 in
1683 1278 117 62 his
1733 1278 100 62 enim

1048 1320 106 50 est
1109 1320 167 50 seminum
1230 1320 182 50 variorum
1367 1320 137 50 forte
1458 1320 243 50 contrariorum
1656 1320 91 50 in
1686 1320 152 50 matricem

1045 1352 209 74 coniectio:
1209 1352 75 74 &
1239 1352 104 74 non
1298 1352 209 74 sufficiens
1462 1352 149 74 quies,
1567 1352 104 74 non
1626 1352 104 74 sic
1686 1352 89 74 in
1716 1352 119 74 viris.

1049 1403 116 67 Sed
1116 1403 233 67 principes,
1299 1403 83 67 &
1332 1403 166 67 crebro
1448 1403 199 67 coeuntes
1597 1403 116 67 non
1647 1403 183 67 patiuntur

1038 1455 141 57 semen
1132 1455 203 57 concoqui:
1289 1455 109 57 sed
1351 1455 125 57 aute
1429 1455 250 57 concoctionem
1617 1455 219 57 sufficientem

1039 1500 224 62 concumbunt:
1218 1500 134 62 quare
1308 1500 104 62 est
1367 1500 179 62 inutile.
1502 1500 194 62 Praeterea
1651 1500 75 62 a
1681 1500 164 62 crapula
1785 1500 45 62 &

1051 1535 190 71 excessiuo
1198 1535 117 71 potu
1271 1535 205 71 obruuntur,
1431 1535 102 71 sic
1490 1535 88 71 vt
1534 1535 146 71 natura
1636 1535 102 71 sit
1680 1535 146 71 prostra-

1046 1586 109 51 ta:
1109 1586 140 51 quare
1202 1586 93 51 ad
1248 1586 248 51 generationem
1450 1586 124 51 sunt
1527 1586 171 51 inepti.
1651 1586 93 51 In
1682 1586 140 51 ieiunio

1051 1631 153 61 namque
1158 1631 153 61 aliqui
1264 1631 122 61 plus
1341 1631 214 61 polluuntur
1509 1631 137 61 noctu
1600 1631 92 61 in
1646 1631 153 61 somno:
1738 1631 76 61 qua

1038 1672 126 63 post
1117 1672 189 63 splendi:
1259 1672 110 63 iam
1321 1672 173 63 coenam.
1447 1672 157 63 Petrus
1558 1672 205 63 Ebanensis
1699 1672 126 63 Aristo

1038 1722 143 62 telem
1133 1722 191 62 exponens
1276 1722 159 62 quarta
1387 1722 206 62 particula
1546 1722 238 62 problematum
1721 1722 111 62 dicit

1032 1758 93 61 se
1079 1758 202 61 audiuisse
1235 1758 171 61 quendam
1359 1758 171 61 iuuenem
1484 1758 218 61 ieiunantem
1655 1758 156 61 duobus
1748 1758 78 61 die

1038 1804 108 58 bus
1099 1804 93 58 in
1146 1804 201 58 hebdomada
1301 1804 93 58 in
1347 1804 124 58 pane
1425 1804 77 58 &
1456 1804 139 58 aqua:
1549 1804 186 58 dicentem
1688 1804 93 58 se
1719 1804 93 58 illo

1039 1852 193 61 tempore
1180 1852 263 61 pollutiones
1390 1852 228 61 nocturnas
1566 1852 193 61 passum.
1706 1852 105 61 Et
1741 1852 88 61 Ari

1032 1894 194 50 stoteles
1178 1894 178 50 tangens
1307 1894 162 50 causam
1420 1894 97 50 in
1469 1894 227 50 problemate
1647 1894 162 50 citato
1744 1894 81 50 di-

1038 1949 124 56 cit.
1116 1949 187 56 Foramina
1256 1949 202 56 corporis,
1412 1949 156 56 ieiuno
1521 1949 124 56 sunt
1598 1949 202 56 inaniora:
1738 1949 78 56 re-

1039 1986 136 56 pleto
1129 1986 136 56 autem
1220 1986 136 56 plena
1310 1986 196 56 habentur.
1461 1986 151 56 itaque
1566 1986 196 56 impediunt
1717 1986 90 56 ne
1747 1986 75 56 hu-

1028 2034 113 62 mor
1093 2034 178 62 seminis
1222 2034 210 62 genitalis
1384 2034 162 62 valeat
1497 2034 210 62 permeare.
1659 2034 130 62 Adde
1724 2034 97 62 quod

1035 2069 93 68 ex
1082 2069 280 68 delicatioribus
1316 2069 156 68 cibis,
1425 2069 125 68 etsi
1503 2069 203 68 superflue
1643 2069 187 68 assumptis,

1034 2122 144 57 natura
1134 2122 86 57 ad
1178 2122 86 57 se
1221 2122 144 57 multum
1321 2122 158 57 trahit,
1437 2122 101 57 ita
1494 2122 86 57 vt
1537 2122 101 57 non
1595 2122 216 57 relinquatur
1753 2122 72 57 su-

1036 2165 164 62 perfluum
1159 2165 136 62 tertie
1255 2165 218 62 digestionis.
1432 2165 164 62 Mulieres
1555 2165 123 62 etiam
1637 2165 123 62 istae
1705 2165 109 62 delica

1038 2193 106 67 tae
1098 2193 121 67 sunt
1174 2193 181 67 ociosae:
1310 2193 75 67 &
1340 2193 211 67 humidiores
1506 2193 196 67 excessiue
1657 2193 151 67 fiunt.
1748 2193 75 67 Edi

1030 2253 132 60 uerso
1118 2253 132 60 autem
1206 2253 88 60 in
1250 2253 205 60 pauperibus
1411 2253 205 60 contingit.
1571 2253 102 60 nam
1615 2253 205 60 exercitantur

1028 2297 86 61 in
1071 2297 187 61 laboribus
1215 2297 101 61 tam
1272 2297 115 61 domi
1344 2297 115 61 quam
1416 2297 130 61 foris
1503 2297 86 61 in
1546 2297 144 61 agris.
1632 2297 173 61 propteraea

1029 2341 143 62 minus
1125 2341 175 62 pingues
1252 2341 80 62 &
1284 2341 175 62 humidae
1411 2341 127 62 sunt
1491 2341 127 62 quam
1570 2341 191 62 foeminae
1698 2341 111 62 diui-

1035 2384 124 62 tes.
1112 2384 170 62 insuper
1236 2384 201 62 comunibus
1390 2384 77 62 &
1421 2384 155 62 minime
1530 2384 217 62 exquisitis
1684 2384 124 62 vescun

1027 2429 104 63 tur
1087 2429 194 63 cibariis:
1236 2429 75 63 &
1266 2429 194 63 temperate
1415 2429 89 63 ac
1459 2429 119 63 raro
1534 2429 104 63 rei
1593 2429 179 63 venereae
1713 2429 89 63 dant

1031 2475 179 59 operam:
1161 2475 228 59 quapropter
1340 2475 195 59 crebrius
1486 2475 195 59 pariunt.
1666 2475 130 59 Ecce
1731 2475 81 59 quo

1025 2514 126 69 modo
1104 2514 94 69 ex
1151 2514 142 69 parte
1246 2514 252 69 frigiditatis
1450 2514 126 69 viri
1529 2514 79 69 &
1560 2514 236 69 arctitudine
1733 2514 79 69 mu-

1038 2559 135 69 ieris
1128 2559 105 69 cui
1188 2559 105 69 per
1248 2559 135 69 artem
1338 2559 195 69 subueniti
1488 2559 105 69 non
1548 2559 150 69 potest
1653 2559 120 69 sine
1713 2559 120 69 corpo-

1024 2609 110 60 ris
1087 2609 236 60 discrimine,
1276 2609 251 60 impedimentum
1480 2609 204 60 redditur:
1637 2609 94 60 si
1669 2609 141 60 partium

1020 2654 147 60 alteri
1123 2654 176 60 placeat.
1255 2654 161 60 possunt
1372 2654 132 60 tamen
1460 2654 88 60 si
1504 2654 161 60 velint,
1607 2654 191 60 matrimonium

1021 2697 139 65 inter
1113 2697 93 65 se
1159 2697 231 65 contrahere.
1344 2697 216 65 Sterilitas
1514 2697 139 65 autem
1607 2697 185 65 foeminae
1730 2697 108 65 dummo

1029 2734 93 62 do
1076 2734 186 62 cognosci
1216 2734 155 62 possit
1324 2734 109 62 non
1386 2734 109 62 est
1448 2734 264 62 impedimentum.
1665 2734 140 62 quare
1743 2734 62 62 ob
