2316 3320
239 311 94 72 sic
292 311 161 72 defertur
413 311 134 72 crebro
506 311 107 72 enim
573 311 94 72 est
627 311 134 72 error,
721 311 107 72 quod
787 311 120 72 patet
868 311 94 72 per
908 311 107 72 simile

240 375 96 54 de
288 375 193 54 patiente
432 375 193 54 incubum:
577 375 112 54 vbi
641 375 112 54 est
705 375 176 54 sanguis
817 375 193 54 coadunatus

240 423 139 51 circa
332 423 108 51 cor
394 423 217 51 dormientis
564 423 186 51 resupine
704 423 124 51 post
781 423 217 51 splendidam
936 423 77 51 coe

239 474 124 50 nam:
317 474 93 50 si
364 474 109 50 sit
426 474 202 50 humoribus
581 474 171 50 plenus.
705 474 171 50 videtur
829 474 155 50 namque
922 474 93 50 viro

248 512 116 56 quod
320 512 102 56 sit
378 512 145 56 reuera
480 512 131 56 magna
567 512 116 56 mole
639 512 160 56 externa
755 512 189 56 praessus,
900 512 102 56 vel
944 512 73 56 mu-

244 554 147 54 lieri:
347 554 73 54 &
376 554 132 54 tamen
464 554 132 54 nihil
552 554 176 54 externum
684 554 117 54 est.
757 554 103 54 Nec
816 554 132 54 debet
889 554 132 54 aliquis

240 605 178 51 asserere
373 605 89 51 se
418 605 118 51 esse
492 605 193 51 localiter
640 605 133 51 motum
729 605 118 51 nisi
803 605 163 51 aliunde
907 605 118 51 docea-

246 643 123 50 tur.
322 643 138 50 sicut
415 643 184 50 somnians
553 643 92 50 se
599 643 123 50 esse
676 643 138 50 super
768 643 154 50 trabem
875 643 108 50 non
921 643 108 50 debet

244 690 130 50 illud
330 690 188 50 asserere,
475 690 116 50 nisi
547 690 173 50 rationes
677 690 130 50 valde
764 690 202 50 probabiles
923 690 87 50 ad
952 690 72 50 hoc

249 733 177 55 habeat.
378 733 81 55 &
410 733 113 55 vbi
474 733 129 55 sunt
555 733 193 55 rationes
700 733 193 55 hincinde
829 733 193 55 oppositae:

239 776 155 48 dicere
348 776 140 48 debet
441 776 140 48 sicut
534 776 202 48 Apostolus
689 776 186 48 secundae
829 776 93 48 ad
860 776 155 48 Corinth.

237 819 128 55 xii.
317 819 160 55 Nescio
429 819 96 55 an
477 819 96 55 in
525 819 192 55 corpore,
668 819 96 55 an
716 819 144 55 extra
812 819 176 55 corpus,
924 819 96 55 deus

235 864 139 53 scit.
327 864 123 53 homo
404 864 123 53 enim
481 864 108 53 non
543 864 139 53 debet
636 864 200 53 assentiri
790 864 139 53 visis
882 864 93 53 in
913 864 108 53 somno

244 914 119 51 nisi
319 914 179 51 vigilans
453 914 89 51 de
497 914 104 51 hoc
557 914 194 51 doceatur.
706 914 104 51 Vbi
766 914 119 51 vero
840 914 89 51 in
885 914 119 51 alia
944 914 75 51 per

243 952 89 54 te
288 952 162 54 dicitur
406 952 103 54 non
465 952 133 54 posse
553 952 162 54 aliquid
671 952 148 54 mutari
774 952 89 54 de
819 952 148 54 specie
922 952 89 54 in
951 952 74 54 spe

242 1003 128 47 ciem,
327 1003 99 47 non
384 1003 99 47 est
440 1003 99 47 hic
497 1003 128 47 sermo
582 1003 85 47 de
624 1003 142 47 specie
724 1003 198 47 essentiali
879 1003 71 47 &
894 1003 128 47 quidita

252 1046 143 54 tiua,
348 1046 111 54 non
411 1046 127 54 enim
491 1046 143 54 credo
586 1046 111 54 cum
650 1046 175 54 losepho
777 1046 95 54 de
825 1046 223 54 Nabuchodo-

247 1087 138 49 nosor
339 1087 123 49 quod
416 1087 123 49 deus
493 1087 154 49 possit
601 1087 154 49 facere
708 1087 185 49 hominem,
847 1087 154 49 bouem,
939 1087 77 49 vel

244 1131 145 53 equum,
345 1131 116 53 quia
418 1131 102 53 hoc
476 1131 189 53 implicat.
621 1131 131 53 sermo
708 1131 102 53 est
766 1131 131 53 illic
853 1131 87 53 de
882 1131 131 53 creatio

240 1176 91 50 ne
285 1176 167 50 proprie
407 1176 152 50 dicta:
513 1176 91 50 de
558 1176 106 50 qua
619 1176 91 50 in
664 1176 136 50 prima
755 1176 212 50 quaestione
907 1176 121 50 primae

234 1220 135 57 dist.
324 1220 135 57 huius
414 1220 150 57 quarti
519 1220 165 57 loquuti
639 1220 150 57 sumus:
743 1220 120 57 quae
818 1220 195 57 creaturae
953 1220 75 57 non

240 1266 190 54 competit,
386 1266 102 54 non
445 1266 117 54 enim
518 1266 146 54 potest
620 1266 146 54 facere
722 1266 190 54 creaturas
868 1266 117 54 quas
926 1266 102 54 deus.

240 1313 121 55 ipse
315 1313 151 55 namque
421 1313 151 55 potest
526 1313 151 55 formam
632 1313 256 55 substantialem
843 1313 196 55 producere
979 1313 45 55 &

246 1355 152 58 corpus:
357 1355 69 58 &
384 1355 138 58 partes
481 1355 207 58 coniungere,
646 1355 124 58 totum
729 1355 193 58 compositum
867 1355 152 58 producen-

239 1398 102 51 do:
298 1398 117 51 quod
371 1398 102 51 non
429 1398 146 51 potest
531 1398 146 51 facere
633 1398 175 51 angelus.
764 1398 117 51 bene
837 1398 131 51 tamen
910 1398 117 51 potest

243 1442 204 56 coniungere
404 1442 146 56 actiua
505 1442 189 56 passiuis:
651 1442 87 56 vt
695 1442 160 56 agentia
811 1442 189 56 naturalia
942 1442 73 56 pro

242 1488 209 49 ducantur.
403 1488 97 49 vt
451 1488 145 49 dicit
548 1488 161 49 glossa
661 1488 209 49 Augustini
822 1488 161 49 Exodi.
918 1488 97 49 vii.

242 1535 185 49 Daemones
380 1535 170 49 quamuis
504 1535 139 49 mali,
596 1535 170 49 naturam
720 1535 123 49 suam
797 1535 108 49 non
843 1535 185 49 amiserunt.

240 1579 121 56 ldeo
316 1579 106 56 dum
376 1579 106 56 per
437 1579 257 56 incantationem
649 1579 151 56 eorum,
755 1579 182 56 malefici
891 1579 167 56 aliquid

242 1622 171 47 efficere
370 1622 185 47 conantur,
512 1622 199 47 discurrunt
668 1622 100 47 per
725 1622 156 47 mundum:
839 1622 71 47 &
868 1622 142 47 subito
953 1622 71 47 se-

240 1669 117 53 mina
313 1669 132 53 eorum
401 1669 88 53 de
445 1669 146 53 quibus
547 1669 102 53 hoc
606 1669 161 53 agitur,
723 1669 190 53 afferunt:
869 1669 146 53 sicque
957 1669 58 53 de

240 1712 134 48 illis
329 1712 223 48 permittente
507 1712 104 48 deo
567 1712 134 48 nouas
656 1712 134 48 rerum
745 1712 163 48 species
849 1712 178 48 producunt.

240 1751 122 57 Nihil
322 1751 122 57 autem
403 1751 95 57 hic
457 1751 149 57 faciunt
565 1751 108 57 nisi
633 1751 108 57 quod
701 1751 135 57 actiua
795 1751 162 57 passiuis
904 1751 108 57 appli-

223 1799 150 48 cant:
324 1799 150 48 sicut
424 1799 200 48 Vulcanus
574 1799 100 48 in
624 1799 234 48 formatione
808 1799 167 48 ignis.
925 1799 84 48 &
941 1799 84 48 hoc

234 1839 92 60 in
280 1839 198 60 creaturis
432 1839 244 60 imperfectis.
630 1839 137 60 Etiam
722 1839 92 60 de
768 1839 214 60 animalibus
920 1839 107 60 perfe

239 1889 221 53 ctissimis,
413 1889 189 53 scilicet
554 1889 173 53 homine:
680 1889 158 53 glossa
791 1889 221 53 marginalis
948 1889 79 53 Ge-

235 1932 166 49 neseos.
355 1932 105 49 vi.
416 1932 136 49 tenet
506 1932 105 49 hoc
566 1932 105 49 non
626 1932 120 49 esse
702 1932 241 49 improbabile:
898 1932 90 49 vt
928 1932 90 49 pote

237 1973 95 57 de
285 1973 221 57 gigantibus
459 1973 79 57 a
490 1973 221 57 daemonibus
664 1973 174 57 incubis
791 1973 190 57 genitis.
933 1973 127 57 Quia

236 2018 127 65 vero
316 2018 159 65 daemon
427 2018 159 65 possit
538 2018 143 65 semen
634 2018 127 65 viri
713 2018 191 65 impedire
856 2018 95 65 si
904 2018 127 65 sibi
967 2018 64 65 re

236 2064 227 55 linquatur:
414 2064 146 55 patet
511 2064 162 55 multis
624 2064 162 55 modis.
738 2064 146 55 Primo
835 2064 130 55 modo
900 2064 113 55 inter

248 2112 129 51 virum
334 2112 72 51 &
362 2112 186 51 mulierem.
506 2112 100 51 nam
563 2112 143 51 potest
664 2112 172 51 impedire
793 2112 143 51 meatus
893 2112 100 51 per
936 2112 86 51 quos

239 2154 122 52 fluit
321 2154 122 52 semen
402 2154 81 52 in
443 2154 163 52 corpore.
565 2154 122 52 licet
646 2154 108 52 enim
714 2154 95 52 sit
768 2154 176 52 spiritus:
890 2154 122 52 potest:

231 2201 163 51 corpus
345 2201 163 51 mouere
459 2201 228 51 expulsiue:
638 2201 98 51 vt
686 2201 146 51 patet
784 2201 98 51 ex
833 2201 179 51 dictis.
947 2201 81 51 er-

233 2248 96 52 go
281 2248 160 52 potest
393 2248 192 52 impedire
537 2248 144 52 semen
634 2248 96 52 ne
682 2248 112 52 per
746 2248 160 52 meatus
842 2248 176 52 naturales

240 2285 157 51 currat:
354 2285 129 51 etiam
440 2285 86 51 si
483 2285 86 51 ab
526 2285 157 51 omnibus
640 2285 172 51 partibus
769 2285 172 51 corporis
883 2285 129 51 diffun-

243 2336 156 52 datur:
352 2336 93 52 vt
399 2336 187 52 dixerunt
539 2336 171 52 antiqui
663 2336 124 52 ante
741 2336 249 52 Aristotelem.
928 2336 93 52 quia

241 2376 114 55 erit
312 2376 100 55 per
369 2376 128 55 totum
454 2376 142 55 corpus
554 2376 185 55 existens.
696 2376 128 55 multo
781 2376 128 55 magis
867 2376 142 55 potest
952 2376 57 55 se

240 2425 135 54 minis
330 2425 225 54 diffusionem
510 2425 180 54 impedire
644 2425 90 54 si
689 2425 75 54 a
719 2425 240 54 determinatis
899 2425 120 54 parti-

244 2466 117 48 bus
311 2466 200 48 corporis
461 2466 266 48 diffundatur:
677 2466 83 48 &
710 2466 150 48 magis
810 2466 183 48 seminis
927 2466 83 48 ge-

240 2509 221 55 nerationem.
417 2509 162 55 Aliquae
535 2509 133 55 autem
624 2509 118 55 sunt
698 2509 162 55 haerbae
816 2509 192 55 spermatis
948 2509 74 55 nu-

243 2552 175 56 tritiuae
375 2552 73 56 &
404 2552 248 56 calefactiuae,
608 2552 87 56 vt
652 2552 117 56 apud
724 2552 175 56 auctores
856 2552 131 56 notum
929 2552 87 56 est.

245 2603 101 55 sed
302 2603 245 55 exemplificare
504 2603 101 55 non
562 2603 188 55 conducit.
706 2603 159 55 Aliquae
822 2603 115 55 sunt
880 2603 144 55 frigefa-

247 2649 139 50 ctiuae:
348 2649 101 50 quae
411 2649 239 50 febricitantibus
613 2649 76 50 in
651 2649 139 50 aestate
751 2649 202 50 conceduntur.
903 2649 113 50 Influem

252 2688 94 48 tia
305 2688 121 48 etiam
386 2688 121 48 caeli
467 2688 81 48 ad
508 2688 94 48 hoc
561 2688 135 48 multum
656 2688 135 48 facit.
750 2688 202 48 Aristoteles
912 2688 81 48 in
939 2688 67 48 pro

249 2734 211 66 blematibus
415 2734 151 66 dicit.
521 2734 136 66 viros
611 2734 91 66 in
657 2734 136 66 hyeme
747 2734 76 66 &
777 2734 91 66 in
823 2734 166 66 tempore
928 2734 91 66 fri

1091 313 127 72 gido
1170 313 174 72 veneris
1297 313 143 72 magis
1392 313 238 72 appetentes:
1582 313 79 72 &
1614 313 143 72 minus
1709 313 95 72 in
1740 313 127 72 aesta-

1098 382 99 47 e.
1147 382 197 47 opposito
1295 382 131 47 modo
1377 382 99 47 de
1426 382 214 47 foeminis.
1591 382 115 47 Cum
1656 382 164 47 itaque
1755 382 115 47 homi-

1094 419 111 56 nes
1158 419 127 56 illa
1237 419 238 56 experimento
1428 419 207 56 nouerint:
1587 419 143 56 multo
1682 419 159 56 melius
1778 419 95 56 dae-

1083 473 146 48 mones
1180 473 97 48 ea
1229 473 195 48 capiunt.
1375 473 114 48 Non
1440 473 130 48 ergo
1521 473 195 48 mirabere
1667 473 97 48 si
1700 473 162 48 daemones

1102 512 166 70 possint
1223 512 181 70 carnalem
1359 512 166 70 copulam
1480 512 197 70 impedire:
1631 512 76 70 &
1661 512 197 70 veneficae
1798 512 60 70 mu

1088 552 150 65 lieres
1193 552 180 65 daemonum
1328 552 165 65 auxilio
1433 552 150 65 adiutae.

1125 635 262 60 Secundo
1316 635 286 60 arguitur
1530 635 238 60 contra
1673 635 191 60 eandem

1083 694 264 58 conclusionem.
1301 694 171 58 Magicae
1425 694 186 58 mulieres
1564 694 78 58 &
1595 694 186 58 daemones
1735 694 109 58 per
1781 694 78 58 di-

1076 732 103 59 cta
1135 732 103 59 non
1194 732 161 59 possunt
1311 732 103 59 rem
1370 732 88 59 de
1414 732 103 59 vna
1472 732 147 59 specie
1575 732 205 59 essentiali
1736 732 88 59 in
1765 732 103 59 aliam

1083 779 165 53 mutare:
1203 779 105 53 sed
1263 779 135 53 tanta
1352 779 105 53 est
1412 779 209 53 apparentia
1577 779 120 53 quod
1652 779 105 53 rem
1711 779 90 53 de
1741 779 120 53 specie

1084 820 210 68 essentiali
1249 820 90 68 in
1294 820 135 68 aliam
1384 820 240 68 transmutent:
1580 820 135 68 quata
1670 820 90 68 de
1700 820 165 68 quibuscum

1092 867 120 48 quod
1167 867 135 48 aliis
1257 867 329 48 transmutationibus:
1541 867 120 48 ergo
1616 867 105 48 non
1676 867 135 48 habes
1750 867 120 48 dicere

1087 915 112 49 quod
1157 915 154 49 aliquid
1269 915 168 49 faciant.
1395 915 224 49 Respondetur.
1576 915 126 49 licet
1660 915 126 49 multa
1744 915 84 49 de
1772 915 98 49 trans

1083 961 191 48 formatis
1226 961 206 48 legantur:
1385 961 79 48 &
1417 961 159 48 aliqua
1528 961 127 48 apud
1607 961 175 48 poetas:
1734 961 95 48 vt
1766 961 95 48 apud

1092 996 198 69 Nasonem
1236 996 108 69 in
1290 996 306 69 Metamorphosi:
1541 996 216 69 poetarum
1685 996 180 69 figmenta

1088 1038 133 58 sunt:
1177 1038 74 58 &
1206 1038 266 58 intelligentiam
1428 1038 177 58 latentem
1561 1038 74 58 &
1590 1038 162 58 moralem
1709 1038 162 58 habent.
1812 1038 59 58 vt

1080 1091 97 52 de
1128 1091 162 52 multis
1242 1091 97 52 in
1291 1091 162 52 porcos
1404 1091 195 52 mutatis:
1550 1091 113 52 qui
1615 1091 97 52 in
1663 1091 146 52 viros
1744 1091 130 52 sordi-

1083 1132 110 62 dos
1146 1132 141 62 luxui
1240 1132 172 62 deditos
1365 1132 78 62 &
1396 1132 94 62 in
1443 1132 157 62 gradum
1553 1132 266 62 bestialitatis
1756 1132 110 62 vitii

1077 1182 255 47 descenderunt.
1287 1182 180 47 Poetarum
1422 1182 150 47 namque
1526 1182 105 47 mos
1586 1182 105 47 est
1646 1182 105 47 sub
1706 1182 120 47 nube
1766 1182 105 47 alle-

1085 1218 165 56 goriam
1201 1218 116 56 seu
1267 1218 248 56 moralitatem
1466 1218 231 56 includere:
1648 1218 99 56 vt
1697 1218 132 56 apud
1763 1218 116 56 Aeso-

1076 1273 112 57 pum
1140 1273 80 57 &
1172 1273 143 57 alios
1267 1273 175 57 intueri
1395 1273 159 57 licet.
1506 1273 128 57 Alia
1586 1273 96 57 ad
1634 1273 175 57 literam
1745 1273 128 57 aliquo

1079 1315 125 50 modo
1158 1315 141 50 verum
1251 1315 172 50 habent:
1376 1315 172 50 iudicio
1501 1315 141 50 tamen
1595 1315 188 50 plurimum
1720 1315 141 50 erroneo

1087 1352 200 58 nominum.
1237 1352 100 58 vt
1287 1352 167 58 videre
1404 1352 117 58 est
1471 1352 133 58 apud
1554 1352 250 58 Augustinum.
1738 1352 133 58 xviii.

1087 1398 86 55 de
1130 1398 172 55 ciuitate
1259 1398 115 55 dei.
1330 1398 100 55 ca.
1388 1398 129 55 xvii.
1474 1398 86 55 de
1517 1398 143 55 sociis
1617 1398 172 55 Diomedis
1746 1398 86 55 in
1775 1398 86 55 aues

1084 1445 232 55 conuersis.
1267 1445 100 55 Et
1317 1445 133 55 apud
1400 1445 166 55 poetam
1516 1445 216 55 dicentem.
1665 1445 199 55 Carminibus

1082 1492 141 57 Circe
1177 1492 157 57 socios
1287 1492 173 57 mutauit
1412 1492 189 57 Vlyssis.
1554 1492 110 57 nam
1617 1492 189 57 sublatis
1742 1492 126 57 sociis

1076 1527 203 61 Diomedis
1228 1527 135 61 loco
1313 1527 152 61 eorum
1414 1527 186 61 corpora
1550 1527 152 61 auium
1651 1527 203 61 daemones
1803 1527 101 61 ad

1074 1575 151 57 ducere
1180 1575 197 57 poterant.
1331 1575 106 57 Sed
1392 1575 121 57 quia
1467 1575 182 57 plerique
1604 1575 167 57 hominum
1710 1575 151 57 dicuntur

1074 1619 92 56 in
1120 1619 169 56 bestias
1243 1619 169 56 mutari:
1366 1619 169 56 delusio
1489 1619 123 56 erat
1566 1619 92 56 in
1613 1619 169 56 hominum
1720 1619 139 56 visibus

1091 1667 159 63 Quaedam
1206 1667 116 63 enim
1279 1667 145 63 fertur
1380 1667 116 63 esse
1452 1667 145 63 haerba
1554 1667 116 63 quae
1626 1667 159 63 accensa
1727 1667 145 63 fumigans

1074 1702 136 54 facit
1164 1702 166 54 trabes,
1285 1702 196 54 serpentes
1436 1702 196 54 apparere.
1617 1702 106 54 Sed
1678 1702 121 54 haec
1738 1702 136 54 illusio

1097 1755 136 55 potest
1192 1755 81 55 ex
1233 1755 122 55 parte
1315 1755 163 55 obiecti,
1437 1755 136 55 medii,
1532 1755 176 55 potentiae
1667 1755 190 55 exterioris
1803 1755 68 55 vel

1075 1803 205 50 interioris
1237 1803 205 50 prouenire.
1398 1803 88 50 Ex
1442 1803 132 50 parte
1530 1803 176 50 obiecti,
1662 1803 147 50 daemon
1750 1803 117 50 potest

1076 1843 199 66 assumere
1225 1843 166 66 corpus
1341 1843 149 66 equi:
1441 1843 116 66 vel
1507 1843 215 66 fabricare
1672 1843 166 66 corpus
1772 1843 99 66 equi

1073 1883 81 57 &
1105 1883 163 57 ponere
1219 1883 147 57 circa
1317 1883 163 57 corpus
1431 1883 196 57 hominis:
1578 1883 81 57 &
1610 1883 179 57 hominem
1724 1883 147 57 trudere

1071 1934 141 48 super
1165 1934 172 48 terram:
1291 1934 94 48 vt
1338 1934 172 48 incedat
1463 1934 172 48 manibus
1588 1934 78 48 &
1619 1934 188 48 pedibus:
1760 1934 78 48 &
1792 1934 110 48 au-

1080 1973 137 69 ferre
1171 1973 92 69 ei
1217 1973 153 69 vocem.
1324 1973 107 69 hoc
1385 1973 122 69 enim
1461 1973 122 69 homo
1538 1973 137 69 nouit
1629 1973 168 69 facere:
1736 1973 122 69 ponen-

1077 2022 93 62 do
1123 2022 155 62 corpus
1232 2022 186 62 rotundum
1371 2022 93 62 in
1418 2022 109 62 ore
1480 2022 202 62 alterius:
1635 2022 78 62 &
1666 2022 155 62 postea
1759 2022 109 62 porta

1071 2073 90 59 re
1116 2073 135 59 totum
1206 2073 135 59 ipsae
1297 2073 165 59 daemon.
1417 2073 90 59 Et
1462 2073 105 59 sic
1522 2073 180 59 venefica
1657 2073 150 59 mulier
1748 2073 120 59 potest

1079 2109 180 66 equitare
1214 2109 135 66 super
1304 2109 165 66 hominem
1424 2109 90 66 in
1469 2109 135 66 equum
1558 2109 210 66 conversum:
1723 2109 75 66 &
1738 2109 120 66 cogere

1082 2158 87 58 eu
1126 2158 102 58 ire
1184 2158 87 58 ad
1228 2158 204 58 molendinum
1388 2158 102 58 cum
1446 2158 131 58 graui
1533 2158 160 58 pondere
1650 2158 116 58 quod
1723 2158 116 58 tres
1781 2158 87 58 equi

1077 2199 139 54 ferre
1169 2199 108 54 non
1231 2199 185 54 possent.
1369 2199 123 54 quia
1446 2199 154 54 daemon
1554 2199 123 54 haec
1631 2199 154 54 facit:
1739 2199 92 54 vt
1770 2199 92 54 Gre-

1082 2241 160 55 gorius
1194 2241 144 55 primo
1290 2241 144 55 libro
1386 2241 224 55 Dialogorum
1561 2241 160 55 refert
1673 2241 96 55 de
1705 2241 144 55 daemone

1078 2294 107 47 qui
1139 2294 91 47 in
1184 2294 152 47 specie
1291 2294 183 47 lactucae
1428 2294 183 47 moniali:
1565 2294 76 47 &
1595 2294 91 47 in
1641 2294 137 47 massa
1732 2294 122 47 auri
1793 2294 76 47 bea

1070 2337 99 43 to
1119 2337 181 43 Antonio
1250 2337 214 43 apparuit.
1415 2337 132 43 Hinc
1497 2337 115 43 Iob
1563 2337 115 43 cum
1629 2337 132 43 illo
1695 2337 164 43 plurimum

1085 2380 172 46 versatus
1214 2380 129 46 recte
1300 2380 172 46 dicebat.
1429 2380 100 46 Non
1486 2380 100 46 est
1544 2380 129 46 super
1630 2380 143 46 terram
1716 2380 143 46 potestas

1079 2426 113 51 quae
1149 2426 197 51 comparetur
1304 2426 99 51 ei.
1360 2426 113 51 Iob.
1431 2426 113 51 xli.
1529 2426 141 51 Potest
1628 2426 113 51 esse
1684 2426 169 51 fascinatio

1074 2469 90 47 ex
1119 2469 135 47 parte
1209 2469 150 47 medii.
1313 2469 105 47 nam
1373 2469 150 47 potest
1478 2469 180 47 impedire
1613 2469 165 47 species
1732 2469 90 47 ne
1762 2469 90 47 deue

1073 2515 121 51 niant
1153 2515 81 51 ad
1194 2515 148 51 organum
1302 2515 189 51 astantium:
1450 2515 108 51 quae
1517 2515 148 51 species
1625 2515 121 51 licet
1692 2515 162 51 corporales

1073 2558 189 46 fuerint:
1215 2558 110 46 non
1278 2558 173 46 possunt
1404 2558 236 46 naturaliter
1593 2558 95 46 ab
1640 2558 158 46 homine
1735 2558 126 46 videri

1071 2599 108 58 sed
1132 2599 139 58 solum
1225 2599 123 58 sunt
1302 2599 154 58 medium
1410 2599 108 58 per
1472 2599 123 58 quod
1549 2599 123 58 homo
1626 2599 154 58 videt.
1718 2599 139 58 Daemodo

1071 2651 146 44 autem
1168 2651 162 44 potest
1282 2651 114 44 has
1347 2651 179 44 species
1477 2651 211 44 expellere
1639 2651 97 44 ab
1688 2651 114 44 vna
1736 2651 114 44 parte

1068 2689 134 55 medii
1157 2689 89 55 ad
1202 2689 149 55 aliam.
1306 2689 74 55 &
1336 2689 104 55 sic
1396 2689 119 55 vnus
1470 2689 194 55 assistens
1619 2689 164 55 videbit
1738 2689 89 55 ad
1768 2689 89 55 quem

1077 2734 207 62 deuenient
1236 2734 191 62 species,
1379 2734 79 62 &
1411 2734 111 62 non
1475 2734 159 62 alter.
1586 2734 159 62 daemon
1697 2734 159 62 quoque
1793 2734 79 62 tam
