<?xml version="1.0" encoding="UTF-8"?>
<alto xmlns:xsi="http://www.w3.org/2001/XMLSchema-instance"
      xmlns="http://www.loc.gov/standards/alto/ns-v2#"
      xmlns:page="http://schema.primaresearch.org/PAGE/gts/pagecontent/2013-07-15"
      xsi:schemaLocation="http://www.loc.gov/standards/alto/ns-v2# http://www.loc.gov/standards/alto/alto.xsd">
   <Description>
      <MeasurementUnit>pixel</MeasurementUnit>
      <OCRProcessing ID="IdOcr">
         <ocrProcessingStep>
            <processingDateTime>2020-06-19T10:10:30.343-04:00</processingDateTime>
            <processingSoftware>
               <softwareCreator>READ COOP</softwareCreator>
               <softwareName>Transkribus</softwareName>
            </processingSoftware>
         </ocrProcessingStep>
      </OCRProcessing>
   </Description>
   <Tags/>
   <Layout>
      <Page ID="Page1" PHYSICAL_IMG_NR="1" HEIGHT="3325" WIDTH="2310">
         <TopMargin HEIGHT="0" WIDTH="2310" VPOS="0" HPOS="0"/>
         <LeftMargin HEIGHT="3325" WIDTH="0" VPOS="0" HPOS="0"/>
         <RightMargin HEIGHT="3325" WIDTH="0" VPOS="0" HPOS="2310"/>
         <BottomMargin HEIGHT="0" WIDTH="2310" VPOS="3325" HPOS="0"/>
         <PrintSpace HEIGHT="3325" WIDTH="2310" VPOS="0" HPOS="0">
            <TextBlock ID="TextRegion_1592245822572_279"
                       HEIGHT="2526"
                       WIDTH="804"
                       VPOS="252"
                       HPOS="455">
               <Shape>
                  <Polygon POINTS="455,252 1259,252 1259,2778 455,2778"/>
               </Shape>
               <TextLine ID="r1l2"
                         BASELINE="373"
                         HEIGHT="77"
                         WIDTH="769"
                         VPOS="296"
                         HPOS="454">
                  <String HEIGHT="77"
                          WIDTH="148"
                          VPOS="296"
                          HPOS="439"
                          CONTENT="corpus"/>
                  <SP HEIGHT="77" WIDTH="15" VPOS="296" HPOS="587"/>
                  <String HEIGHT="77"
                          WIDTH="118"
                          VPOS="296"
                          HPOS="543"
                          CONTENT="quam"/>
                  <SP HEIGHT="77" WIDTH="15" VPOS="296" HPOS="661"/>
                  <String HEIGHT="77"
                          WIDTH="163"
                          VPOS="296"
                          HPOS="617"
                          CONTENT="animam:"/>
                  <SP HEIGHT="77" WIDTH="15" VPOS="296" HPOS="779"/>
                  <String HEIGHT="77" WIDTH="104" VPOS="296" HPOS="735" CONTENT="vel"/>
                  <SP HEIGHT="77" WIDTH="15" VPOS="296" HPOS="839"/>
                  <String HEIGHT="77"
                          WIDTH="177"
                          VPOS="296"
                          HPOS="794"
                          CONTENT="superior"/>
                  <SP HEIGHT="77" WIDTH="15" VPOS="296" HPOS="972"/>
                  <String HEIGHT="77"
                          WIDTH="148"
                          VPOS="296"
                          HPOS="927"
                          CONTENT="daemon"/>
                  <SP HEIGHT="77" WIDTH="15" VPOS="296" HPOS="1075"/>
                  <String HEIGHT="77"
                          WIDTH="207"
                          VPOS="296"
                          HPOS="1031"
                          CONTENT="inferiorem"/>
                  <SP HEIGHT="77" WIDTH="15" VPOS="296" HPOS="1238"/>
                  <String HEIGHT="77" WIDTH="44" VPOS="296" HPOS="1179" CONTENT="a"/>
               </TextLine>
               <TextLine ID="r1l4"
                         BASELINE="409"
                         HEIGHT="43"
                         WIDTH="748"
                         VPOS="366"
                         HPOS="466">
                  <String HEIGHT="43" WIDTH="92" VPOS="366" HPOS="453" CONTENT="suo"/>
                  <SP HEIGHT="43" WIDTH="13" VPOS="366" HPOS="545"/>
                  <String HEIGHT="43"
                          WIDTH="105"
                          VPOS="366"
                          HPOS="505"
                          CONTENT="loco"/>
                  <SP HEIGHT="43" WIDTH="13" VPOS="366" HPOS="610"/>
                  <String HEIGHT="43"
                          WIDTH="144"
                          VPOS="366"
                          HPOS="571"
                          CONTENT="pellere"/>
                  <SP HEIGHT="43" WIDTH="13" VPOS="366" HPOS="715"/>
                  <String HEIGHT="43"
                          WIDTH="144"
                          VPOS="366"
                          HPOS="676"
                          CONTENT="potest:"/>
                  <SP HEIGHT="43" WIDTH="13" VPOS="366" HPOS="820"/>
                  <String HEIGHT="43"
                          WIDTH="144"
                          VPOS="366"
                          HPOS="781"
                          CONTENT="quamuis"/>
                  <SP HEIGHT="43" WIDTH="13" VPOS="366" HPOS="925"/>
                  <String HEIGHT="43"
                          WIDTH="105"
                          VPOS="366"
                          HPOS="886"
                          CONTENT="sint"/>
                  <SP HEIGHT="43" WIDTH="13" VPOS="366" HPOS="991"/>
                  <String HEIGHT="43"
                          WIDTH="157"
                          VPOS="366"
                          HPOS="952"
                          CONTENT="spiritus"/>
                  <SP HEIGHT="43" WIDTH="13" VPOS="366" HPOS="1109"/>
                  <String HEIGHT="43"
                          WIDTH="131"
                          VPOS="366"
                          HPOS="1070"
                          CONTENT="quibus"/>
                  <SP HEIGHT="43" WIDTH="13" VPOS="366" HPOS="1201"/>
                  <String HEIGHT="43" WIDTH="66" VPOS="366" HPOS="1148" CONTENT="non"/>
               </TextLine>
               <TextLine ID="r1l6"
                         BASELINE="460"
                         HEIGHT="50"
                         WIDTH="764"
                         VPOS="410"
                         HPOS="459">
                  <String HEIGHT="50"
                          WIDTH="177"
                          VPOS="410"
                          HPOS="445"
                          CONTENT="repugnant"/>
                  <SP HEIGHT="50" WIDTH="14" VPOS="410" HPOS="623"/>
                  <String HEIGHT="50"
                          WIDTH="109"
                          VPOS="410"
                          HPOS="582"
                          CONTENT="esse"/>
                  <SP HEIGHT="50" WIDTH="14" VPOS="410" HPOS="691"/>
                  <String HEIGHT="50"
                          WIDTH="123"
                          VPOS="410"
                          HPOS="650"
                          CONTENT="simul"/>
                  <SP HEIGHT="50" WIDTH="14" VPOS="410" HPOS="773"/>
                  <String HEIGHT="50" WIDTH="82" VPOS="410" HPOS="732" CONTENT="in"/>
                  <SP HEIGHT="50" WIDTH="14" VPOS="410" HPOS="814"/>
                  <String HEIGHT="50"
                          WIDTH="123"
                          VPOS="410"
                          HPOS="773"
                          CONTENT="eodem"/>
                  <SP HEIGHT="50" WIDTH="14" VPOS="410" HPOS="896"/>
                  <String HEIGHT="50"
                          WIDTH="109"
                          VPOS="410"
                          HPOS="855"
                          CONTENT="loco"/>
                  <SP HEIGHT="50" WIDTH="14" VPOS="410" HPOS="964"/>
                  <String HEIGHT="50" WIDTH="82" VPOS="410" HPOS="923" CONTENT="si"/>
                  <SP HEIGHT="50" WIDTH="14" VPOS="410" HPOS="1005"/>
                  <String HEIGHT="50"
                          WIDTH="150"
                          VPOS="410"
                          HPOS="964"
                          CONTENT="velint."/>
                  <SP HEIGHT="50" WIDTH="14" VPOS="410" HPOS="1114"/>
                  <String HEIGHT="50"
                          WIDTH="123"
                          VPOS="410"
                          HPOS="1073"
                          CONTENT="Sicut"/>
                  <SP HEIGHT="50" WIDTH="14" VPOS="410" HPOS="1196"/>
                  <String HEIGHT="50"
                          WIDTH="82"
                          VPOS="410"
                          HPOS="1141"
                          CONTENT="enim"/>
               </TextLine>
               <TextLine ID="r1l8"
                         BASELINE="499"
                         HEIGHT="43"
                         WIDTH="773"
                         VPOS="456"
                         HPOS="453">
                  <String HEIGHT="43"
                          WIDTH="155"
                          VPOS="456"
                          HPOS="439"
                          CONTENT="fortior"/>
                  <SP HEIGHT="43" WIDTH="14" VPOS="456" HPOS="594"/>
                  <String HEIGHT="43"
                          WIDTH="141"
                          VPOS="456"
                          HPOS="551"
                          CONTENT="potest"/>
                  <SP HEIGHT="43" WIDTH="14" VPOS="456" HPOS="692"/>
                  <String HEIGHT="43"
                          WIDTH="197"
                          VPOS="456"
                          HPOS="650"
                          CONTENT="debiliorem"/>
                  <SP HEIGHT="43" WIDTH="14" VPOS="456" HPOS="847"/>
                  <String HEIGHT="43"
                          WIDTH="225"
                          VPOS="456"
                          HPOS="804"
                          CONTENT="prosternere,"/>
                  <SP HEIGHT="43" WIDTH="14" VPOS="456" HPOS="1029"/>
                  <String HEIGHT="43" WIDTH="70" VPOS="456" HPOS="987" CONTENT="&amp;"/>
                  <SP HEIGHT="43" WIDTH="14" VPOS="456" HPOS="1057"/>
                  <String HEIGHT="43" WIDTH="70" VPOS="456" HPOS="1015" CONTENT="a"/>
                  <SP HEIGHT="43" WIDTH="14" VPOS="456" HPOS="1085"/>
                  <String HEIGHT="43" WIDTH="98" VPOS="456" HPOS="1043" CONTENT="sua"/>
                  <SP HEIGHT="43" WIDTH="14" VPOS="456" HPOS="1142"/>
                  <String HEIGHT="43"
                          WIDTH="112"
                          VPOS="456"
                          HPOS="1100"
                          CONTENT="sede"/>
                  <SP HEIGHT="43" WIDTH="14" VPOS="456" HPOS="1212"/>
                  <String HEIGHT="43" WIDTH="70" VPOS="456" HPOS="1156" CONTENT="tru"/>
               </TextLine>
               <TextLine ID="r1l10"
                         BASELINE="549"
                         HEIGHT="52"
                         WIDTH="766"
                         VPOS="497"
                         HPOS="457">
                  <String HEIGHT="52"
                          WIDTH="130"
                          VPOS="497"
                          HPOS="443"
                          CONTENT="dere:"/>
                  <SP HEIGHT="52" WIDTH="14" VPOS="497" HPOS="573"/>
                  <String HEIGHT="52" WIDTH="101" VPOS="497" HPOS="529" CONTENT="sic"/>
                  <SP HEIGHT="52" WIDTH="14" VPOS="497" HPOS="630"/>
                  <String HEIGHT="52"
                          WIDTH="145"
                          VPOS="497"
                          HPOS="587"
                          CONTENT="potest"/>
                  <SP HEIGHT="52" WIDTH="14" VPOS="497" HPOS="732"/>
                  <String HEIGHT="52"
                          WIDTH="145"
                          VPOS="497"
                          HPOS="688"
                          CONTENT="daemon"/>
                  <SP HEIGHT="52" WIDTH="14" VPOS="497" HPOS="833"/>
                  <String HEIGHT="52"
                          WIDTH="159"
                          VPOS="497"
                          HPOS="789"
                          CONTENT="species"/>
                  <SP HEIGHT="52" WIDTH="14" VPOS="497" HPOS="948"/>
                  <String HEIGHT="52"
                          WIDTH="130"
                          VPOS="497"
                          HPOS="905"
                          CONTENT="omnes"/>
                  <SP HEIGHT="52" WIDTH="14" VPOS="497" HPOS="1035"/>
                  <String HEIGHT="52"
                          WIDTH="145"
                          VPOS="497"
                          HPOS="992"
                          CONTENT="versus"/>
                  <SP HEIGHT="52" WIDTH="14" VPOS="497" HPOS="1136"/>
                  <String HEIGHT="52"
                          WIDTH="145"
                          VPOS="497"
                          HPOS="1078"
                          CONTENT="obiectum"/>
               </TextLine>
               <TextLine ID="r1l12"
                         BASELINE="589"
                         HEIGHT="48"
                         WIDTH="759"
                         VPOS="541"
                         HPOS="460">
                  <String HEIGHT="48"
                          WIDTH="155"
                          VPOS="541"
                          HPOS="446"
                          CONTENT="tendem:"/>
                  <SP HEIGHT="48" WIDTH="14" VPOS="541" HPOS="601"/>
                  <String HEIGHT="48" WIDTH="84" VPOS="541" HPOS="558" CONTENT="es"/>
                  <SP HEIGHT="48" WIDTH="14" VPOS="541" HPOS="643"/>
                  <String HEIGHT="48"
                          WIDTH="197"
                          VPOS="541"
                          HPOS="601"
                          CONTENT="repellere,"/>
                  <SP HEIGHT="48" WIDTH="14" VPOS="541" HPOS="797"/>
                  <String HEIGHT="48" WIDTH="84" VPOS="541" HPOS="755" CONTENT="vt"/>
                  <SP HEIGHT="48" WIDTH="14" VPOS="541" HPOS="840"/>
                  <String HEIGHT="48"
                          WIDTH="112"
                          VPOS="541"
                          HPOS="797"
                          CONTENT="nemo"/>
                  <SP HEIGHT="48" WIDTH="14" VPOS="541" HPOS="910"/>
                  <String HEIGHT="48"
                          WIDTH="183"
                          VPOS="541"
                          HPOS="868"
                          CONTENT="assistens"/>
                  <SP HEIGHT="48" WIDTH="14" VPOS="541" HPOS="1050"/>
                  <String HEIGHT="48"
                          WIDTH="155"
                          VPOS="541"
                          HPOS="1008"
                          CONTENT="videat:"/>
                  <SP HEIGHT="48" WIDTH="14" VPOS="541" HPOS="1163"/>
                  <String HEIGHT="48" WIDTH="98" VPOS="541" HPOS="1121" CONTENT="non"/>
                  <SP HEIGHT="48" WIDTH="14" VPOS="541" HPOS="1219"/>
                  <String HEIGHT="48" WIDTH="56" VPOS="541" HPOS="1163" CONTENT="mo"/>
               </TextLine>
               <TextLine ID="r1l14"
                         BASELINE="634"
                         HEIGHT="49"
                         WIDTH="758"
                         VPOS="585"
                         HPOS="465">
                  <String HEIGHT="49"
                          WIDTH="129"
                          VPOS="585"
                          HPOS="451"
                          CONTENT="uendo"/>
                  <SP HEIGHT="49" WIDTH="14" VPOS="585" HPOS="579"/>
                  <String HEIGHT="49"
                          WIDTH="172"
                          VPOS="585"
                          HPOS="537"
                          CONTENT="accidens"/>
                  <SP HEIGHT="49" WIDTH="14" VPOS="585" HPOS="708"/>
                  <String HEIGHT="49" WIDTH="86" VPOS="585" HPOS="665" CONTENT="de"/>
                  <SP HEIGHT="49" WIDTH="14" VPOS="585" HPOS="751"/>
                  <String HEIGHT="49"
                          WIDTH="172"
                          VPOS="585"
                          HPOS="708"
                          CONTENT="subiecto"/>
                  <SP HEIGHT="49" WIDTH="14" VPOS="585" HPOS="880"/>
                  <String HEIGHT="49" WIDTH="86" VPOS="585" HPOS="837" CONTENT="in"/>
                  <SP HEIGHT="49" WIDTH="14" VPOS="585" HPOS="923"/>
                  <String HEIGHT="49"
                          WIDTH="200"
                          VPOS="585"
                          HPOS="880"
                          CONTENT="subiectum:"/>
                  <SP HEIGHT="49" WIDTH="14" VPOS="585" HPOS="1080"/>
                  <String HEIGHT="49"
                          WIDTH="100"
                          VPOS="585"
                          HPOS="1037"
                          CONTENT="sed"/>
                  <SP HEIGHT="49" WIDTH="14" VPOS="585" HPOS="1137"/>
                  <String HEIGHT="49"
                          WIDTH="143"
                          VPOS="585"
                          HPOS="1094"
                          CONTENT="aerem,"/>
                  <SP HEIGHT="49" WIDTH="14" VPOS="585" HPOS="1237"/>
                  <String HEIGHT="49" WIDTH="43" VPOS="585" HPOS="1180" CONTENT="&amp;"/>
               </TextLine>
               <TextLine ID="r1l16"
                         BASELINE="685"
                         HEIGHT="56"
                         WIDTH="760"
                         VPOS="629"
                         HPOS="456">
                  <String HEIGHT="56"
                          WIDTH="127"
                          VPOS="629"
                          HPOS="442"
                          CONTENT="totum"/>
                  <SP HEIGHT="56" WIDTH="14" VPOS="629" HPOS="569"/>
                  <String HEIGHT="56"
                          WIDTH="127"
                          VPOS="629"
                          HPOS="526"
                          CONTENT="simul"/>
                  <SP HEIGHT="56" WIDTH="14" VPOS="629" HPOS="653"/>
                  <String HEIGHT="56"
                          WIDTH="211"
                          VPOS="629"
                          HPOS="611"
                          CONTENT="repellendo."/>
                  <SP HEIGHT="56" WIDTH="14" VPOS="629" HPOS="822"/>
                  <String HEIGHT="56" WIDTH="84" VPOS="629" HPOS="780" CONTENT="Et"/>
                  <SP HEIGHT="56" WIDTH="14" VPOS="629" HPOS="864"/>
                  <String HEIGHT="56" WIDTH="84" VPOS="629" HPOS="822" CONTENT="si"/>
                  <SP HEIGHT="56" WIDTH="14" VPOS="629" HPOS="906"/>
                  <String HEIGHT="56"
                          WIDTH="169"
                          VPOS="629"
                          HPOS="864"
                          CONTENT="teneatur"/>
                  <SP HEIGHT="56" WIDTH="14" VPOS="629" HPOS="1033"/>
                  <String HEIGHT="56"
                          WIDTH="155"
                          VPOS="629"
                          HPOS="991"
                          CONTENT="positio"/>
                  <SP HEIGHT="56" WIDTH="14" VPOS="629" HPOS="1146"/>
                  <String HEIGHT="56"
                          WIDTH="113"
                          VPOS="629"
                          HPOS="1103"
                          CONTENT="quam"/>
                  <SP HEIGHT="56" WIDTH="14" VPOS="629" HPOS="1216"/>
                  <String HEIGHT="56" WIDTH="56" VPOS="629" HPOS="1160" CONTENT="mi"/>
               </TextLine>
               <TextLine ID="r1l18"
                         BASELINE="728"
                         HEIGHT="49"
                         WIDTH="758"
                         VPOS="679"
                         HPOS="454">
                  <String HEIGHT="49" WIDTH="100" VPOS="679" HPOS="440" CONTENT="nus"/>
                  <SP HEIGHT="49" WIDTH="14" VPOS="679" HPOS="540"/>
                  <String HEIGHT="49"
                          WIDTH="229"
                          VPOS="679"
                          HPOS="497"
                          CONTENT="rationabilem"/>
                  <SP HEIGHT="49" WIDTH="14" VPOS="679" HPOS="726"/>
                  <String HEIGHT="49"
                          WIDTH="172"
                          VPOS="679"
                          HPOS="683"
                          CONTENT="existimo"/>
                  <SP HEIGHT="49" WIDTH="14" VPOS="679" HPOS="854"/>
                  <String HEIGHT="49"
                          WIDTH="114"
                          VPOS="679"
                          HPOS="812"
                          CONTENT="quod"/>
                  <SP HEIGHT="49" WIDTH="14" VPOS="679" HPOS="926"/>
                  <String HEIGHT="49" WIDTH="100" VPOS="679" HPOS="883" CONTENT="non"/>
                  <SP HEIGHT="49" WIDTH="14" VPOS="679" HPOS="983"/>
                  <String HEIGHT="49"
                          WIDTH="114"
                          VPOS="679"
                          HPOS="940"
                          CONTENT="sunt"/>
                  <SP HEIGHT="49" WIDTH="14" VPOS="679" HPOS="1055"/>
                  <String HEIGHT="49"
                          WIDTH="172"
                          VPOS="679"
                          HPOS="1012"
                          CONTENT="ponendae"/>
                  <SP HEIGHT="49" WIDTH="14" VPOS="679" HPOS="1183"/>
                  <String HEIGHT="49"
                          WIDTH="86"
                          VPOS="679"
                          HPOS="1126"
                          CONTENT="spe"
                          SUBS_TYPE="HypPart1"
                          SUBS_CONTENT="species"/>
                  <HYP CONTENT="-"/>
               </TextLine>
               <TextLine ID="r1l20"
                         BASELINE="772"
                         HEIGHT="53"
                         WIDTH="769"
                         VPOS="719"
                         HPOS="457">
                  <String HEIGHT="53"
                          WIDTH="112"
                          VPOS="719"
                          HPOS="443"
                          CONTENT="cies"
                          SUBS_TYPE="HypPart2"
                          SUBS_CONTENT="species"/>
                  <SP HEIGHT="53" WIDTH="14" VPOS="719" HPOS="555"/>
                  <String HEIGHT="53" WIDTH="84" VPOS="719" HPOS="513" CONTENT="in"/>
                  <SP HEIGHT="53" WIDTH="14" VPOS="719" HPOS="597"/>
                  <String HEIGHT="53"
                          WIDTH="140"
                          VPOS="719"
                          HPOS="555"
                          CONTENT="medio:"/>
                  <SP HEIGHT="53" WIDTH="14" VPOS="719" HPOS="695"/>
                  <String HEIGHT="53"
                          WIDTH="140"
                          VPOS="719"
                          HPOS="653"
                          CONTENT="potest"/>
                  <SP HEIGHT="53" WIDTH="14" VPOS="719" HPOS="793"/>
                  <String HEIGHT="53"
                          WIDTH="224"
                          VPOS="719"
                          HPOS="751"
                          CONTENT="impedimentum"/>
                  <SP HEIGHT="53" WIDTH="14" VPOS="719" HPOS="974"/>
                  <String HEIGHT="53" WIDTH="84" VPOS="719" HPOS="932" CONTENT="ne"/>
                  <SP HEIGHT="53" WIDTH="14" VPOS="719" HPOS="1016"/>
                  <String HEIGHT="53"
                          WIDTH="168"
                          VPOS="719"
                          HPOS="974"
                          CONTENT="oblectum"/>
                  <SP HEIGHT="53" WIDTH="14" VPOS="719" HPOS="1142"/>
                  <String HEIGHT="53"
                          WIDTH="140"
                          VPOS="719"
                          HPOS="1086"
                          CONTENT="videatur"/>
               </TextLine>
               <TextLine ID="r1l22"
                         BASELINE="811"
                         HEIGHT="42"
                         WIDTH="760"
                         VPOS="769"
                         HPOS="456">
                  <String HEIGHT="42"
                          WIDTH="183"
                          VPOS="769"
                          HPOS="442"
                          CONTENT="efficere."/>
                  <SP HEIGHT="42" WIDTH="14" VPOS="769" HPOS="625"/>
                  <String HEIGHT="42"
                          WIDTH="127"
                          VPOS="769"
                          HPOS="583"
                          CONTENT="sicut"/>
                  <SP HEIGHT="42" WIDTH="14" VPOS="769" HPOS="709"/>
                  <String HEIGHT="42" WIDTH="99" VPOS="769" HPOS="667" CONTENT="iam"/>
                  <SP HEIGHT="42" WIDTH="14" VPOS="769" HPOS="766"/>
                  <String HEIGHT="42"
                          WIDTH="113"
                          VPOS="769"
                          HPOS="723"
                          CONTENT="vnum"/>
                  <SP HEIGHT="42" WIDTH="14" VPOS="769" HPOS="836"/>
                  <String HEIGHT="42"
                          WIDTH="169"
                          VPOS="769"
                          HPOS="794"
                          CONTENT="obiectum"/>
                  <SP HEIGHT="42" WIDTH="14" VPOS="769" HPOS="963"/>
                  <String HEIGHT="42"
                          WIDTH="141"
                          VPOS="769"
                          HPOS="920"
                          CONTENT="opacum"/>
                  <SP HEIGHT="42" WIDTH="14" VPOS="769" HPOS="1061"/>
                  <String HEIGHT="42"
                          WIDTH="169"
                          VPOS="769"
                          HPOS="1019"
                          CONTENT="alterius"/>
                  <SP HEIGHT="42" WIDTH="14" VPOS="769" HPOS="1188"/>
                  <String HEIGHT="42"
                          WIDTH="84"
                          VPOS="769"
                          HPOS="1132"
                          CONTENT="obie"/>
               </TextLine>
               <TextLine ID="r1l24"
                         BASELINE="855"
                         HEIGHT="48"
                         WIDTH="760"
                         VPOS="807"
                         HPOS="463">
                  <String HEIGHT="48" WIDTH="92" VPOS="807" HPOS="450" CONTENT="cti"/>
                  <SP HEIGHT="48" WIDTH="13" VPOS="807" HPOS="542"/>
                  <String HEIGHT="48"
                          WIDTH="157"
                          VPOS="807"
                          HPOS="502"
                          CONTENT="visionem"/>
                  <SP HEIGHT="48" WIDTH="13" VPOS="807" HPOS="660"/>
                  <String HEIGHT="48"
                          WIDTH="157"
                          VPOS="807"
                          HPOS="620"
                          CONTENT="impedit."/>
                  <SP HEIGHT="48" WIDTH="13" VPOS="807" HPOS="777"/>
                  <String HEIGHT="48" WIDTH="79" VPOS="807" HPOS="738" CONTENT="In"/>
                  <SP HEIGHT="48" WIDTH="13" VPOS="807" HPOS="817"/>
                  <String HEIGHT="48"
                          WIDTH="118"
                          VPOS="807"
                          HPOS="777"
                          CONTENT="super"/>
                  <SP HEIGHT="48" WIDTH="13" VPOS="807" HPOS="895"/>
                  <String HEIGHT="48"
                          WIDTH="131"
                          VPOS="807"
                          HPOS="856"
                          CONTENT="potest"/>
                  <SP HEIGHT="48" WIDTH="13" VPOS="807" HPOS="987"/>
                  <String HEIGHT="48"
                          WIDTH="131"
                          VPOS="807"
                          HPOS="948"
                          CONTENT="facere"/>
                  <SP HEIGHT="48" WIDTH="13" VPOS="807" HPOS="1079"/>
                  <String HEIGHT="48"
                          WIDTH="105"
                          VPOS="807"
                          HPOS="1040"
                          CONTENT="quod"/>
                  <SP HEIGHT="48" WIDTH="13" VPOS="807" HPOS="1144"/>
                  <String HEIGHT="48"
                          WIDTH="105"
                          VPOS="807"
                          HPOS="1105"
                          CONTENT="vnum"/>
                  <SP HEIGHT="48" WIDTH="13" VPOS="807" HPOS="1210"/>
                  <String HEIGHT="48"
                          WIDTH="66"
                          VPOS="807"
                          HPOS="1157"
                          CONTENT="ob"
                          SUBS_TYPE="HypPart1"
                          SUBS_CONTENT="obiectum"/>
                  <HYP CONTENT="-"/>
               </TextLine>
               <TextLine ID="r1l26"
                         BASELINE="910"
                         HEIGHT="59"
                         WIDTH="756"
                         VPOS="851"
                         HPOS="463">
                  <String HEIGHT="59"
                          WIDTH="130"
                          VPOS="851"
                          HPOS="450"
                          CONTENT="iectum"
                          SUBS_TYPE="HypPart2"
                          SUBS_CONTENT="obiectum"/>
                  <SP HEIGHT="59" WIDTH="13" VPOS="851" HPOS="580"/>
                  <String HEIGHT="59"
                          WIDTH="156"
                          VPOS="851"
                          HPOS="541"
                          CONTENT="alterius"/>
                  <SP HEIGHT="59" WIDTH="13" VPOS="851" HPOS="698"/>
                  <String HEIGHT="59"
                          WIDTH="143"
                          VPOS="851"
                          HPOS="659"
                          CONTENT="coloris"/>
                  <SP HEIGHT="59" WIDTH="13" VPOS="851" HPOS="802"/>
                  <String HEIGHT="59" WIDTH="91" VPOS="851" HPOS="763" CONTENT="vni"/>
                  <SP HEIGHT="59" WIDTH="13" VPOS="851" HPOS="854"/>
                  <String HEIGHT="59"
                          WIDTH="156"
                          VPOS="851"
                          HPOS="815"
                          CONTENT="appareat"/>
                  <SP HEIGHT="59" WIDTH="13" VPOS="851" HPOS="971"/>
                  <String HEIGHT="59"
                          WIDTH="104"
                          VPOS="851"
                          HPOS="932"
                          CONTENT="quam"/>
                  <SP HEIGHT="59" WIDTH="13" VPOS="851" HPOS="1037"/>
                  <String HEIGHT="59"
                          WIDTH="143"
                          VPOS="851"
                          HPOS="997"
                          CONTENT="alteri:"/>
                  <SP HEIGHT="59" WIDTH="13" VPOS="851" HPOS="1141"/>
                  <String HEIGHT="59"
                          WIDTH="130"
                          VPOS="851"
                          HPOS="1089"
                          CONTENT="ispeeies"/>
               </TextLine>
               <TextLine ID="r1l28"
                         BASELINE="942"
                         HEIGHT="47"
                         WIDTH="755"
                         VPOS="895"
                         HPOS="459">
                  <String HEIGHT="47"
                          WIDTH="230"
                          VPOS="895"
                          HPOS="443"
                          CONTENT="immiscendo"/>
                  <SP HEIGHT="47" WIDTH="16" VPOS="895" HPOS="672"/>
                  <String HEIGHT="47" WIDTH="115" VPOS="895" HPOS="623" CONTENT="quo"/>
                  <SP HEIGHT="47" WIDTH="16" VPOS="895" HPOS="738"/>
                  <String HEIGHT="47" WIDTH="98" VPOS="895" HPOS="689" CONTENT="ad"/>
                  <SP HEIGHT="47" WIDTH="16" VPOS="895" HPOS="787"/>
                  <String HEIGHT="47"
                          WIDTH="197"
                          VPOS="895"
                          HPOS="738"
                          CONTENT="aliquos:"/>
                  <SP HEIGHT="47" WIDTH="16" VPOS="895" HPOS="935"/>
                  <String HEIGHT="47" WIDTH="82" VPOS="895" HPOS="886" CONTENT="&amp;"/>
                  <SP HEIGHT="47" WIDTH="16" VPOS="895" HPOS="968"/>
                  <String HEIGHT="47" WIDTH="115" VPOS="895" HPOS="919" CONTENT="non"/>
                  <SP HEIGHT="47" WIDTH="16" VPOS="895" HPOS="1033"/>
                  <String HEIGHT="47" WIDTH="115" VPOS="895" HPOS="984" CONTENT="quo"/>
                  <SP HEIGHT="47" WIDTH="16" VPOS="895" HPOS="1099"/>
                  <String HEIGHT="47" WIDTH="98" VPOS="895" HPOS="1050" CONTENT="ad"/>
                  <SP HEIGHT="47" WIDTH="16" VPOS="895" HPOS="1148"/>
                  <String HEIGHT="47"
                          WIDTH="131"
                          VPOS="895"
                          HPOS="1083"
                          CONTENT="alios."/>
               </TextLine>
               <TextLine ID="r1l30"
                         BASELINE="994"
                         HEIGHT="51"
                         WIDTH="752"
                         VPOS="943"
                         HPOS="459">
                  <String HEIGHT="51"
                          WIDTH="130"
                          VPOS="943"
                          HPOS="445"
                          CONTENT="Sicut"/>
                  <SP HEIGHT="51" WIDTH="14" VPOS="943" HPOS="575"/>
                  <String HEIGHT="51"
                          WIDTH="116"
                          VPOS="943"
                          HPOS="531"
                          CONTENT="idem"/>
                  <SP HEIGHT="51" WIDTH="14" VPOS="943" HPOS="647"/>
                  <String HEIGHT="51"
                          WIDTH="174"
                          VPOS="943"
                          HPOS="604"
                          CONTENT="obiectum"/>
                  <SP HEIGHT="51" WIDTH="14" VPOS="943" HPOS="777"/>
                  <String HEIGHT="51"
                          WIDTH="174"
                          VPOS="943"
                          HPOS="734"
                          CONTENT="alterius"/>
                  <SP HEIGHT="51" WIDTH="14" VPOS="943" HPOS="907"/>
                  <String HEIGHT="51"
                          WIDTH="159"
                          VPOS="943"
                          HPOS="864"
                          CONTENT="coloris"/>
                  <SP HEIGHT="51" WIDTH="14" VPOS="943" HPOS="1023"/>
                  <String HEIGHT="51"
                          WIDTH="174"
                          VPOS="943"
                          HPOS="980"
                          CONTENT="videtur,"/>
                  <SP HEIGHT="51" WIDTH="14" VPOS="943" HPOS="1153"/>
                  <String HEIGHT="51"
                          WIDTH="116"
                          VPOS="943"
                          HPOS="1095"
                          CONTENT="quando"/>
               </TextLine>
               <TextLine ID="r1l32"
                         BASELINE="1041"
                         HEIGHT="54"
                         WIDTH="761"
                         VPOS="987"
                         HPOS="456">
                  <String HEIGHT="54"
                          WIDTH="125"
                          VPOS="987"
                          HPOS="442"
                          CONTENT="super"/>
                  <SP HEIGHT="54" WIDTH="14" VPOS="987" HPOS="567"/>
                  <String HEIGHT="54"
                          WIDTH="125"
                          VPOS="987"
                          HPOS="525"
                          CONTENT="ipsum"/>
                  <SP HEIGHT="54" WIDTH="14" VPOS="987" HPOS="650"/>
                  <String HEIGHT="54"
                          WIDTH="138"
                          VPOS="987"
                          HPOS="608"
                          CONTENT="pannus"/>
                  <SP HEIGHT="54" WIDTH="14" VPOS="987" HPOS="747"/>
                  <String HEIGHT="54"
                          WIDTH="138"
                          VPOS="987"
                          HPOS="705"
                          CONTENT="tenuis"/>
                  <SP HEIGHT="54" WIDTH="14" VPOS="987" HPOS="843"/>
                  <String HEIGHT="54"
                          WIDTH="166"
                          VPOS="987"
                          HPOS="802"
                          CONTENT="ponitur."/>
                  <SP HEIGHT="54" WIDTH="14" VPOS="987" HPOS="968"/>
                  <String HEIGHT="54" WIDTH="69" VPOS="987" HPOS="926" CONTENT="&amp;"/>
                  <SP HEIGHT="54" WIDTH="14" VPOS="987" HPOS="996"/>
                  <String HEIGHT="54"
                          WIDTH="138"
                          VPOS="987"
                          HPOS="954"
                          CONTENT="aliter"/>
                  <SP HEIGHT="54" WIDTH="14" VPOS="987" HPOS="1092"/>
                  <String HEIGHT="54"
                          WIDTH="152"
                          VPOS="987"
                          HPOS="1051"
                          CONTENT="videmus"/>
                  <SP HEIGHT="54" WIDTH="14" VPOS="987" HPOS="1203"/>
                  <String HEIGHT="54" WIDTH="69" VPOS="987" HPOS="1148" CONTENT="per"/>
               </TextLine>
               <TextLine ID="r1l34"
                         BASELINE="1076"
                         HEIGHT="46"
                         WIDTH="755"
                         VPOS="1030"
                         HPOS="459">
                  <String HEIGHT="46"
                          WIDTH="145"
                          VPOS="1030"
                          HPOS="444"
                          CONTENT="vitrum"/>
                  <SP HEIGHT="46" WIDTH="15" VPOS="1030" HPOS="590"/>
                  <String HEIGHT="46"
                          WIDTH="145"
                          VPOS="1030"
                          HPOS="546"
                          CONTENT="rubrum"/>
                  <SP HEIGHT="46" WIDTH="15" VPOS="1030" HPOS="691"/>
                  <String HEIGHT="46"
                          WIDTH="116"
                          VPOS="1030"
                          HPOS="648"
                          CONTENT="quam"/>
                  <SP HEIGHT="46" WIDTH="15" VPOS="1030" HPOS="764"/>
                  <String HEIGHT="46"
                          WIDTH="116"
                          VPOS="1030"
                          HPOS="720"
                          CONTENT="sine"/>
                  <SP HEIGHT="46" WIDTH="15" VPOS="1030" HPOS="837"/>
                  <String HEIGHT="46"
                          WIDTH="131"
                          VPOS="1030"
                          HPOS="793"
                          CONTENT="illo."/>
                  <SP HEIGHT="46" WIDTH="15" VPOS="1030" HPOS="924"/>
                  <String HEIGHT="46" WIDTH="87" VPOS="1030" HPOS="880" CONTENT="Et"/>
                  <SP HEIGHT="46" WIDTH="15" VPOS="1030" HPOS="967"/>
                  <String HEIGHT="46" WIDTH="73" VPOS="1030" HPOS="924" CONTENT="a"/>
                  <SP HEIGHT="46" WIDTH="15" VPOS="1030" HPOS="996"/>
                  <String HEIGHT="46"
                          WIDTH="131"
                          VPOS="1030"
                          HPOS="953"
                          CONTENT="somno"/>
                  <SP HEIGHT="46" WIDTH="15" VPOS="1030" HPOS="1083"/>
                  <String HEIGHT="46"
                          WIDTH="116"
                          VPOS="1030"
                          HPOS="1040"
                          CONTENT="modo"/>
                  <SP HEIGHT="46" WIDTH="15" VPOS="1030" HPOS="1156"/>
                  <String HEIGHT="46"
                          WIDTH="116"
                          VPOS="1030"
                          HPOS="1098"
                          CONTENT="excita"/>
               </TextLine>
               <TextLine ID="r1l36"
                         BASELINE="1127"
                         HEIGHT="56"
                         WIDTH="763"
                         VPOS="1071"
                         HPOS="456">
                  <String HEIGHT="56"
                          WIDTH="101"
                          VPOS="1071"
                          HPOS="442"
                          CONTENT="tus"/>
                  <SP HEIGHT="56" WIDTH="14" VPOS="1071" HPOS="542"/>
                  <String HEIGHT="56"
                          WIDTH="144"
                          VPOS="1071"
                          HPOS="499"
                          CONTENT="aliter"/>
                  <SP HEIGHT="56" WIDTH="14" VPOS="1071" HPOS="643"/>
                  <String HEIGHT="56"
                          WIDTH="158"
                          VPOS="1071"
                          HPOS="600"
                          CONTENT="iudicat"/>
                  <SP HEIGHT="56" WIDTH="14" VPOS="1071" HPOS="758"/>
                  <String HEIGHT="56" WIDTH="86" VPOS="1071" HPOS="715" CONTENT="de"/>
                  <SP HEIGHT="56" WIDTH="14" VPOS="1071" HPOS="802"/>
                  <String HEIGHT="56"
                          WIDTH="130"
                          VPOS="1071"
                          HPOS="758"
                          CONTENT="lride"/>
                  <SP HEIGHT="56" WIDTH="14" VPOS="1071" HPOS="888"/>
                  <String HEIGHT="56"
                          WIDTH="130"
                          VPOS="1071"
                          HPOS="845"
                          CONTENT="circa"/>
                  <SP HEIGHT="56" WIDTH="14" VPOS="1071" HPOS="974"/>
                  <String HEIGHT="56"
                          WIDTH="173"
                          VPOS="1071"
                          HPOS="931"
                          CONTENT="candelam"/>
                  <SP HEIGHT="56" WIDTH="14" VPOS="1071" HPOS="1104"/>
                  <String HEIGHT="56"
                          WIDTH="115"
                          VPOS="1071"
                          HPOS="1061"
                          CONTENT="quam"/>
                  <SP HEIGHT="56" WIDTH="14" VPOS="1071" HPOS="1176"/>
                  <String HEIGHT="56"
                          WIDTH="101"
                          VPOS="1071"
                          HPOS="1118"
                          CONTENT="iandu"/>
               </TextLine>
               <TextLine ID="r1l38"
                         BASELINE="1164"
                         HEIGHT="48"
                         WIDTH="760"
                         VPOS="1116"
                         HPOS="465">
                  <String HEIGHT="48" WIDTH="92" VPOS="1116" HPOS="452" CONTENT="dum"/>
                  <SP HEIGHT="48" WIDTH="13" VPOS="1116" HPOS="544"/>
                  <String HEIGHT="48"
                          WIDTH="170"
                          VPOS="1116"
                          HPOS="504"
                          CONTENT="vigilans:"/>
                  <SP HEIGHT="48" WIDTH="13" VPOS="1116" HPOS="675"/>
                  <String HEIGHT="48" WIDTH="66" VPOS="1116" HPOS="635" CONTENT="&amp;"/>
                  <SP HEIGHT="48" WIDTH="13" VPOS="1116" HPOS="701"/>
                  <String HEIGHT="48" WIDTH="79" VPOS="1116" HPOS="662" CONTENT="in"/>
                  <SP HEIGHT="48" WIDTH="13" VPOS="1116" HPOS="740"/>
                  <String HEIGHT="48"
                          WIDTH="223"
                          VPOS="1116"
                          HPOS="701"
                          CONTENT="propinquitate"/>
                  <SP HEIGHT="48" WIDTH="13" VPOS="1116" HPOS="924"/>
                  <String HEIGHT="48"
                          WIDTH="131"
                          VPOS="1116"
                          HPOS="884"
                          CONTENT="aliter"/>
                  <SP HEIGHT="48" WIDTH="13" VPOS="1116" HPOS="1015"/>
                  <String HEIGHT="48"
                          WIDTH="105"
                          VPOS="1116"
                          HPOS="976"
                          CONTENT="quam"/>
                  <SP HEIGHT="48" WIDTH="13" VPOS="1116" HPOS="1081"/>
                  <String HEIGHT="48" WIDTH="79" VPOS="1116" HPOS="1042" CONTENT="in"/>
                  <SP HEIGHT="48" WIDTH="13" VPOS="1116" HPOS="1120"/>
                  <String HEIGHT="48"
                          WIDTH="157"
                          VPOS="1116"
                          HPOS="1068"
                          CONTENT="distantia."/>
               </TextLine>
               <TextLine ID="r1l40"
                         BASELINE="1215"
                         HEIGHT="48"
                         WIDTH="772"
                         VPOS="1167"
                         HPOS="451">
                  <String HEIGHT="48" WIDTH="76" VPOS="1167" HPOS="436" CONTENT="&amp;"/>
                  <SP HEIGHT="48" WIDTH="15" VPOS="1167" HPOS="512"/>
                  <String HEIGHT="48"
                          WIDTH="121"
                          VPOS="1167"
                          HPOS="466"
                          CONTENT="vnus"/>
                  <SP HEIGHT="48" WIDTH="15" VPOS="1167" HPOS="587"/>
                  <String HEIGHT="48"
                          WIDTH="167"
                          VPOS="1167"
                          HPOS="542"
                          CONTENT="iudicat"/>
                  <SP HEIGHT="48" WIDTH="15" VPOS="1167" HPOS="708"/>
                  <String HEIGHT="48"
                          WIDTH="167"
                          VPOS="1167"
                          HPOS="663"
                          CONTENT="propter"/>
                  <SP HEIGHT="48" WIDTH="15" VPOS="1167" HPOS="829"/>
                  <String HEIGHT="48"
                          WIDTH="136"
                          VPOS="1167"
                          HPOS="784"
                          CONTENT="situm"/>
                  <SP HEIGHT="48" WIDTH="15" VPOS="1167" HPOS="920"/>
                  <String HEIGHT="48"
                          WIDTH="136"
                          VPOS="1167"
                          HPOS="875"
                          CONTENT="visus"/>
                  <SP HEIGHT="48" WIDTH="15" VPOS="1167" HPOS="1011"/>
                  <String HEIGHT="48" WIDTH="76" VPOS="1167" HPOS="966" CONTENT="&amp;"/>
                  <SP HEIGHT="48" WIDTH="15" VPOS="1167" HPOS="1041"/>
                  <String HEIGHT="48"
                          WIDTH="151"
                          VPOS="1167"
                          HPOS="996"
                          CONTENT="varios"/>
                  <SP HEIGHT="48" WIDTH="15" VPOS="1167" HPOS="1147"/>
                  <String HEIGHT="48"
                          WIDTH="136"
                          VPOS="1167"
                          HPOS="1087"
                          CONTENT="colores"/>
               </TextLine>
               <TextLine ID="r1l42"
                         BASELINE="1261"
                         HEIGHT="51"
                         WIDTH="752"
                         VPOS="1210"
                         HPOS="465">
                  <String HEIGHT="51"
                          WIDTH="130"
                          VPOS="1210"
                          HPOS="452"
                          CONTENT="plures"/>
                  <SP HEIGHT="51" WIDTH="13" VPOS="1210" HPOS="582"/>
                  <String HEIGHT="51"
                          WIDTH="156"
                          VPOS="1210"
                          HPOS="543"
                          CONTENT="colores,"/>
                  <SP HEIGHT="51" WIDTH="13" VPOS="1210" HPOS="698"/>
                  <String HEIGHT="51" WIDTH="78" VPOS="1210" HPOS="659" CONTENT="vt"/>
                  <SP HEIGHT="51" WIDTH="13" VPOS="1210" HPOS="737"/>
                  <String HEIGHT="51" WIDTH="78" VPOS="1210" HPOS="698" CONTENT="in"/>
                  <SP HEIGHT="51" WIDTH="13" VPOS="1210" HPOS="776"/>
                  <String HEIGHT="51"
                          WIDTH="117"
                          VPOS="1210"
                          HPOS="737"
                          CONTENT="collo"/>
                  <SP HEIGHT="51" WIDTH="13" VPOS="1210" HPOS="854"/>
                  <String HEIGHT="51"
                          WIDTH="156"
                          VPOS="1210"
                          HPOS="815"
                          CONTENT="columbae"/>
                  <SP HEIGHT="51" WIDTH="13" VPOS="1210" HPOS="971"/>
                  <String HEIGHT="51" WIDTH="91" VPOS="1210" HPOS="932" CONTENT="vel"/>
                  <SP HEIGHT="51" WIDTH="13" VPOS="1210" HPOS="1023"/>
                  <String HEIGHT="51"
                          WIDTH="130"
                          VPOS="1210"
                          HPOS="984"
                          CONTENT="lride,"/>
                  <SP HEIGHT="51" WIDTH="13" VPOS="1210" HPOS="1113"/>
                  <String HEIGHT="51"
                          WIDTH="104"
                          VPOS="1210"
                          HPOS="1074"
                          CONTENT="quam"/>
                  <SP HEIGHT="51" WIDTH="13" VPOS="1210" HPOS="1178"/>
                  <String HEIGHT="51"
                          WIDTH="91"
                          VPOS="1210"
                          HPOS="1126"
                          CONTENT="sint."/>
               </TextLine>
               <TextLine ID="r1l44"
                         BASELINE="1311"
                         HEIGHT="58"
                         WIDTH="754"
                         VPOS="1253"
                         HPOS="465">
                  <String HEIGHT="58" WIDTH="64" VPOS="1253" HPOS="452" CONTENT="â‹"/>
                  <SP HEIGHT="58" WIDTH="13" VPOS="1253" HPOS="516"/>
                  <String HEIGHT="58"
                          WIDTH="128"
                          VPOS="1253"
                          HPOS="478"
                          CONTENT="Potest"/>
                  <SP HEIGHT="58" WIDTH="13" VPOS="1253" HPOS="606"/>
                  <String HEIGHT="58"
                          WIDTH="141"
                          VPOS="1253"
                          HPOS="567"
                          CONTENT="insuper"/>
                  <SP HEIGHT="58" WIDTH="13" VPOS="1253" HPOS="708"/>
                  <String HEIGHT="58"
                          WIDTH="102"
                          VPOS="1253"
                          HPOS="669"
                          CONTENT="esse"/>
                  <SP HEIGHT="58" WIDTH="13" VPOS="1253" HPOS="772"/>
                  <String HEIGHT="58"
                          WIDTH="192"
                          VPOS="1253"
                          HPOS="733"
                          CONTENT="praestigium"/>
                  <SP HEIGHT="58" WIDTH="13" VPOS="1253" HPOS="925"/>
                  <String HEIGHT="58" WIDTH="77" VPOS="1253" HPOS="887" CONTENT="in"/>
                  <SP HEIGHT="58" WIDTH="13" VPOS="1253" HPOS="963"/>
                  <String HEIGHT="58"
                          WIDTH="153"
                          VPOS="1253"
                          HPOS="925"
                          CONTENT="potentia"/>
                  <SP HEIGHT="58" WIDTH="13" VPOS="1253" HPOS="1078"/>
                  <String HEIGHT="58"
                          WIDTH="89"
                          VPOS="1253"
                          HPOS="1040"
                          CONTENT="tam"/>
                  <SP HEIGHT="58" WIDTH="13" VPOS="1253" HPOS="1130"/>
                  <String HEIGHT="58"
                          WIDTH="141"
                          VPOS="1253"
                          HPOS="1078"
                          CONTENT="exteriore"/>
               </TextLine>
               <TextLine ID="r1l46"
                         BASELINE="1353"
                         HEIGHT="59"
                         WIDTH="773"
                         VPOS="1294"
                         HPOS="450">
                  <String HEIGHT="59"
                          WIDTH="115"
                          VPOS="1294"
                          HPOS="434"
                          CONTENT="qui"/>
                  <SP HEIGHT="59" WIDTH="16" VPOS="1294" HPOS="549"/>
                  <String HEIGHT="59"
                          WIDTH="230"
                          VPOS="1294"
                          HPOS="499"
                          CONTENT="interiore."/>
                  <SP HEIGHT="59" WIDTH="16" VPOS="1294" HPOS="730"/>
                  <String HEIGHT="59" WIDTH="99" VPOS="1294" HPOS="680" CONTENT="na"/>
                  <SP HEIGHT="59" WIDTH="16" VPOS="1294" HPOS="779"/>
                  <String HEIGHT="59"
                          WIDTH="197"
                          VPOS="1294"
                          HPOS="730"
                          CONTENT="Maniacus"/>
                  <SP HEIGHT="59" WIDTH="16" VPOS="1294" HPOS="927"/>
                  <String HEIGHT="59" WIDTH="82" VPOS="1294" HPOS="878" CONTENT="&amp;"/>
                  <SP HEIGHT="59" WIDTH="16" VPOS="1294" HPOS="960"/>
                  <String HEIGHT="59"
                          WIDTH="247"
                          VPOS="1294"
                          HPOS="911"
                          CONTENT="phreneticus"/>
                  <SP HEIGHT="59" WIDTH="16" VPOS="1294" HPOS="1157"/>
                  <String HEIGHT="59" WIDTH="99" VPOS="1294" HPOS="1108" CONTENT="ob"/>
                  <SP HEIGHT="59" WIDTH="16" VPOS="1294" HPOS="1207"/>
                  <String HEIGHT="59"
                          WIDTH="82"
                          VPOS="1294"
                          HPOS="1141"
                          CONTENT="hu"
                          SUBS_TYPE="HypPart1"
                          SUBS_CONTENT="humores"/>
                  <HYP CONTENT="-"/>
               </TextLine>
               <TextLine ID="r1l48"
                         BASELINE="1389"
                         HEIGHT="45"
                         WIDTH="761"
                         VPOS="1344"
                         HPOS="462">
                  <String HEIGHT="45"
                          WIDTH="143"
                          VPOS="1344"
                          HPOS="446"
                          CONTENT="mores"
                          SUBS_TYPE="HypPart2"
                          SUBS_CONTENT="humores"/>
                  <SP HEIGHT="45" WIDTH="16" VPOS="1344" HPOS="589"/>
                  <String HEIGHT="45"
                          WIDTH="190"
                          VPOS="1344"
                          HPOS="541"
                          CONTENT="cadentes"/>
                  <SP HEIGHT="45" WIDTH="16" VPOS="1344" HPOS="732"/>
                  <String HEIGHT="45"
                          WIDTH="143"
                          VPOS="1344"
                          HPOS="684"
                          CONTENT="circa"/>
                  <SP HEIGHT="45" WIDTH="16" VPOS="1344" HPOS="827"/>
                  <String HEIGHT="45"
                          WIDTH="206"
                          VPOS="1344"
                          HPOS="779"
                          CONTENT="potentias"/>
                  <SP HEIGHT="45" WIDTH="16" VPOS="1344" HPOS="985"/>
                  <String HEIGHT="45"
                          WIDTH="174"
                          VPOS="1344"
                          HPOS="938"
                          CONTENT="iudicat"/>
                  <SP HEIGHT="45" WIDTH="16" VPOS="1344" HPOS="1112"/>
                  <String HEIGHT="45"
                          WIDTH="174"
                          VPOS="1344"
                          HPOS="1049"
                          CONTENT="serpentes"/>
               </TextLine>
               <TextLine ID="r1l50"
                         BASELINE="1427"
                         HEIGHT="43"
                         WIDTH="772"
                         VPOS="1384"
                         HPOS="453">
                  <String HEIGHT="43"
                          WIDTH="115"
                          VPOS="1384"
                          HPOS="437"
                          CONTENT="vel"/>
                  <SP HEIGHT="43" WIDTH="16" VPOS="1384" HPOS="552"/>
                  <String HEIGHT="43"
                          WIDTH="197"
                          VPOS="1384"
                          HPOS="502"
                          CONTENT="daemones"/>
                  <SP HEIGHT="43" WIDTH="16" VPOS="1384" HPOS="699"/>
                  <String HEIGHT="43" WIDTH="99" VPOS="1384" HPOS="650" CONTENT="in"/>
                  <SP HEIGHT="43" WIDTH="16" VPOS="1384" HPOS="749"/>
                  <String HEIGHT="43"
                          WIDTH="131"
                          VPOS="1384"
                          HPOS="699"
                          CONTENT="domo"/>
                  <SP HEIGHT="43" WIDTH="16" VPOS="1384" HPOS="831"/>
                  <String HEIGHT="43"
                          WIDTH="115"
                          VPOS="1384"
                          HPOS="782"
                          CONTENT="qui"/>
                  <SP HEIGHT="43" WIDTH="16" VPOS="1384" HPOS="896"/>
                  <String HEIGHT="43"
                          WIDTH="115"
                          VPOS="1384"
                          HPOS="847"
                          CONTENT="non"/>
                  <SP HEIGHT="43" WIDTH="16" VPOS="1384" HPOS="962"/>
                  <String HEIGHT="43"
                          WIDTH="148"
                          VPOS="1384"
                          HPOS="913"
                          CONTENT="sunt."/>
                  <SP HEIGHT="43" WIDTH="16" VPOS="1384" HPOS="1061"/>
                  <String HEIGHT="43" WIDTH="82" VPOS="1384" HPOS="1011" CONTENT="&amp;"/>
                  <SP HEIGHT="43" WIDTH="16" VPOS="1384" HPOS="1094"/>
                  <String HEIGHT="43"
                          WIDTH="164"
                          VPOS="1384"
                          HPOS="1044"
                          CONTENT="oculus"/>
                  <SP HEIGHT="43" WIDTH="16" VPOS="1384" HPOS="1209"/>
                  <String HEIGHT="43"
                          WIDTH="82"
                          VPOS="1384"
                          HPOS="1143"
                          CONTENT="pa"
                          SUBS_TYPE="HypPart1"
                          SUBS_CONTENT="parum"/>
                  <HYP CONTENT="-"/>
               </TextLine>
               <TextLine ID="r1l52"
                         BASELINE="1485"
                         HEIGHT="52"
                         WIDTH="764"
                         VPOS="1433"
                         HPOS="457">
                  <String HEIGHT="52"
                          WIDTH="107"
                          VPOS="1433"
                          HPOS="442"
                          CONTENT="rum"
                          SUBS_TYPE="HypPart2"
                          SUBS_CONTENT="parum"/>
                  <SP HEIGHT="52" WIDTH="15" VPOS="1433" HPOS="549"/>
                  <String HEIGHT="52" WIDTH="76" VPOS="1433" HPOS="503" CONTENT="a"/>
                  <SP HEIGHT="52" WIDTH="15" VPOS="1433" HPOS="579"/>
                  <String HEIGHT="52"
                          WIDTH="107"
                          VPOS="1433"
                          HPOS="533"
                          CONTENT="sua"/>
                  <SP HEIGHT="52" WIDTH="15" VPOS="1433" HPOS="640"/>
                  <String HEIGHT="52"
                          WIDTH="122"
                          VPOS="1433"
                          HPOS="595"
                          CONTENT="sede"/>
                  <SP HEIGHT="52" WIDTH="15" VPOS="1433" HPOS="717"/>
                  <String HEIGHT="52"
                          WIDTH="183"
                          VPOS="1433"
                          HPOS="671"
                          CONTENT="eleuatus"/>
                  <SP HEIGHT="52" WIDTH="15" VPOS="1433" HPOS="854"/>
                  <String HEIGHT="52"
                          WIDTH="138"
                          VPOS="1433"
                          HPOS="808"
                          CONTENT="facit"/>
                  <SP HEIGHT="52" WIDTH="15" VPOS="1433" HPOS="946"/>
                  <String HEIGHT="52"
                          WIDTH="122"
                          VPOS="1433"
                          HPOS="900"
                          CONTENT="vnum"/>
                  <SP HEIGHT="52" WIDTH="15" VPOS="1433" HPOS="1022"/>
                  <String HEIGHT="52"
                          WIDTH="183"
                          VPOS="1433"
                          HPOS="977"
                          CONTENT="obiectum"/>
                  <SP HEIGHT="52" WIDTH="15" VPOS="1433" HPOS="1160"/>
                  <String HEIGHT="52"
                          WIDTH="107"
                          VPOS="1433"
                          HPOS="1114"
                          CONTENT="duo"/>
                  <SP HEIGHT="52" WIDTH="15" VPOS="1433" HPOS="1221"/>
                  <String HEIGHT="52" WIDTH="61" VPOS="1433" HPOS="1160" CONTENT="ap"/>
               </TextLine>
               <TextLine ID="r1l54"
                         BASELINE="1527"
                         HEIGHT="45"
                         WIDTH="751"
                         VPOS="1482"
                         HPOS="456">
                  <String HEIGHT="45"
                          WIDTH="165"
                          VPOS="1482"
                          HPOS="441"
                          CONTENT="parere:"/>
                  <SP HEIGHT="45" WIDTH="15" VPOS="1482" HPOS="606"/>
                  <String HEIGHT="45" WIDTH="90" VPOS="1482" HPOS="561" CONTENT="vt"/>
                  <SP HEIGHT="45" WIDTH="15" VPOS="1482" HPOS="651"/>
                  <String HEIGHT="45"
                          WIDTH="135"
                          VPOS="1482"
                          HPOS="606"
                          CONTENT="pisum"/>
                  <SP HEIGHT="45" WIDTH="15" VPOS="1482" HPOS="741"/>
                  <String HEIGHT="45"
                          WIDTH="165"
                          VPOS="1482"
                          HPOS="696"
                          CONTENT="digitis"/>
                  <SP HEIGHT="45" WIDTH="15" VPOS="1482" HPOS="862"/>
                  <String HEIGHT="45"
                          WIDTH="225"
                          VPOS="1482"
                          HPOS="816"
                          CONTENT="cancellatis"/>
                  <SP HEIGHT="45" WIDTH="15" VPOS="1482" HPOS="1042"/>
                  <String HEIGHT="45"
                          WIDTH="150"
                          VPOS="1482"
                          HPOS="997"
                          CONTENT="tactum"/>
                  <SP HEIGHT="45" WIDTH="15" VPOS="1482" HPOS="1147"/>
                  <String HEIGHT="45"
                          WIDTH="105"
                          VPOS="1482"
                          HPOS="1102"
                          CONTENT="duo"/>
                  <SP HEIGHT="45" WIDTH="15" VPOS="1482" HPOS="1207"/>
                  <String HEIGHT="45" WIDTH="60" VPOS="1482" HPOS="1147" CONTENT="ap"/>
               </TextLine>
               <TextLine ID="r1l56"
                         BASELINE="1574"
                         HEIGHT="53"
                         WIDTH="763"
                         VPOS="1521"
                         HPOS="459">
                  <String HEIGHT="53"
                          WIDTH="150"
                          VPOS="1521"
                          HPOS="444"
                          CONTENT="parere"/>
                  <SP HEIGHT="53" WIDTH="15" VPOS="1521" HPOS="594"/>
                  <String HEIGHT="53"
                          WIDTH="150"
                          VPOS="1521"
                          HPOS="549"
                          CONTENT="facit."/>
                  <SP HEIGHT="53" WIDTH="15" VPOS="1521" HPOS="698"/>
                  <String HEIGHT="53" WIDTH="90" VPOS="1521" HPOS="653" CONTENT="Et"/>
                  <SP HEIGHT="53" WIDTH="15" VPOS="1521" HPOS="743"/>
                  <String HEIGHT="53"
                          WIDTH="150"
                          VPOS="1521"
                          HPOS="698"
                          CONTENT="quando"/>
                  <SP HEIGHT="53" WIDTH="15" VPOS="1521" HPOS="848"/>
                  <String HEIGHT="53"
                          WIDTH="150"
                          VPOS="1521"
                          HPOS="803"
                          CONTENT="sensus"/>
                  <SP HEIGHT="53" WIDTH="15" VPOS="1521" HPOS="953"/>
                  <String HEIGHT="53"
                          WIDTH="135"
                          VPOS="1521"
                          HPOS="908"
                          CONTENT="circa"/>
                  <SP HEIGHT="53" WIDTH="15" VPOS="1521" HPOS="1042"/>
                  <String HEIGHT="53"
                          WIDTH="120"
                          VPOS="1521"
                          HPOS="998"
                          CONTENT="suum"/>
                  <SP HEIGHT="53" WIDTH="15" VPOS="1521" HPOS="1117"/>
                  <String HEIGHT="53"
                          WIDTH="165"
                          VPOS="1521"
                          HPOS="1057"
                          CONTENT="sensibile"/>
               </TextLine>
               <TextLine ID="r1l58"
                         BASELINE="1609"
                         HEIGHT="45"
                         WIDTH="752"
                         VPOS="1564"
                         HPOS="462">
                  <String HEIGHT="45"
                          WIDTH="139"
                          VPOS="1564"
                          HPOS="448"
                          CONTENT="errat:"/>
                  <SP HEIGHT="45" WIDTH="14" VPOS="1564" HPOS="587"/>
                  <String HEIGHT="45"
                          WIDTH="209"
                          VPOS="1564"
                          HPOS="546"
                          CONTENT="intellectus"/>
                  <SP HEIGHT="45" WIDTH="14" VPOS="1564" HPOS="754"/>
                  <String HEIGHT="45" WIDTH="97" VPOS="1564" HPOS="713" CONTENT="non"/>
                  <SP HEIGHT="45" WIDTH="14" VPOS="1564" HPOS="810"/>
                  <String HEIGHT="45"
                          WIDTH="181"
                          VPOS="1564"
                          HPOS="768"
                          CONTENT="reperiens"/>
                  <SP HEIGHT="45" WIDTH="14" VPOS="1564" HPOS="949"/>
                  <String HEIGHT="45"
                          WIDTH="167"
                          VPOS="1564"
                          HPOS="908"
                          CONTENT="rationem"/>
                  <SP HEIGHT="45" WIDTH="14" VPOS="1564" HPOS="1075"/>
                  <String HEIGHT="45"
                          WIDTH="181"
                          VPOS="1564"
                          HPOS="1033"
                          CONTENT="fortiorem"/>
                  <SP HEIGHT="45" WIDTH="14" VPOS="1564" HPOS="1214"/>
                  <String HEIGHT="45" WIDTH="56" VPOS="1564" HPOS="1158" CONTENT="ad"/>
               </TextLine>
               <TextLine ID="r1l60"
                         BASELINE="1655"
                         HEIGHT="49"
                         WIDTH="766"
                         VPOS="1606"
                         HPOS="460">
                  <String HEIGHT="49"
                          WIDTH="153"
                          VPOS="1606"
                          HPOS="445"
                          CONTENT="sensum"/>
                  <SP HEIGHT="49" WIDTH="15" VPOS="1606" HPOS="598"/>
                  <String HEIGHT="49"
                          WIDTH="245"
                          VPOS="1606"
                          HPOS="552"
                          CONTENT="castigandum,"/>
                  <SP HEIGHT="49" WIDTH="15" VPOS="1606" HPOS="797"/>
                  <String HEIGHT="49"
                          WIDTH="199"
                          VPOS="1606"
                          HPOS="751"
                          CONTENT="illuditur"/>
                  <SP HEIGHT="49" WIDTH="15" VPOS="1606" HPOS="950"/>
                  <String HEIGHT="49" WIDTH="77" VPOS="1606" HPOS="904" CONTENT="&amp;"/>
                  <SP HEIGHT="49" WIDTH="15" VPOS="1606" HPOS="981"/>
                  <String HEIGHT="49"
                          WIDTH="184"
                          VPOS="1606"
                          HPOS="935"
                          CONTENT="aberrat."/>
                  <SP HEIGHT="49" WIDTH="15" VPOS="1606" HPOS="1119"/>
                  <String HEIGHT="49"
                          WIDTH="107"
                          VPOS="1606"
                          HPOS="1073"
                          CONTENT="hic"/>
                  <SP HEIGHT="49" WIDTH="15" VPOS="1606" HPOS="1180"/>
                  <String HEIGHT="49"
                          WIDTH="107"
                          VPOS="1606"
                          HPOS="1119"
                          CONTENT="autem"/>
               </TextLine>
               <TextLine ID="r1l62"
                         BASELINE="1703"
                         HEIGHT="55"
                         WIDTH="764"
                         VPOS="1648"
                         HPOS="462">
                  <String HEIGHT="55"
                          WIDTH="105"
                          VPOS="1648"
                          HPOS="447"
                          CONTENT="hoc"/>
                  <SP HEIGHT="55" WIDTH="15" VPOS="1648" HPOS="552"/>
                  <String HEIGHT="55"
                          WIDTH="240"
                          VPOS="1648"
                          HPOS="507"
                          CONTENT="deprehendere"/>
                  <SP HEIGHT="55" WIDTH="15" VPOS="1648" HPOS="747"/>
                  <String HEIGHT="55"
                          WIDTH="105"
                          VPOS="1648"
                          HPOS="702"
                          CONTENT="non"/>
                  <SP HEIGHT="55" WIDTH="15" VPOS="1648" HPOS="807"/>
                  <String HEIGHT="55"
                          WIDTH="165"
                          VPOS="1648"
                          HPOS="762"
                          CONTENT="potest."/>
                  <SP HEIGHT="55" WIDTH="15" VPOS="1648" HPOS="926"/>
                  <String HEIGHT="55"
                          WIDTH="150"
                          VPOS="1648"
                          HPOS="881"
                          CONTENT="Beatus"/>
                  <SP HEIGHT="55" WIDTH="15" VPOS="1648" HPOS="1031"/>
                  <String HEIGHT="55"
                          WIDTH="135"
                          VPOS="1648"
                          HPOS="986"
                          CONTENT="tamen"/>
                  <SP HEIGHT="55" WIDTH="15" VPOS="1648" HPOS="1121"/>
                  <String HEIGHT="55"
                          WIDTH="165"
                          VPOS="1648"
                          HPOS="1061"
                          CONTENT="Macharius"/>
               </TextLine>
               <TextLine ID="r1l64"
                         BASELINE="1749"
                         HEIGHT="51"
                         WIDTH="761"
                         VPOS="1698"
                         HPOS="462">
                  <String HEIGHT="51"
                          WIDTH="129"
                          VPOS="1698"
                          HPOS="448"
                          CONTENT="vtiin"/>
                  <SP HEIGHT="51" WIDTH="14" VPOS="1698" HPOS="577"/>
                  <String HEIGHT="51"
                          WIDTH="129"
                          VPOS="1698"
                          HPOS="534"
                          CONTENT="vitis"/>
                  <SP HEIGHT="51" WIDTH="14" VPOS="1698" HPOS="663"/>
                  <String HEIGHT="51"
                          WIDTH="144"
                          VPOS="1698"
                          HPOS="620"
                          CONTENT="patrum"/>
                  <SP HEIGHT="51" WIDTH="14" VPOS="1698" HPOS="764"/>
                  <String HEIGHT="51"
                          WIDTH="172"
                          VPOS="1698"
                          HPOS="720"
                          CONTENT="legimus,"/>
                  <SP HEIGHT="51" WIDTH="14" VPOS="1698" HPOS="893"/>
                  <String HEIGHT="51"
                          WIDTH="201"
                          VPOS="1698"
                          HPOS="850"
                          CONTENT="iuuenculam"/>
                  <SP HEIGHT="51" WIDTH="14" VPOS="1698" HPOS="1051"/>
                  <String HEIGHT="51"
                          WIDTH="144"
                          VPOS="1698"
                          HPOS="1008"
                          CONTENT="reuera"/>
                  <SP HEIGHT="51" WIDTH="14" VPOS="1698" HPOS="1151"/>
                  <String HEIGHT="51"
                          WIDTH="144"
                          VPOS="1698"
                          HPOS="1108"
                          CONTENT="vidit:"/>
                  <SP HEIGHT="51" WIDTH="14" VPOS="1698" HPOS="1252"/>
                  <String HEIGHT="51" WIDTH="29" VPOS="1698" HPOS="1194" CONTENT=""/>
               </TextLine>
               <TextLine ID="r1l66"
                         BASELINE="1788"
                         HEIGHT="49"
                         WIDTH="767"
                         VPOS="1739"
                         HPOS="456">
                  <String HEIGHT="49"
                          WIDTH="120"
                          VPOS="1739"
                          HPOS="441"
                          CONTENT="quam"/>
                  <SP HEIGHT="49" WIDTH="15" VPOS="1739" HPOS="561"/>
                  <String HEIGHT="49"
                          WIDTH="120"
                          VPOS="1739"
                          HPOS="516"
                          CONTENT="alii"/>
                  <SP HEIGHT="49" WIDTH="15" VPOS="1739" HPOS="636"/>
                  <String HEIGHT="49" WIDTH="90" VPOS="1739" HPOS="591" CONTENT="in"/>
                  <SP HEIGHT="49" WIDTH="15" VPOS="1739" HPOS="682"/>
                  <String HEIGHT="49"
                          WIDTH="135"
                          VPOS="1739"
                          HPOS="636"
                          CONTENT="equam"/>
                  <SP HEIGHT="49" WIDTH="15" VPOS="1739" HPOS="772"/>
                  <String HEIGHT="49"
                          WIDTH="196"
                          VPOS="1739"
                          HPOS="727"
                          CONTENT="conversam"/>
                  <SP HEIGHT="49" WIDTH="15" VPOS="1739" HPOS="922"/>
                  <String HEIGHT="49"
                          WIDTH="196"
                          VPOS="1739"
                          HPOS="877"
                          CONTENT="putarunt:"/>
                  <SP HEIGHT="49" WIDTH="15" VPOS="1739" HPOS="1073"/>
                  <String HEIGHT="49"
                          WIDTH="105"
                          VPOS="1739"
                          HPOS="1027"
                          CONTENT="sed"/>
                  <SP HEIGHT="49" WIDTH="15" VPOS="1739" HPOS="1133"/>
                  <String HEIGHT="49"
                          WIDTH="150"
                          VPOS="1739"
                          HPOS="1073"
                          CONTENT="miraculo"/>
               </TextLine>
               <TextLine ID="r1l68"
                         BASELINE="1836"
                         HEIGHT="49"
                         WIDTH="769"
                         VPOS="1787"
                         HPOS="460">
                  <String HEIGHT="49" WIDTH="100" VPOS="1787" HPOS="443" CONTENT="se"/>
                  <SP HEIGHT="49" WIDTH="17" VPOS="1787" HPOS="544"/>
                  <String HEIGHT="49"
                          WIDTH="201"
                          VPOS="1787"
                          HPOS="493"
                          CONTENT="adiutus."/>
                  <SP HEIGHT="49" WIDTH="17" VPOS="1787" HPOS="694"/>
                  <String HEIGHT="49"
                          WIDTH="150"
                          VPOS="1787"
                          HPOS="644"
                          CONTENT="Porro"/>
                  <SP HEIGHT="49" WIDTH="17" VPOS="1787" HPOS="794"/>
                  <String HEIGHT="49" WIDTH="100" VPOS="1787" HPOS="744" CONTENT="in"/>
                  <SP HEIGHT="49" WIDTH="17" VPOS="1787" HPOS="844"/>
                  <String HEIGHT="49"
                          WIDTH="150"
                          VPOS="1787"
                          HPOS="794"
                          CONTENT="somno"/>
                  <SP HEIGHT="49" WIDTH="17" VPOS="1787" HPOS="945"/>
                  <String HEIGHT="49" WIDTH="100" VPOS="1787" HPOS="895" CONTENT="ob"/>
                  <SP HEIGHT="49" WIDTH="17" VPOS="1787" HPOS="995"/>
                  <String HEIGHT="49"
                          WIDTH="184"
                          VPOS="1787"
                          HPOS="945"
                          CONTENT="species"/>
                  <SP HEIGHT="49" WIDTH="17" VPOS="1787" HPOS="1129"/>
                  <String HEIGHT="49"
                          WIDTH="167"
                          VPOS="1787"
                          HPOS="1062"
                          CONTENT="fortiter"/>
               </TextLine>
               <TextLine ID="r1l70"
                         BASELINE="1881"
                         HEIGHT="45"
                         WIDTH="763"
                         VPOS="1836"
                         HPOS="459">
                  <String HEIGHT="45"
                          WIDTH="187"
                          VPOS="1836"
                          HPOS="443"
                          CONTENT="mouentes"/>
                  <SP HEIGHT="45" WIDTH="16" VPOS="1836" HPOS="630"/>
                  <String HEIGHT="45" WIDTH="78" VPOS="1836" HPOS="584" CONTENT="&amp;"/>
                  <SP HEIGHT="45" WIDTH="16" VPOS="1836" HPOS="661"/>
                  <String HEIGHT="45"
                          WIDTH="265"
                          VPOS="1836"
                          HPOS="615"
                          CONTENT="complexionem,"/>
                  <SP HEIGHT="45" WIDTH="16" VPOS="1836" HPOS="879"/>
                  <String HEIGHT="45"
                          WIDTH="125"
                          VPOS="1836"
                          HPOS="833"
                          CONTENT="homo"/>
                  <SP HEIGHT="45" WIDTH="16" VPOS="1836" HPOS="957"/>
                  <String HEIGHT="45"
                          WIDTH="171"
                          VPOS="1836"
                          HPOS="911"
                          CONTENT="iudicat"/>
                  <SP HEIGHT="45" WIDTH="16" VPOS="1836" HPOS="1082"/>
                  <String HEIGHT="45"
                          WIDTH="125"
                          VPOS="1836"
                          HPOS="1035"
                          CONTENT="quod"/>
                  <SP HEIGHT="45" WIDTH="16" VPOS="1836" HPOS="1160"/>
                  <String HEIGHT="45"
                          WIDTH="109"
                          VPOS="1836"
                          HPOS="1113"
                          CONTENT="rem"/>
                  <SP HEIGHT="45" WIDTH="16" VPOS="1836" HPOS="1222"/>
                  <String HEIGHT="45" WIDTH="62" VPOS="1836" HPOS="1160" CONTENT="vi"/>
               </TextLine>
               <TextLine ID="r1l72"
                         BASELINE="1924"
                         HEIGHT="48"
                         WIDTH="748"
                         VPOS="1876"
                         HPOS="469">
                  <String HEIGHT="48"
                          WIDTH="122"
                          VPOS="1876"
                          HPOS="454"
                          CONTENT="det,"/>
                  <SP HEIGHT="48" WIDTH="15" VPOS="1876" HPOS="576"/>
                  <String HEIGHT="48"
                          WIDTH="183"
                          VPOS="1876"
                          HPOS="530"
                          CONTENT="intuendo"/>
                  <SP HEIGHT="48" WIDTH="15" VPOS="1876" HPOS="713"/>
                  <String HEIGHT="48"
                          WIDTH="137"
                          VPOS="1876"
                          HPOS="667"
                          CONTENT="rerum"/>
                  <SP HEIGHT="48" WIDTH="15" VPOS="1876" HPOS="805"/>
                  <String HEIGHT="48" WIDTH="92" VPOS="1876" HPOS="759" CONTENT="ad"/>
                  <SP HEIGHT="48" WIDTH="15" VPOS="1876" HPOS="851"/>
                  <String HEIGHT="48"
                          WIDTH="137"
                          VPOS="1876"
                          HPOS="805"
                          CONTENT="extra"/>
                  <SP HEIGHT="48" WIDTH="15" VPOS="1876" HPOS="942"/>
                  <String HEIGHT="48"
                          WIDTH="198"
                          VPOS="1876"
                          HPOS="896"
                          CONTENT="simulacra"/>
                  <SP HEIGHT="48" WIDTH="15" VPOS="1876" HPOS="1095"/>
                  <String HEIGHT="48" WIDTH="92" VPOS="1876" HPOS="1049" CONTENT="in"/>
                  <SP HEIGHT="48" WIDTH="15" VPOS="1876" HPOS="1141"/>
                  <String HEIGHT="48"
                          WIDTH="137"
                          VPOS="1876"
                          HPOS="1080"
                          CONTENT="memoria"/>
               </TextLine>
               <TextLine ID="r1l74"
                         BASELINE="1977"
                         HEIGHT="60"
                         WIDTH="748"
                         VPOS="1917"
                         HPOS="466">
                  <String HEIGHT="60"
                          WIDTH="190"
                          VPOS="1917"
                          HPOS="452"
                          CONTENT="recondita:"/>
                  <SP HEIGHT="60" WIDTH="14" VPOS="1917" HPOS="643"/>
                  <String HEIGHT="60"
                          WIDTH="109"
                          VPOS="1917"
                          HPOS="602"
                          CONTENT="quam"/>
                  <SP HEIGHT="60" WIDTH="14" VPOS="1917" HPOS="711"/>
                  <String HEIGHT="60"
                          WIDTH="122"
                          VPOS="1917"
                          HPOS="670"
                          CONTENT="nullo"/>
                  <SP HEIGHT="60" WIDTH="14" VPOS="1917" HPOS="792"/>
                  <String HEIGHT="60"
                          WIDTH="109"
                          VPOS="1917"
                          HPOS="752"
                          CONTENT="modo"/>
                  <SP HEIGHT="60" WIDTH="14" VPOS="1917" HPOS="860"/>
                  <String HEIGHT="60"
                          WIDTH="177"
                          VPOS="1917"
                          HPOS="820"
                          CONTENT="intuetur."/>
                  <SP HEIGHT="60" WIDTH="14" VPOS="1917" HPOS="996"/>
                  <String HEIGHT="60"
                          WIDTH="204"
                          VPOS="1917"
                          HPOS="956"
                          CONTENT="experientia"/>
                  <SP HEIGHT="60" WIDTH="14" VPOS="1917" HPOS="1160"/>
                  <String HEIGHT="60"
                          WIDTH="109"
                          VPOS="1917"
                          HPOS="1105"
                          CONTENT="namqui"/>
               </TextLine>
               <TextLine ID="r1l76"
                         BASELINE="2016"
                         HEIGHT="56"
                         WIDTH="760"
                         VPOS="1960"
                         HPOS="460">
                  <String HEIGHT="56"
                          WIDTH="116"
                          VPOS="1960"
                          HPOS="443"
                          CONTENT="hoc"/>
                  <SP HEIGHT="56" WIDTH="17" VPOS="1960" HPOS="559"/>
                  <String HEIGHT="56" WIDTH="99" VPOS="1960" HPOS="510" CONTENT="in"/>
                  <SP HEIGHT="56" WIDTH="17" VPOS="1960" HPOS="609"/>
                  <String HEIGHT="56"
                          WIDTH="149"
                          VPOS="1960"
                          HPOS="559"
                          CONTENT="nobis"/>
                  <SP HEIGHT="56" WIDTH="17" VPOS="1960" HPOS="708"/>
                  <String HEIGHT="56"
                          WIDTH="297"
                          VPOS="1960"
                          HPOS="658"
                          CONTENT="deprehendimus."/>
                  <SP HEIGHT="56" WIDTH="17" VPOS="1960" HPOS="956"/>
                  <String HEIGHT="56"
                          WIDTH="281"
                          VPOS="1960"
                          HPOS="906"
                          CONTENT="Phlegmaticus."/>
                  <SP HEIGHT="56" WIDTH="17" VPOS="1960" HPOS="1187"/>
                  <String HEIGHT="56"
                          WIDTH="99"
                          VPOS="1960"
                          HPOS="1121"
                          CONTENT="enim"/>
               </TextLine>
               <TextLine ID="r1l78"
                         BASELINE="2065"
                         HEIGHT="59"
                         WIDTH="775"
                         VPOS="2006"
                         HPOS="456">
                  <String HEIGHT="59"
                          WIDTH="206"
                          VPOS="2006"
                          HPOS="440"
                          CONTENT="plerumque"/>
                  <SP HEIGHT="59" WIDTH="16" VPOS="2006" HPOS="646"/>
                  <String HEIGHT="59" WIDTH="95" VPOS="2006" HPOS="598" CONTENT="se"/>
                  <SP HEIGHT="59" WIDTH="16" VPOS="2006" HPOS="693"/>
                  <String HEIGHT="59"
                          WIDTH="174"
                          VPOS="2006"
                          HPOS="646"
                          CONTENT="iudicat"/>
                  <SP HEIGHT="59" WIDTH="16" VPOS="2006" HPOS="820"/>
                  <String HEIGHT="59"
                          WIDTH="206"
                          VPOS="2006"
                          HPOS="772"
                          CONTENT="submersum"/>
                  <SP HEIGHT="59" WIDTH="16" VPOS="2006" HPOS="978"/>
                  <String HEIGHT="59"
                          WIDTH="127"
                          VPOS="2006"
                          HPOS="930"
                          CONTENT="esse"/>
                  <SP HEIGHT="59" WIDTH="16" VPOS="2006" HPOS="1057"/>
                  <String HEIGHT="59" WIDTH="95" VPOS="2006" HPOS="1010" CONTENT="in"/>
                  <SP HEIGHT="59" WIDTH="16" VPOS="2006" HPOS="1104"/>
                  <String HEIGHT="59"
                          WIDTH="158"
                          VPOS="2006"
                          HPOS="1057"
                          CONTENT="aquis,"/>
                  <SP HEIGHT="59" WIDTH="16" VPOS="2006" HPOS="1215"/>
                  <String HEIGHT="59"
                          WIDTH="79"
                          VPOS="2006"
                          HPOS="1152"
                          CONTENT="vel"/>
               </TextLine>
               <TextLine ID="r1l80"
                         BASELINE="2106"
                         HEIGHT="45"
                         WIDTH="763"
                         VPOS="2061"
                         HPOS="465">
                  <String HEIGHT="45"
                          WIDTH="132"
                          VPOS="2061"
                          HPOS="450"
                          CONTENT="prope"/>
                  <SP HEIGHT="45" WIDTH="15" VPOS="2061" HPOS="582"/>
                  <String HEIGHT="45"
                          WIDTH="117"
                          VPOS="2061"
                          HPOS="538"
                          CONTENT="eas:"/>
                  <SP HEIGHT="45" WIDTH="15" VPOS="2061" HPOS="656"/>
                  <String HEIGHT="45" WIDTH="73" VPOS="2061" HPOS="612" CONTENT="&amp;"/>
                  <SP HEIGHT="45" WIDTH="15" VPOS="2061" HPOS="685"/>
                  <String HEIGHT="45"
                          WIDTH="117"
                          VPOS="2061"
                          HPOS="641"
                          CONTENT="quod"/>
                  <SP HEIGHT="45" WIDTH="15" VPOS="2061" HPOS="758"/>
                  <String HEIGHT="45"
                          WIDTH="220"
                          VPOS="2061"
                          HPOS="714"
                          CONTENT="apprehendit"/>
                  <SP HEIGHT="45" WIDTH="15" VPOS="2061" HPOS="935"/>
                  <String HEIGHT="45"
                          WIDTH="161"
                          VPOS="2061"
                          HPOS="891"
                          CONTENT="arbores"/>
                  <SP HEIGHT="45" WIDTH="15" VPOS="2061" HPOS="1052"/>
                  <String HEIGHT="45"
                          WIDTH="205"
                          VPOS="2061"
                          HPOS="1008"
                          CONTENT="crescentes"/>
                  <SP HEIGHT="45" WIDTH="15" VPOS="2061" HPOS="1213"/>
                  <String HEIGHT="45" WIDTH="88" VPOS="2061" HPOS="1169" CONTENT="in"/>
                  <SP HEIGHT="45" WIDTH="15" VPOS="2061" HPOS="1257"/>
                  <String HEIGHT="45" WIDTH="29" VPOS="2061" HPOS="1199" CONTENT=""/>
               </TextLine>
               <TextLine ID="r1l82"
                         BASELINE="2147"
                         HEIGHT="55"
                         WIDTH="751"
                         VPOS="2092"
                         HPOS="475">
                  <String HEIGHT="55"
                          WIDTH="120"
                          VPOS="2092"
                          HPOS="460"
                          CONTENT="ripa"/>
                  <SP HEIGHT="55" WIDTH="15" VPOS="2092" HPOS="580"/>
                  <String HEIGHT="55"
                          WIDTH="195"
                          VPOS="2092"
                          HPOS="535"
                          CONTENT="fluminis."/>
                  <SP HEIGHT="55" WIDTH="15" VPOS="2092" HPOS="730"/>
                  <String HEIGHT="55"
                          WIDTH="105"
                          VPOS="2092"
                          HPOS="685"
                          CONTENT="sic"/>
                  <SP HEIGHT="55" WIDTH="15" VPOS="2092" HPOS="790"/>
                  <String HEIGHT="55"
                          WIDTH="210"
                          VPOS="2092"
                          HPOS="745"
                          CONTENT="cholericus"/>
                  <SP HEIGHT="55" WIDTH="15" VPOS="2092" HPOS="956"/>
                  <String HEIGHT="55" WIDTH="90" VPOS="2092" HPOS="911" CONTENT="de"/>
                  <SP HEIGHT="55" WIDTH="15" VPOS="2092" HPOS="1001"/>
                  <String HEIGHT="55"
                          WIDTH="150"
                          VPOS="2092"
                          HPOS="956"
                          CONTENT="bello:"/>
                  <SP HEIGHT="55" WIDTH="15" VPOS="2092" HPOS="1106"/>
                  <String HEIGHT="55"
                          WIDTH="180"
                          VPOS="2092"
                          HPOS="1046"
                          CONTENT="melancholi"/>
               </TextLine>
               <TextLine ID="r1l84"
                         BASELINE="2199"
                         HEIGHT="58"
                         WIDTH="759"
                         VPOS="2141"
                         HPOS="466">
                  <String HEIGHT="58"
                          WIDTH="113"
                          VPOS="2141"
                          HPOS="450"
                          CONTENT="cus"/>
                  <SP HEIGHT="58" WIDTH="16" VPOS="2141" HPOS="563"/>
                  <String HEIGHT="58" WIDTH="97" VPOS="2141" HPOS="514" CONTENT="de"/>
                  <SP HEIGHT="58" WIDTH="16" VPOS="2141" HPOS="611"/>
                  <String HEIGHT="58"
                          WIDTH="291"
                          VPOS="2141"
                          HPOS="563"
                          CONTENT="cacodaemonibus"/>
                  <SP HEIGHT="58" WIDTH="16" VPOS="2141" HPOS="854"/>
                  <String HEIGHT="58" WIDTH="81" VPOS="2141" HPOS="805" CONTENT="&amp;"/>
                  <SP HEIGHT="58" WIDTH="16" VPOS="2141" HPOS="886"/>
                  <String HEIGHT="58"
                          WIDTH="161"
                          VPOS="2141"
                          HPOS="837"
                          CONTENT="nigris"/>
                  <SP HEIGHT="58" WIDTH="16" VPOS="2141" HPOS="999"/>
                  <String HEIGHT="58"
                          WIDTH="194"
                          VPOS="2141"
                          HPOS="950"
                          CONTENT="somniat."/>
                  <SP HEIGHT="58" WIDTH="16" VPOS="2141" HPOS="1144"/>
                  <String HEIGHT="58" WIDTH="97" VPOS="2141" HPOS="1096" CONTENT="de"/>
                  <SP HEIGHT="58" WIDTH="16" VPOS="2141" HPOS="1193"/>
                  <String HEIGHT="58"
                          WIDTH="97"
                          VPOS="2141"
                          HPOS="1128"
                          CONTENT="qui"
                          SUBS_TYPE="HypPart1"
                          SUBS_CONTENT="quibus"/>
                  <HYP CONTENT="-"/>
               </TextLine>
               <TextLine ID="r1l86"
                         BASELINE="2234"
                         HEIGHT="52"
                         WIDTH="753"
                         VPOS="2182"
                         HPOS="472">
                  <String HEIGHT="52"
                          WIDTH="117"
                          VPOS="2182"
                          HPOS="455"
                          CONTENT="bus"
                          SUBS_TYPE="HypPart2"
                          SUBS_CONTENT="quibus"/>
                  <SP HEIGHT="52" WIDTH="17" VPOS="2182" HPOS="572"/>
                  <String HEIGHT="52" WIDTH="100" VPOS="2182" HPOS="522" CONTENT="in"/>
                  <SP HEIGHT="52" WIDTH="17" VPOS="2182" HPOS="623"/>
                  <String HEIGHT="52"
                          WIDTH="151"
                          VPOS="2182"
                          HPOS="572"
                          CONTENT="morbo"/>
                  <SP HEIGHT="52" WIDTH="17" VPOS="2182" HPOS="723"/>
                  <String HEIGHT="52"
                          WIDTH="184"
                          VPOS="2182"
                          HPOS="673"
                          CONTENT="prudens"/>
                  <SP HEIGHT="52" WIDTH="17" VPOS="2182" HPOS="857"/>
                  <String HEIGHT="52"
                          WIDTH="184"
                          VPOS="2182"
                          HPOS="807"
                          CONTENT="medicus"/>
                  <SP HEIGHT="52" WIDTH="17" VPOS="2182" HPOS="991"/>
                  <String HEIGHT="52"
                          WIDTH="218"
                          VPOS="2182"
                          HPOS="941"
                          CONTENT="inquirit."/>
                  <SP HEIGHT="52" WIDTH="17" VPOS="2182" HPOS="1158"/>
                  <String HEIGHT="52" WIDTH="84" VPOS="2182" HPOS="1108" CONTENT="&amp;"/>
                  <SP HEIGHT="52" WIDTH="17" VPOS="2182" HPOS="1192"/>
                  <String HEIGHT="52"
                          WIDTH="100"
                          VPOS="2182"
                          HPOS="1125"
                          CONTENT="simi"/>
               </TextLine>
               <TextLine ID="r1l88"
                         BASELINE="2284"
                         HEIGHT="53"
                         WIDTH="760"
                         VPOS="2231"
                         HPOS="475">
                  <String HEIGHT="53"
                          WIDTH="106"
                          VPOS="2231"
                          HPOS="460"
                          CONTENT="les"/>
                  <SP HEIGHT="53" WIDTH="15" VPOS="2231" HPOS="566"/>
                  <String HEIGHT="53"
                          WIDTH="167"
                          VPOS="2231"
                          HPOS="521"
                          CONTENT="species"/>
                  <SP HEIGHT="53" WIDTH="15" VPOS="2231" HPOS="688"/>
                  <String HEIGHT="53"
                          WIDTH="152"
                          VPOS="2231"
                          HPOS="642"
                          CONTENT="omnino"/>
                  <SP HEIGHT="53" WIDTH="15" VPOS="2231" HPOS="794"/>
                  <String HEIGHT="53" WIDTH="91" VPOS="2231" HPOS="749" CONTENT="in"/>
                  <SP HEIGHT="53" WIDTH="15" VPOS="2231" HPOS="840"/>
                  <String HEIGHT="53"
                          WIDTH="167"
                          VPOS="2231"
                          HPOS="794"
                          CONTENT="memoria"/>
                  <SP HEIGHT="53" WIDTH="15" VPOS="2231" HPOS="961"/>
                  <String HEIGHT="53"
                          WIDTH="213"
                          VPOS="2231"
                          HPOS="916"
                          CONTENT="reconditas"/>
                  <SP HEIGHT="53" WIDTH="15" VPOS="2231" HPOS="1129"/>
                  <String HEIGHT="53"
                          WIDTH="167"
                          VPOS="2231"
                          HPOS="1083"
                          CONTENT="habent:"/>
                  <SP HEIGHT="53" WIDTH="15" VPOS="2231" HPOS="1250"/>
                  <String HEIGHT="53" WIDTH="46" VPOS="2231" HPOS="1189" CONTENT="&amp;"/>
               </TextLine>
               <TextLine ID="r1l90"
                         BASELINE="2335"
                         HEIGHT="65"
                         WIDTH="746"
                         VPOS="2270"
                         HPOS="474">
                  <String HEIGHT="65" WIDTH="99" VPOS="2270" HPOS="460" CONTENT="hoc"/>
                  <SP HEIGHT="65" WIDTH="14" VPOS="2270" HPOS="558"/>
                  <String HEIGHT="65" WIDTH="99" VPOS="2270" HPOS="516" CONTENT="est"/>
                  <SP HEIGHT="65" WIDTH="14" VPOS="2270" HPOS="615"/>
                  <String HEIGHT="65"
                          WIDTH="155"
                          VPOS="2270"
                          HPOS="573"
                          CONTENT="propter"/>
                  <SP HEIGHT="65" WIDTH="14" VPOS="2270" HPOS="727"/>
                  <String HEIGHT="65"
                          WIDTH="127"
                          VPOS="2270"
                          HPOS="685"
                          CONTENT="alias"/>
                  <SP HEIGHT="65" WIDTH="14" VPOS="2270" HPOS="812"/>
                  <String HEIGHT="65"
                          WIDTH="239"
                          VPOS="2270"
                          HPOS="770"
                          CONTENT="dispositiones"/>
                  <SP HEIGHT="65" WIDTH="14" VPOS="2270" HPOS="1009"/>
                  <String HEIGHT="65" WIDTH="84" VPOS="2270" HPOS="967" CONTENT="in"/>
                  <SP HEIGHT="65" WIDTH="14" VPOS="2270" HPOS="1051"/>
                  <String HEIGHT="65"
                          WIDTH="169"
                          VPOS="2270"
                          HPOS="1009"
                          CONTENT="corpore,"/>
                  <SP HEIGHT="65" WIDTH="14" VPOS="2270" HPOS="1178"/>
                  <String HEIGHT="65" WIDTH="70" VPOS="2270" HPOS="1136" CONTENT="&amp;"/>
                  <SP HEIGHT="65" WIDTH="14" VPOS="2270" HPOS="1206"/>
                  <String HEIGHT="65"
                          WIDTH="70"
                          VPOS="2270"
                          HPOS="1150"
                          CONTENT="spi"/>
               </TextLine>
               <TextLine ID="r1l92"
                         BASELINE="2375"
                         HEIGHT="52"
                         WIDTH="753"
                         VPOS="2323"
                         HPOS="470">
                  <String HEIGHT="52"
                          WIDTH="123"
                          VPOS="2323"
                          HPOS="455"
                          CONTENT="cies"/>
                  <SP HEIGHT="52" WIDTH="15" VPOS="2323" HPOS="578"/>
                  <String HEIGHT="52"
                          WIDTH="169"
                          VPOS="2323"
                          HPOS="531"
                          CONTENT="fortius"/>
                  <SP HEIGHT="52" WIDTH="15" VPOS="2323" HPOS="701"/>
                  <String HEIGHT="52"
                          WIDTH="200"
                          VPOS="2323"
                          HPOS="654"
                          CONTENT="potentiae"/>
                  <SP HEIGHT="52" WIDTH="15" VPOS="2323" HPOS="854"/>
                  <String HEIGHT="52"
                          WIDTH="200"
                          VPOS="2323"
                          HPOS="808"
                          CONTENT="obiectas:"/>
                  <SP HEIGHT="52" WIDTH="15" VPOS="2323" HPOS="1008"/>
                  <String HEIGHT="52" WIDTH="77" VPOS="2323" HPOS="962" CONTENT="&amp;"/>
                  <SP HEIGHT="52" WIDTH="15" VPOS="2323" HPOS="1039"/>
                  <String HEIGHT="52"
                          WIDTH="169"
                          VPOS="2323"
                          HPOS="992"
                          CONTENT="aliquas"/>
                  <SP HEIGHT="52" WIDTH="15" VPOS="2323" HPOS="1162"/>
                  <String HEIGHT="52"
                          WIDTH="123"
                          VPOS="2323"
                          HPOS="1100"
                          CONTENT="optime"/>
               </TextLine>
               <TextLine ID="r1l94"
                         BASELINE="2420"
                         HEIGHT="55"
                         WIDTH="755"
                         VPOS="2365"
                         HPOS="468">
                  <String HEIGHT="55"
                          WIDTH="175"
                          VPOS="2365"
                          HPOS="455"
                          CONTENT="potentiae"/>
                  <SP HEIGHT="55" WIDTH="13" VPOS="2365" HPOS="630"/>
                  <String HEIGHT="55"
                          WIDTH="202"
                          VPOS="2365"
                          HPOS="589"
                          CONTENT="applicatas."/>
                  <SP HEIGHT="55" WIDTH="13" VPOS="2365" HPOS="792"/>
                  <String HEIGHT="55" WIDTH="67" VPOS="2365" HPOS="751" CONTENT="â‹"/>
                  <SP HEIGHT="55" WIDTH="13" VPOS="2365" HPOS="819"/>
                  <String HEIGHT="55"
                          WIDTH="121"
                          VPOS="2365"
                          HPOS="778"
                          CONTENT="Omnia"/>
                  <SP HEIGHT="55" WIDTH="13" VPOS="2365" HPOS="899"/>
                  <String HEIGHT="55"
                          WIDTH="162"
                          VPOS="2365"
                          HPOS="859"
                          CONTENT="siquidem"/>
                  <SP HEIGHT="55" WIDTH="13" VPOS="2365" HPOS="1021"/>
                  <String HEIGHT="55"
                          WIDTH="108"
                          VPOS="2365"
                          HPOS="980"
                          CONTENT="haec"/>
                  <SP HEIGHT="55" WIDTH="13" VPOS="2365" HPOS="1088"/>
                  <String HEIGHT="55"
                          WIDTH="121"
                          VPOS="2365"
                          HPOS="1048"
                          CONTENT="nouit"/>
                  <SP HEIGHT="55" WIDTH="13" VPOS="2365" HPOS="1169"/>
                  <String HEIGHT="55"
                          WIDTH="108"
                          VPOS="2365"
                          HPOS="1115"
                          CONTENT="facere"/>
               </TextLine>
               <TextLine ID="r1l96"
                         BASELINE="2457"
                         HEIGHT="50"
                         WIDTH="752"
                         VPOS="2407"
                         HPOS="474">
                  <String HEIGHT="50"
                          WIDTH="157"
                          VPOS="2407"
                          HPOS="458"
                          CONTENT="daemon"/>
                  <SP HEIGHT="50" WIDTH="16" VPOS="2407" HPOS="615"/>
                  <String HEIGHT="50"
                          WIDTH="125"
                          VPOS="2407"
                          HPOS="568"
                          CONTENT="sibi"/>
                  <SP HEIGHT="50" WIDTH="16" VPOS="2407" HPOS="693"/>
                  <String HEIGHT="50"
                          WIDTH="204"
                          VPOS="2407"
                          HPOS="646"
                          CONTENT="relictus:"/>
                  <SP HEIGHT="50" WIDTH="16" VPOS="2407" HPOS="850"/>
                  <String HEIGHT="50" WIDTH="94" VPOS="2407" HPOS="803" CONTENT="vt"/>
                  <SP HEIGHT="50" WIDTH="16" VPOS="2407" HPOS="897"/>
                  <String HEIGHT="50"
                          WIDTH="125"
                          VPOS="2407"
                          HPOS="850"
                          CONTENT="puta"/>
                  <SP HEIGHT="50" WIDTH="16" VPOS="2407" HPOS="975"/>
                  <String HEIGHT="50"
                          WIDTH="157"
                          VPOS="2407"
                          HPOS="928"
                          CONTENT="potest"/>
                  <SP HEIGHT="50" WIDTH="16" VPOS="2407" HPOS="1085"/>
                  <String HEIGHT="50"
                          WIDTH="204"
                          VPOS="2407"
                          HPOS="1022"
                          CONTENT="sensationes"/>
               </TextLine>
               <TextLine ID="r1l98"
                         BASELINE="2510"
                         HEIGHT="52"
                         WIDTH="761"
                         VPOS="2458"
                         HPOS="465">
                  <String HEIGHT="52" WIDTH="76" VPOS="2458" HPOS="450" CONTENT="&amp;"/>
                  <SP HEIGHT="52" WIDTH="15" VPOS="2458" HPOS="526"/>
                  <String HEIGHT="52"
                          WIDTH="274"
                          VPOS="2458"
                          HPOS="480"
                          CONTENT="intellectiones"/>
                  <SP HEIGHT="52" WIDTH="15" VPOS="2458" HPOS="754"/>
                  <String HEIGHT="52" WIDTH="76" VPOS="2458" HPOS="709" CONTENT="&amp;"/>
                  <SP HEIGHT="52" WIDTH="15" VPOS="2458" HPOS="785"/>
                  <String HEIGHT="52"
                          WIDTH="137"
                          VPOS="2458"
                          HPOS="739"
                          CONTENT="earum"/>
                  <SP HEIGHT="52" WIDTH="15" VPOS="2458" HPOS="876"/>
                  <String HEIGHT="52"
                          WIDTH="167"
                          VPOS="2458"
                          HPOS="830"
                          CONTENT="species"/>
                  <SP HEIGHT="52" WIDTH="15" VPOS="2458" HPOS="998"/>
                  <String HEIGHT="52"
                          WIDTH="198"
                          VPOS="2458"
                          HPOS="952"
                          CONTENT="intuitiue"/>
                  <SP HEIGHT="52" WIDTH="15" VPOS="2458" HPOS="1150"/>
                  <String HEIGHT="52"
                          WIDTH="152"
                          VPOS="2458"
                          HPOS="1104"
                          CONTENT="cogno-"/>
                  <SP HEIGHT="52" WIDTH="15" VPOS="2458" HPOS="1256"/>
                  <String HEIGHT="52" WIDTH="30" VPOS="2458" HPOS="1196" CONTENT=""/>
               </TextLine>
               <TextLine ID="r1l100"
                         BASELINE="2551"
                         HEIGHT="55"
                         WIDTH="746"
                         VPOS="2496"
                         HPOS="474">
                  <String HEIGHT="55"
                          WIDTH="141"
                          VPOS="2496"
                          HPOS="460"
                          CONTENT="scere."/>
                  <SP HEIGHT="55" WIDTH="14" VPOS="2496" HPOS="601"/>
                  <String HEIGHT="55"
                          WIDTH="141"
                          VPOS="2496"
                          HPOS="558"
                          CONTENT="Potest"/>
                  <SP HEIGHT="55" WIDTH="14" VPOS="2496" HPOS="699"/>
                  <String HEIGHT="55"
                          WIDTH="155"
                          VPOS="2496"
                          HPOS="657"
                          CONTENT="aliquas"/>
                  <SP HEIGHT="55" WIDTH="14" VPOS="2496" HPOS="812"/>
                  <String HEIGHT="55"
                          WIDTH="141"
                          VPOS="2496"
                          HPOS="770"
                          CONTENT="melius"/>
                  <SP HEIGHT="55" WIDTH="14" VPOS="2496" HPOS="910"/>
                  <String HEIGHT="55"
                          WIDTH="183"
                          VPOS="2496"
                          HPOS="868"
                          CONTENT="potentiae"/>
                  <SP HEIGHT="55" WIDTH="14" VPOS="2496" HPOS="1051"/>
                  <String HEIGHT="55"
                          WIDTH="183"
                          VPOS="2496"
                          HPOS="1009"
                          CONTENT="applicare"/>
                  <SP HEIGHT="55" WIDTH="14" VPOS="2496" HPOS="1192"/>
                  <String HEIGHT="55"
                          WIDTH="84"
                          VPOS="2496"
                          HPOS="1136"
                          CONTENT="quam"/>
               </TextLine>
               <TextLine ID="r1l102"
                         BASELINE="2591"
                         HEIGHT="52"
                         WIDTH="766"
                         VPOS="2539"
                         HPOS="468">
                  <String HEIGHT="52"
                          WIDTH="145"
                          VPOS="2539"
                          HPOS="454"
                          CONTENT="alias,"/>
                  <SP HEIGHT="52" WIDTH="14" VPOS="2539" HPOS="598"/>
                  <String HEIGHT="52"
                          WIDTH="101"
                          VPOS="2539"
                          HPOS="555"
                          CONTENT="vel"/>
                  <SP HEIGHT="52" WIDTH="14" VPOS="2539" HPOS="656"/>
                  <String HEIGHT="52"
                          WIDTH="159"
                          VPOS="2539"
                          HPOS="613"
                          CONTENT="tollere"/>
                  <SP HEIGHT="52" WIDTH="14" VPOS="2539" HPOS="772"/>
                  <String HEIGHT="52"
                          WIDTH="130"
                          VPOS="2539"
                          HPOS="728"
                          CONTENT="alias"/>
                  <SP HEIGHT="52" WIDTH="14" VPOS="2539" HPOS="858"/>
                  <String HEIGHT="52"
                          WIDTH="116"
                          VPOS="2539"
                          HPOS="815"
                          CONTENT="quae"/>
                  <SP HEIGHT="52" WIDTH="14" VPOS="2539" HPOS="930"/>
                  <String HEIGHT="52"
                          WIDTH="145"
                          VPOS="2539"
                          HPOS="887"
                          CONTENT="obicem"/>
                  <SP HEIGHT="52" WIDTH="14" VPOS="2539" HPOS="1032"/>
                  <String HEIGHT="52"
                          WIDTH="159"
                          VPOS="2539"
                          HPOS="988"
                          CONTENT="mouendi"/>
                  <SP HEIGHT="52" WIDTH="14" VPOS="2539" HPOS="1147"/>
                  <String HEIGHT="52"
                          WIDTH="145"
                          VPOS="2539"
                          HPOS="1089"
                          CONTENT="potentia"/>
               </TextLine>
               <TextLine ID="r1l104"
                         BASELINE="2641"
                         HEIGHT="54"
                         WIDTH="763"
                         VPOS="2587"
                         HPOS="468">
                  <String HEIGHT="54"
                          WIDTH="178"
                          VPOS="2587"
                          HPOS="455"
                          CONTENT="praestant."/>
                  <SP HEIGHT="54" WIDTH="13" VPOS="2587" HPOS="633"/>
                  <String HEIGHT="54" WIDTH="76" VPOS="2587" HPOS="595" CONTENT="Et"/>
                  <SP HEIGHT="54" WIDTH="13" VPOS="2587" HPOS="671"/>
                  <String HEIGHT="54"
                          WIDTH="114"
                          VPOS="2587"
                          HPOS="633"
                          CONTENT="licet"/>
                  <SP HEIGHT="54" WIDTH="13" VPOS="2587" HPOS="748"/>
                  <String HEIGHT="54"
                          WIDTH="153"
                          VPOS="2587"
                          HPOS="710"
                          CONTENT="teneatur"/>
                  <SP HEIGHT="54" WIDTH="13" VPOS="2587" HPOS="862"/>
                  <String HEIGHT="54"
                          WIDTH="140"
                          VPOS="2587"
                          HPOS="824"
                          CONTENT="positio"/>
                  <SP HEIGHT="54" WIDTH="13" VPOS="2587" HPOS="964"/>
                  <String HEIGHT="54"
                          WIDTH="140"
                          VPOS="2587"
                          HPOS="926"
                          CONTENT="aliorum"/>
                  <SP HEIGHT="54" WIDTH="13" VPOS="2587" HPOS="1066"/>
                  <String HEIGHT="54"
                          WIDTH="102"
                          VPOS="2587"
                          HPOS="1028"
                          CONTENT="quod"/>
                  <SP HEIGHT="54" WIDTH="13" VPOS="2587" HPOS="1129"/>
                  <String HEIGHT="54"
                          WIDTH="102"
                          VPOS="2587"
                          HPOS="1091"
                          CONTENT="sibi"/>
                  <SP HEIGHT="54" WIDTH="13" VPOS="2587" HPOS="1193"/>
                  <String HEIGHT="54"
                          WIDTH="89"
                          VPOS="2587"
                          HPOS="1142"
                          CONTENT="reli"
                          SUBS_TYPE="HypPart1"
                          SUBS_CONTENT="relictus"/>
                  <HYP CONTENT="-"/>
               </TextLine>
               <TextLine ID="r1l106"
                         BASELINE="2679"
                         HEIGHT="54"
                         WIDTH="766"
                         VPOS="2625"
                         HPOS="468">
                  <String HEIGHT="54"
                          WIDTH="120"
                          VPOS="2625"
                          HPOS="453"
                          CONTENT="ctus"
                          SUBS_TYPE="HypPart2"
                          SUBS_CONTENT="relictus"/>
                  <SP HEIGHT="54" WIDTH="15" VPOS="2625" HPOS="573"/>
                  <String HEIGHT="54"
                          WIDTH="105"
                          VPOS="2625"
                          HPOS="528"
                          CONTENT="non"/>
                  <SP HEIGHT="54" WIDTH="15" VPOS="2625" HPOS="633"/>
                  <String HEIGHT="54"
                          WIDTH="150"
                          VPOS="2625"
                          HPOS="588"
                          CONTENT="possit"/>
                  <SP HEIGHT="54" WIDTH="15" VPOS="2625" HPOS="738"/>
                  <String HEIGHT="54"
                          WIDTH="210"
                          VPOS="2625"
                          HPOS="693"
                          CONTENT="cognoscere"/>
                  <SP HEIGHT="54" WIDTH="15" VPOS="2625" HPOS="904"/>
                  <String HEIGHT="54"
                          WIDTH="285"
                          VPOS="2625"
                          HPOS="859"
                          CONTENT="intellectiones,"/>
                  <SP HEIGHT="54" WIDTH="15" VPOS="2625" HPOS="1144"/>
                  <String HEIGHT="54"
                          WIDTH="150"
                          VPOS="2625"
                          HPOS="1084"
                          CONTENT="intelle"
                          SUBS_TYPE="HypPart1"
                          SUBS_CONTENT="intellectus"/>
                  <HYP CONTENT="-"/>
               </TextLine>
               <TextLine ID="r1l108"
                         BASELINE="2732"
                         HEIGHT="55"
                         WIDTH="758"
                         VPOS="2677"
                         HPOS="471">
                  <String HEIGHT="55"
                          WIDTH="106"
                          VPOS="2677"
                          HPOS="458"
                          CONTENT="ctus"
                          SUBS_TYPE="HypPart2"
                          SUBS_CONTENT="intellectus"/>
                  <SP HEIGHT="55" WIDTH="13" VPOS="2677" HPOS="564"/>
                  <String HEIGHT="55"
                          WIDTH="160"
                          VPOS="2677"
                          HPOS="524"
                          CONTENT="species,"/>
                  <SP HEIGHT="55" WIDTH="13" VPOS="2677" HPOS="684"/>
                  <String HEIGHT="55" WIDTH="93" VPOS="2677" HPOS="644" CONTENT="vel"/>
                  <SP HEIGHT="55" WIDTH="13" VPOS="2677" HPOS="737"/>
                  <String HEIGHT="55"
                          WIDTH="160"
                          VPOS="2677"
                          HPOS="697"
                          CONTENT="habitus,"/>
                  <SP HEIGHT="55" WIDTH="13" VPOS="2677" HPOS="857"/>
                  <String HEIGHT="55" WIDTH="93" VPOS="2677" HPOS="817" CONTENT="non"/>
                  <SP HEIGHT="55" WIDTH="13" VPOS="2677" HPOS="910"/>
                  <String HEIGHT="55"
                          WIDTH="146"
                          VPOS="2677"
                          HPOS="870"
                          CONTENT="refert:"/>
                  <SP HEIGHT="55" WIDTH="13" VPOS="2677" HPOS="1016"/>
                  <String HEIGHT="55"
                          WIDTH="120"
                          VPOS="2677"
                          HPOS="976"
                          CONTENT="tamen"/>
                  <SP HEIGHT="55" WIDTH="13" VPOS="2677" HPOS="1096"/>
                  <String HEIGHT="55"
                          WIDTH="160"
                          VPOS="2677"
                          HPOS="1056"
                          CONTENT="percipit"/>
                  <SP HEIGHT="55" WIDTH="13" VPOS="2677" HPOS="1216"/>
                  <String HEIGHT="55"
                          WIDTH="66"
                          VPOS="2677"
                          HPOS="1163"
                          CONTENT="dae"/>
               </TextLine>
               <TextLine ID="r1l110"
                         BASELINE="2783"
                         HEIGHT="59"
                         WIDTH="781"
                         VPOS="2724"
                         HPOS="463">
                  <String HEIGHT="59" WIDTH="99" VPOS="2724" HPOS="449" CONTENT="mon"/>
                  <SP HEIGHT="59" WIDTH="14" VPOS="2724" HPOS="548"/>
                  <String HEIGHT="59" WIDTH="99" VPOS="2724" HPOS="506" CONTENT="per"/>
                  <SP HEIGHT="59" WIDTH="14" VPOS="2724" HPOS="605"/>
                  <String HEIGHT="59"
                          WIDTH="199"
                          VPOS="2724"
                          HPOS="562"
                          CONTENT="exteriora,"/>
                  <SP HEIGHT="59" WIDTH="14" VPOS="2724" HPOS="761"/>
                  <String HEIGHT="59"
                          WIDTH="128"
                          VPOS="2724"
                          HPOS="719"
                          CONTENT="circa"/>
                  <SP HEIGHT="59" WIDTH="14" VPOS="2724" HPOS="846"/>
                  <String HEIGHT="59"
                          WIDTH="114"
                          VPOS="2724"
                          HPOS="804"
                          CONTENT="quae"/>
                  <SP HEIGHT="59" WIDTH="14" VPOS="2724" HPOS="917"/>
                  <String HEIGHT="59"
                          WIDTH="170"
                          VPOS="2724"
                          HPOS="875"
                          CONTENT="illicita"/>
                  <SP HEIGHT="59" WIDTH="14" VPOS="2724" HPOS="1045"/>
                  <String HEIGHT="59"
                          WIDTH="156"
                          VPOS="2724"
                          HPOS="1003"
                          CONTENT="aliquis"/>
                  <SP HEIGHT="59" WIDTH="14" VPOS="2724" HPOS="1159"/>
                  <String HEIGHT="59"
                          WIDTH="142"
                          VPOS="2724"
                          HPOS="1102"
                          CONTENT="mouetur,"/>
               </TextLine>
            </TextBlock>
            <TextBlock ID="TextRegion_1592245822572_278"
                       HEIGHT="2526"
                       WIDTH="834"
                       VPOS="252"
                       HPOS="1259">
               <Shape>
                  <Polygon POINTS="1259,252 2093,252 2093,2778 1259,2778"/>
               </Shape>
               <TextLine ID="r1l3"
                         BASELINE="375"
                         HEIGHT="64"
                         WIDTH="757"
                         VPOS="311"
                         HPOS="1303">
                  <String HEIGHT="64"
                          WIDTH="143"
                          VPOS="311"
                          HPOS="1289"
                          CONTENT="citius"/>
                  <SP HEIGHT="64" WIDTH="14" VPOS="311" HPOS="1432"/>
                  <String HEIGHT="64"
                          WIDTH="114"
                          VPOS="311"
                          HPOS="1389"
                          CONTENT="quam"/>
                  <SP HEIGHT="64" WIDTH="14" VPOS="311" HPOS="1503"/>
                  <String HEIGHT="64"
                          WIDTH="186"
                          VPOS="311"
                          HPOS="1460"
                          CONTENT="quicumque"/>
                  <SP HEIGHT="64" WIDTH="14" VPOS="311" HPOS="1646"/>
                  <String HEIGHT="64"
                          WIDTH="129"
                          VPOS="311"
                          HPOS="1603"
                          CONTENT="homo."/>
                  <SP HEIGHT="64" WIDTH="14" VPOS="311" HPOS="1731"/>
                  <String HEIGHT="64"
                          WIDTH="129"
                          VPOS="311"
                          HPOS="1689"
                          CONTENT="sicut"/>
                  <SP HEIGHT="64" WIDTH="14" VPOS="311" HPOS="1817"/>
                  <String HEIGHT="64"
                          WIDTH="157"
                          VPOS="311"
                          HPOS="1774"
                          CONTENT="peritus"/>
                  <SP HEIGHT="64" WIDTH="14" VPOS="311" HPOS="1931"/>
                  <String HEIGHT="64"
                          WIDTH="157"
                          VPOS="311"
                          HPOS="1889"
                          CONTENT="medicus"/>
                  <SP HEIGHT="64" WIDTH="14" VPOS="311" HPOS="2046"/>
                  <String HEIGHT="64" WIDTH="71" VPOS="311" HPOS="1989" CONTENT="per"/>
               </TextLine>
               <TextLine ID="r1l5"
                         BASELINE="423"
                         HEIGHT="49"
                         WIDTH="754"
                         VPOS="374"
                         HPOS="1305">
                  <String HEIGHT="49"
                          WIDTH="163"
                          VPOS="374"
                          HPOS="1290"
                          CONTENT="pulsum,"/>
                  <SP HEIGHT="49" WIDTH="15" VPOS="374" HPOS="1453"/>
                  <String HEIGHT="49"
                          WIDTH="163"
                          VPOS="374"
                          HPOS="1408"
                          CONTENT="vrinam,"/>
                  <SP HEIGHT="49" WIDTH="15" VPOS="374" HPOS="1571"/>
                  <String HEIGHT="49" WIDTH="74" VPOS="374" HPOS="1527" CONTENT="&amp;"/>
                  <SP HEIGHT="49" WIDTH="15" VPOS="374" HPOS="1601"/>
                  <String HEIGHT="49"
                          WIDTH="207"
                          VPOS="374"
                          HPOS="1556"
                          CONTENT="superfluum"/>
                  <SP HEIGHT="49" WIDTH="15" VPOS="374" HPOS="1763"/>
                  <String HEIGHT="49"
                          WIDTH="148"
                          VPOS="374"
                          HPOS="1719"
                          CONTENT="primae"/>
                  <SP HEIGHT="49" WIDTH="15" VPOS="374" HPOS="1867"/>
                  <String HEIGHT="49"
                          WIDTH="222"
                          VPOS="374"
                          HPOS="1822"
                          CONTENT="digestionis"/>
                  <SP HEIGHT="49" WIDTH="15" VPOS="374" HPOS="2044"/>
                  <String HEIGHT="49" WIDTH="74" VPOS="374" HPOS="1985" CONTENT="mul"/>
               </TextLine>
               <TextLine ID="r1l7"
                         BASELINE="467"
                         HEIGHT="52"
                         WIDTH="766"
                         VPOS="415"
                         HPOS="1300">
                  <String HEIGHT="52" WIDTH="88" VPOS="415" HPOS="1285" CONTENT="ta"/>
                  <SP HEIGHT="52" WIDTH="15" VPOS="415" HPOS="1374"/>
                  <String HEIGHT="52"
                          WIDTH="147"
                          VPOS="415"
                          HPOS="1329"
                          CONTENT="nouit,"/>
                  <SP HEIGHT="52" WIDTH="15" VPOS="415" HPOS="1477"/>
                  <String HEIGHT="52"
                          WIDTH="133"
                          VPOS="415"
                          HPOS="1433"
                          CONTENT="super"/>
                  <SP HEIGHT="52" WIDTH="15" VPOS="415" HPOS="1565"/>
                  <String HEIGHT="52"
                          WIDTH="147"
                          VPOS="415"
                          HPOS="1521"
                          CONTENT="quibus"/>
                  <SP HEIGHT="52" WIDTH="15" VPOS="415" HPOS="1668"/>
                  <String HEIGHT="52"
                          WIDTH="192"
                          VPOS="415"
                          HPOS="1624"
                          CONTENT="imperitus"/>
                  <SP HEIGHT="52" WIDTH="15" VPOS="415" HPOS="1816"/>
                  <String HEIGHT="52"
                          WIDTH="177"
                          VPOS="415"
                          HPOS="1771"
                          CONTENT="miratur."/>
                  <SP HEIGHT="52" WIDTH="15" VPOS="415" HPOS="1948"/>
                  <String HEIGHT="52"
                          WIDTH="177"
                          VPOS="415"
                          HPOS="1889"
                          CONTENT="Considerat"/>
               </TextLine>
               <TextLine ID="r1l9"
                         BASELINE="509"
                         HEIGHT="49"
                         WIDTH="769"
                         VPOS="460"
                         HPOS="1293">
                  <String HEIGHT="49"
                          WIDTH="142"
                          VPOS="460"
                          HPOS="1279"
                          CONTENT="namque"/>
                  <SP HEIGHT="49" WIDTH="14" VPOS="460" HPOS="1421"/>
                  <String HEIGHT="49"
                          WIDTH="128"
                          VPOS="460"
                          HPOS="1378"
                          CONTENT="caute"/>
                  <SP HEIGHT="49" WIDTH="14" VPOS="460" HPOS="1507"/>
                  <String HEIGHT="49" WIDTH="71" VPOS="460" HPOS="1464" CONTENT="&amp;"/>
                  <SP HEIGHT="49" WIDTH="14" VPOS="460" HPOS="1535"/>
                  <String HEIGHT="49"
                          WIDTH="185"
                          VPOS="460"
                          HPOS="1492"
                          CONTENT="malitiose"/>
                  <SP HEIGHT="49" WIDTH="14" VPOS="460" HPOS="1678"/>
                  <String HEIGHT="49"
                          WIDTH="128"
                          VPOS="460"
                          HPOS="1635"
                          CONTENT="circa"/>
                  <SP HEIGHT="49" WIDTH="14" VPOS="460" HPOS="1763"/>
                  <String HEIGHT="49"
                          WIDTH="114"
                          VPOS="460"
                          HPOS="1720"
                          CONTENT="quae"/>
                  <SP HEIGHT="49" WIDTH="14" VPOS="460" HPOS="1834"/>
                  <String HEIGHT="49"
                          WIDTH="171"
                          VPOS="460"
                          HPOS="1791"
                          CONTENT="illicita"/>
                  <SP HEIGHT="49" WIDTH="14" VPOS="460" HPOS="1962"/>
                  <String HEIGHT="49"
                          WIDTH="114"
                          VPOS="460"
                          HPOS="1920"
                          CONTENT="homo"/>
                  <SP HEIGHT="49" WIDTH="14" VPOS="460" HPOS="2034"/>
                  <String HEIGHT="49"
                          WIDTH="85"
                          VPOS="460"
                          HPOS="1977"
                          CONTENT="ver"
                          SUBS_TYPE="HypPart1"
                          SUBS_CONTENT="versetur:"/>
                  <HYP CONTENT="-"/>
               </TextLine>
               <TextLine ID="r1l11"
                         BASELINE="548"
                         HEIGHT="45"
                         WIDTH="772"
                         VPOS="503"
                         HPOS="1299">
                  <String HEIGHT="45"
                          WIDTH="140"
                          VPOS="503"
                          HPOS="1285"
                          CONTENT="setur:"
                          SUBS_TYPE="HypPart2"
                          SUBS_CONTENT="versetur:"/>
                  <SP HEIGHT="45" WIDTH="14" VPOS="503" HPOS="1425"/>
                  <String HEIGHT="45"
                          WIDTH="140"
                          VPOS="503"
                          HPOS="1383"
                          CONTENT="vtpote"/>
                  <SP HEIGHT="45" WIDTH="14" VPOS="503" HPOS="1524"/>
                  <String HEIGHT="45" WIDTH="84" VPOS="503" HPOS="1481" CONTENT="si"/>
                  <SP HEIGHT="45" WIDTH="14" VPOS="503" HPOS="1566"/>
                  <String HEIGHT="45"
                          WIDTH="126"
                          VPOS="503"
                          HPOS="1524"
                          CONTENT="circa"/>
                  <SP HEIGHT="45" WIDTH="14" VPOS="503" HPOS="1650"/>
                  <String HEIGHT="45"
                          WIDTH="168"
                          VPOS="503"
                          HPOS="1608"
                          CONTENT="mulierem"/>
                  <SP HEIGHT="45" WIDTH="14" VPOS="503" HPOS="1776"/>
                  <String HEIGHT="45"
                          WIDTH="112"
                          VPOS="503"
                          HPOS="1734"
                          CONTENT="hanc"/>
                  <SP HEIGHT="45" WIDTH="14" VPOS="503" HPOS="1846"/>
                  <String HEIGHT="45"
                          WIDTH="182"
                          VPOS="503"
                          HPOS="1804"
                          CONTENT="pulchram,"/>
                  <SP HEIGHT="45" WIDTH="14" VPOS="503" HPOS="1987"/>
                  <String HEIGHT="45"
                          WIDTH="140"
                          VPOS="503"
                          HPOS="1931"
                          CONTENT="coniugen"/>
               </TextLine>
               <TextLine ID="r1l13"
                         BASELINE="592"
                         HEIGHT="48"
                         WIDTH="763"
                         VPOS="544"
                         HPOS="1309">
                  <String HEIGHT="48"
                          WIDTH="109"
                          VPOS="544"
                          HPOS="1293"
                          CONTENT="vel"/>
                  <SP HEIGHT="48" WIDTH="16" VPOS="544" HPOS="1402"/>
                  <String HEIGHT="48"
                          WIDTH="171"
                          VPOS="544"
                          HPOS="1356"
                          CONTENT="aliquid"/>
                  <SP HEIGHT="48" WIDTH="16" VPOS="544" HPOS="1527"/>
                  <String HEIGHT="48"
                          WIDTH="140"
                          VPOS="544"
                          HPOS="1480"
                          CONTENT="tale:"/>
                  <SP HEIGHT="48" WIDTH="16" VPOS="544" HPOS="1620"/>
                  <String HEIGHT="48" WIDTH="78" VPOS="544" HPOS="1574" CONTENT="&amp;"/>
                  <SP HEIGHT="48" WIDTH="16" VPOS="544" HPOS="1652"/>
                  <String HEIGHT="48"
                          WIDTH="171"
                          VPOS="544"
                          HPOS="1605"
                          CONTENT="species"/>
                  <SP HEIGHT="48" WIDTH="16" VPOS="544" HPOS="1776"/>
                  <String HEIGHT="48"
                          WIDTH="140"
                          VPOS="544"
                          HPOS="1729"
                          CONTENT="talis"/>
                  <SP HEIGHT="48" WIDTH="16" VPOS="544" HPOS="1870"/>
                  <String HEIGHT="48"
                          WIDTH="187"
                          VPOS="544"
                          HPOS="1823"
                          CONTENT="mulieris"/>
                  <SP HEIGHT="48" WIDTH="16" VPOS="544" HPOS="2010"/>
                  <String HEIGHT="48"
                          WIDTH="125"
                          VPOS="544"
                          HPOS="1947"
                          CONTENT="optime"/>
               </TextLine>
               <TextLine ID="r1l15"
                         BASELINE="644"
                         HEIGHT="52"
                         WIDTH="766"
                         VPOS="592"
                         HPOS="1296">
                  <String HEIGHT="52"
                          WIDTH="184"
                          VPOS="592"
                          HPOS="1282"
                          CONTENT="potentiae"/>
                  <SP HEIGHT="52" WIDTH="14" VPOS="592" HPOS="1466"/>
                  <String HEIGHT="52"
                          WIDTH="170"
                          VPOS="592"
                          HPOS="1424"
                          CONTENT="applicat"/>
                  <SP HEIGHT="52" WIDTH="14" VPOS="592" HPOS="1594"/>
                  <String HEIGHT="52" WIDTH="71" VPOS="592" HPOS="1551" CONTENT="&amp;"/>
                  <SP HEIGHT="52" WIDTH="14" VPOS="592" HPOS="1622"/>
                  <String HEIGHT="52"
                          WIDTH="128"
                          VPOS="592"
                          HPOS="1580"
                          CONTENT="nocte"/>
                  <SP HEIGHT="52" WIDTH="14" VPOS="592" HPOS="1707"/>
                  <String HEIGHT="52" WIDTH="71" VPOS="592" HPOS="1665" CONTENT="&amp;"/>
                  <SP HEIGHT="52" WIDTH="14" VPOS="592" HPOS="1736"/>
                  <String HEIGHT="52"
                          WIDTH="184"
                          VPOS="592"
                          HPOS="1693"
                          CONTENT="interdiu,"/>
                  <SP HEIGHT="52" WIDTH="14" VPOS="592" HPOS="1878"/>
                  <String HEIGHT="52" WIDTH="99" VPOS="592" HPOS="1835" CONTENT="sic"/>
                  <SP HEIGHT="52" WIDTH="14" VPOS="592" HPOS="1934"/>
                  <String HEIGHT="52" WIDTH="85" VPOS="592" HPOS="1892" CONTENT="vt"/>
                  <SP HEIGHT="52" WIDTH="14" VPOS="592" HPOS="1977"/>
                  <String HEIGHT="52"
                          WIDTH="142"
                          VPOS="592"
                          HPOS="1920"
                          CONTENT="tentatus"/>
               </TextLine>
               <TextLine ID="r1l17"
                         BASELINE="685"
                         HEIGHT="49"
                         WIDTH="770"
                         VPOS="636"
                         HPOS="1302">
                  <String HEIGHT="49"
                          WIDTH="246"
                          VPOS="636"
                          HPOS="1287"
                          CONTENT="cogitationes"/>
                  <SP HEIGHT="49" WIDTH="15" VPOS="636" HPOS="1533"/>
                  <String HEIGHT="49"
                          WIDTH="185"
                          VPOS="636"
                          HPOS="1487"
                          CONTENT="actuales"/>
                  <SP HEIGHT="49" WIDTH="15" VPOS="636" HPOS="1672"/>
                  <String HEIGHT="49"
                          WIDTH="154"
                          VPOS="636"
                          HPOS="1625"
                          CONTENT="crebro"/>
                  <SP HEIGHT="49" WIDTH="15" VPOS="636" HPOS="1779"/>
                  <String HEIGHT="49"
                          WIDTH="169"
                          VPOS="636"
                          HPOS="1733"
                          CONTENT="habeat:"/>
                  <SP HEIGHT="49" WIDTH="15" VPOS="636" HPOS="1903"/>
                  <String HEIGHT="49"
                          WIDTH="154"
                          VPOS="636"
                          HPOS="1856"
                          CONTENT="quibus"/>
                  <SP HEIGHT="49" WIDTH="15" VPOS="636" HPOS="2010"/>
                  <String HEIGHT="49"
                          WIDTH="123"
                          VPOS="636"
                          HPOS="1949"
                          CONTENT="appre"
                          SUBS_TYPE="HypPart1"
                          SUBS_CONTENT="apprehensis"/>
                  <HYP CONTENT="-"/>
               </TextLine>
               <TextLine ID="r1l19"
                         BASELINE="730"
                         HEIGHT="51"
                         WIDTH="779"
                         VPOS="679"
                         HPOS="1296">
                  <String HEIGHT="51"
                          WIDTH="162"
                          VPOS="679"
                          HPOS="1280"
                          CONTENT="hensis"
                          SUBS_TYPE="HypPart2"
                          SUBS_CONTENT="apprehensis"/>
                  <SP HEIGHT="51" WIDTH="16" VPOS="679" HPOS="1442"/>
                  <String HEIGHT="51"
                          WIDTH="130"
                          VPOS="679"
                          HPOS="1393"
                          CONTENT="homo"/>
                  <SP HEIGHT="51" WIDTH="16" VPOS="679" HPOS="1523"/>
                  <String HEIGHT="51" WIDTH="97" VPOS="679" HPOS="1475" CONTENT="ex"/>
                  <SP HEIGHT="51" WIDTH="16" VPOS="679" HPOS="1572"/>
                  <String HEIGHT="51"
                          WIDTH="243"
                          VPOS="679"
                          HPOS="1523"
                          CONTENT="negligentia"/>
                  <SP HEIGHT="51" WIDTH="16" VPOS="679" HPOS="1767"/>
                  <String HEIGHT="51" WIDTH="81" VPOS="679" HPOS="1718" CONTENT="&amp;"/>
                  <SP HEIGHT="51" WIDTH="16" VPOS="679" HPOS="1799"/>
                  <String HEIGHT="51"
                          WIDTH="227"
                          VPOS="679"
                          HPOS="1750"
                          CONTENT="debilitate"/>
                  <SP HEIGHT="51" WIDTH="16" VPOS="679" HPOS="1978"/>
                  <String HEIGHT="51"
                          WIDTH="162"
                          VPOS="679"
                          HPOS="1913"
                          CONTENT="pleruque"/>
               </TextLine>
               <TextLine ID="r1l21"
                         BASELINE="777"
                         HEIGHT="53"
                         WIDTH="763"
                         VPOS="724"
                         HPOS="1308">
                  <String HEIGHT="53"
                          WIDTH="194"
                          VPOS="724"
                          HPOS="1294"
                          CONTENT="succumbit."/>
                  <SP HEIGHT="53" WIDTH="14" VPOS="724" HPOS="1488"/>
                  <String HEIGHT="53" WIDTH="97" VPOS="724" HPOS="1447" CONTENT="sed"/>
                  <SP HEIGHT="53" WIDTH="14" VPOS="724" HPOS="1544"/>
                  <String HEIGHT="53"
                          WIDTH="139"
                          VPOS="724"
                          HPOS="1502"
                          CONTENT="quando"/>
                  <SP HEIGHT="53" WIDTH="14" VPOS="724" HPOS="1641"/>
                  <String HEIGHT="53"
                          WIDTH="125"
                          VPOS="724"
                          HPOS="1599"
                          CONTENT="illae"/>
                  <SP HEIGHT="53" WIDTH="14" VPOS="724" HPOS="1724"/>
                  <String HEIGHT="53"
                          WIDTH="153"
                          VPOS="724"
                          HPOS="1683"
                          CONTENT="species"/>
                  <SP HEIGHT="53" WIDTH="14" VPOS="724" HPOS="1835"/>
                  <String HEIGHT="53" WIDTH="97" VPOS="724" HPOS="1794" CONTENT="cum"/>
                  <SP HEIGHT="53" WIDTH="14" VPOS="724" HPOS="1891"/>
                  <String HEIGHT="53"
                          WIDTH="166"
                          VPOS="724"
                          HPOS="1849"
                          CONTENT="potentia"/>
                  <SP HEIGHT="53" WIDTH="14" VPOS="724" HPOS="2016"/>
                  <String HEIGHT="53"
                          WIDTH="111"
                          VPOS="724"
                          HPOS="1960"
                          CONTENT="appli"
                          SUBS_TYPE="HypPart1"
                          SUBS_CONTENT="applicatae"/>
                  <HYP CONTENT="-"/>
               </TextLine>
               <TextLine ID="r1l23"
                         BASELINE="818"
                         HEIGHT="47"
                         WIDTH="779"
                         VPOS="771"
                         HPOS="1296">
                  <String HEIGHT="47"
                          WIDTH="135"
                          VPOS="771"
                          HPOS="1281"
                          CONTENT="catae"
                          SUBS_TYPE="HypPart2"
                          SUBS_CONTENT="applicatae"/>
                  <SP HEIGHT="47" WIDTH="15" VPOS="771" HPOS="1416"/>
                  <String HEIGHT="47"
                          WIDTH="225"
                          VPOS="771"
                          HPOS="1371"
                          CONTENT="naturaliter"/>
                  <SP HEIGHT="47" WIDTH="15" VPOS="771" HPOS="1596"/>
                  <String HEIGHT="47"
                          WIDTH="195"
                          VPOS="771"
                          HPOS="1551"
                          CONTENT="producunt"/>
                  <SP HEIGHT="47" WIDTH="15" VPOS="771" HPOS="1745"/>
                  <String HEIGHT="47"
                          WIDTH="240"
                          VPOS="771"
                          HPOS="1700"
                          CONTENT="cogitationem"/>
                  <SP HEIGHT="47" WIDTH="15" VPOS="771" HPOS="1940"/>
                  <String HEIGHT="47"
                          WIDTH="180"
                          VPOS="771"
                          HPOS="1895"
                          CONTENT="mulieris"/>
                  <SP HEIGHT="47" WIDTH="15" VPOS="771" HPOS="2075"/>
                  <String HEIGHT="47" WIDTH="60" VPOS="771" HPOS="2015" CONTENT="de"/>
               </TextLine>
               <TextLine ID="r1l25"
                         BASELINE="869"
                         HEIGHT="54"
                         WIDTH="769"
                         VPOS="815"
                         HPOS="1299">
                  <String HEIGHT="54"
                          WIDTH="112"
                          VPOS="815"
                          HPOS="1283"
                          CONTENT="qua"/>
                  <SP HEIGHT="54" WIDTH="16" VPOS="815" HPOS="1395"/>
                  <String HEIGHT="54"
                          WIDTH="208"
                          VPOS="815"
                          HPOS="1347"
                          CONTENT="loquimur:"/>
                  <SP HEIGHT="54" WIDTH="16" VPOS="815" HPOS="1555"/>
                  <String HEIGHT="54" WIDTH="96" VPOS="815" HPOS="1507" CONTENT="no"/>
                  <SP HEIGHT="54" WIDTH="16" VPOS="815" HPOS="1603"/>
                  <String HEIGHT="54"
                          WIDTH="112"
                          VPOS="815"
                          HPOS="1555"
                          CONTENT="est"/>
                  <SP HEIGHT="54" WIDTH="16" VPOS="815" HPOS="1667"/>
                  <String HEIGHT="54"
                          WIDTH="192"
                          VPOS="815"
                          HPOS="1619"
                          CONTENT="peccatum"/>
                  <SP HEIGHT="54" WIDTH="16" VPOS="815" HPOS="1812"/>
                  <String HEIGHT="54"
                          WIDTH="160"
                          VPOS="815"
                          HPOS="1764"
                          CONTENT="vllum:"/>
                  <SP HEIGHT="54" WIDTH="16" VPOS="815" HPOS="1924"/>
                  <String HEIGHT="54" WIDTH="96" VPOS="815" HPOS="1876" CONTENT="si"/>
                  <SP HEIGHT="54" WIDTH="16" VPOS="815" HPOS="1972"/>
                  <String HEIGHT="54"
                          WIDTH="128"
                          VPOS="815"
                          HPOS="1924"
                          CONTENT="homo"/>
                  <SP HEIGHT="54" WIDTH="16" VPOS="815" HPOS="2052"/>
                  <String HEIGHT="54" WIDTH="80" VPOS="815" HPOS="1988" CONTENT="non"/>
               </TextLine>
               <TextLine ID="r1l27"
                         BASELINE="913"
                         HEIGHT="55"
                         WIDTH="753"
                         VPOS="858"
                         HPOS="1306">
                  <String HEIGHT="55"
                          WIDTH="198"
                          VPOS="858"
                          HPOS="1293"
                          CONTENT="consentiat,"/>
                  <SP HEIGHT="55" WIDTH="13" VPOS="858" HPOS="1491"/>
                  <String HEIGHT="55" WIDTH="92" VPOS="858" HPOS="1451" CONTENT="sed"/>
                  <SP HEIGHT="55" WIDTH="13" VPOS="858" HPOS="1544"/>
                  <String HEIGHT="55"
                          WIDTH="159"
                          VPOS="858"
                          HPOS="1504"
                          CONTENT="diuertat"/>
                  <SP HEIGHT="55" WIDTH="13" VPOS="858" HPOS="1663"/>
                  <String HEIGHT="55" WIDTH="79" VPOS="858" HPOS="1623" CONTENT="se"/>
                  <SP HEIGHT="55" WIDTH="13" VPOS="858" HPOS="1702"/>
                  <String HEIGHT="55"
                          WIDTH="106"
                          VPOS="858"
                          HPOS="1663"
                          CONTENT="quam"/>
                  <SP HEIGHT="55" WIDTH="13" VPOS="858" HPOS="1768"/>
                  <String HEIGHT="55"
                          WIDTH="132"
                          VPOS="858"
                          HPOS="1729"
                          CONTENT="primum"/>
                  <SP HEIGHT="55" WIDTH="13" VPOS="858" HPOS="1861"/>
                  <String HEIGHT="55"
                          WIDTH="145"
                          VPOS="858"
                          HPOS="1821"
                          CONTENT="commode"/>
                  <SP HEIGHT="55" WIDTH="13" VPOS="858" HPOS="1967"/>
                  <String HEIGHT="55"
                          WIDTH="132"
                          VPOS="858"
                          HPOS="1927"
                          CONTENT="potest"/>
                  <SP HEIGHT="55" WIDTH="13" VPOS="858" HPOS="2059"/>
                  <String HEIGHT="55" WIDTH="53" VPOS="858" HPOS="2006" CONTENT="ab"/>
               </TextLine>
               <TextLine ID="r1l29"
                         BASELINE="952"
                         HEIGHT="51"
                         WIDTH="757"
                         VPOS="901"
                         HPOS="1306">
                  <String HEIGHT="51"
                          WIDTH="104"
                          VPOS="901"
                          HPOS="1293"
                          CONTENT="illa"/>
                  <SP HEIGHT="51" WIDTH="13" VPOS="901" HPOS="1397"/>
                  <String HEIGHT="51"
                          WIDTH="196"
                          VPOS="901"
                          HPOS="1358"
                          CONTENT="cogitatione"/>
                  <SP HEIGHT="51" WIDTH="13" VPOS="901" HPOS="1554"/>
                  <String HEIGHT="51"
                          WIDTH="196"
                          VPOS="901"
                          HPOS="1515"
                          CONTENT="periculosa."/>
                  <SP HEIGHT="51" WIDTH="13" VPOS="901" HPOS="1711"/>
                  <String HEIGHT="51" WIDTH="91" VPOS="901" HPOS="1671" CONTENT="nam"/>
                  <SP HEIGHT="51" WIDTH="13" VPOS="901" HPOS="1763"/>
                  <String HEIGHT="51"
                          WIDTH="131"
                          VPOS="901"
                          HPOS="1724"
                          CONTENT="potest"/>
                  <SP HEIGHT="51" WIDTH="13" VPOS="901" HPOS="1854"/>
                  <String HEIGHT="51"
                          WIDTH="196"
                          VPOS="901"
                          HPOS="1815"
                          CONTENT="convertendo"/>
                  <SP HEIGHT="51" WIDTH="13" VPOS="901" HPOS="2011"/>
                  <String HEIGHT="51" WIDTH="78" VPOS="901" HPOS="1972" CONTENT="se"/>
                  <SP HEIGHT="51" WIDTH="13" VPOS="901" HPOS="2050"/>
                  <String HEIGHT="51" WIDTH="78" VPOS="901" HPOS="2011" CONTENT="ad"/>
                  <SP HEIGHT="51" WIDTH="13" VPOS="901" HPOS="2089"/>
                  <String HEIGHT="51" WIDTH="26" VPOS="901" HPOS="2037" CONTENT=""/>
               </TextLine>
               <TextLine ID="r1l31"
                         BASELINE="997"
                         HEIGHT="51"
                         WIDTH="781"
                         VPOS="946"
                         HPOS="1293">
                  <String HEIGHT="51"
                          WIDTH="125"
                          VPOS="946"
                          HPOS="1277"
                          CONTENT="alia"/>
                  <SP HEIGHT="51" WIDTH="16" VPOS="946" HPOS="1402"/>
                  <String HEIGHT="51"
                          WIDTH="172"
                          VPOS="946"
                          HPOS="1355"
                          CONTENT="obiecta"/>
                  <SP HEIGHT="51" WIDTH="16" VPOS="946" HPOS="1527"/>
                  <String HEIGHT="51"
                          WIDTH="156"
                          VPOS="946"
                          HPOS="1480"
                          CONTENT="sancta"/>
                  <SP HEIGHT="51" WIDTH="16" VPOS="946" HPOS="1637"/>
                  <String HEIGHT="51" WIDTH="78" VPOS="946" HPOS="1590" CONTENT="&amp;"/>
                  <SP HEIGHT="51" WIDTH="16" VPOS="946" HPOS="1668"/>
                  <String HEIGHT="51"
                          WIDTH="234"
                          VPOS="946"
                          HPOS="1621"
                          CONTENT="salutifera,"/>
                  <SP HEIGHT="51" WIDTH="16" VPOS="946" HPOS="1855"/>
                  <String HEIGHT="51"
                          WIDTH="156"
                          VPOS="946"
                          HPOS="1808"
                          CONTENT="vtpote"/>
                  <SP HEIGHT="51" WIDTH="16" VPOS="946" HPOS="1965"/>
                  <String HEIGHT="51" WIDTH="94" VPOS="946" HPOS="1918" CONTENT="ad"/>
                  <SP HEIGHT="51" WIDTH="16" VPOS="946" HPOS="2012"/>
                  <String HEIGHT="51"
                          WIDTH="125"
                          VPOS="946"
                          HPOS="1949"
                          CONTENT="passio"/>
               </TextLine>
               <TextLine ID="r1l33"
                         BASELINE="1046"
                         HEIGHT="57"
                         WIDTH="770"
                         VPOS="989"
                         HPOS="1302">
                  <String HEIGHT="57"
                          WIDTH="106"
                          VPOS="989"
                          HPOS="1287"
                          CONTENT="nem"/>
                  <SP HEIGHT="57" WIDTH="15" VPOS="989" HPOS="1393"/>
                  <String HEIGHT="57"
                          WIDTH="181"
                          VPOS="989"
                          HPOS="1347"
                          CONTENT="Christi,"/>
                  <SP HEIGHT="57" WIDTH="15" VPOS="989" HPOS="1528"/>
                  <String HEIGHT="57" WIDTH="75" VPOS="989" HPOS="1483" CONTENT="&amp;"/>
                  <SP HEIGHT="57" WIDTH="15" VPOS="989" HPOS="1559"/>
                  <String HEIGHT="57" WIDTH="91" VPOS="989" HPOS="1513" CONTENT="ad"/>
                  <SP HEIGHT="57" WIDTH="15" VPOS="989" HPOS="1604"/>
                  <String HEIGHT="57"
                          WIDTH="196"
                          VPOS="989"
                          HPOS="1559"
                          CONTENT="horrendum"/>
                  <SP HEIGHT="57" WIDTH="15" VPOS="989" HPOS="1755"/>
                  <String HEIGHT="57"
                          WIDTH="181"
                          VPOS="989"
                          HPOS="1710"
                          CONTENT="extremum"/>
                  <SP HEIGHT="57" WIDTH="15" VPOS="989" HPOS="1891"/>
                  <String HEIGHT="57"
                          WIDTH="181"
                          VPOS="989"
                          HPOS="1846"
                          CONTENT="iudiciu,"/>
                  <SP HEIGHT="57" WIDTH="15" VPOS="989" HPOS="2027"/>
                  <String HEIGHT="57"
                          WIDTH="106"
                          VPOS="989"
                          HPOS="1966"
                          CONTENT="illas"/>
               </TextLine>
               <TextLine ID="r1l35"
                         BASELINE="1078"
                         HEIGHT="44"
                         WIDTH="770"
                         VPOS="1034"
                         HPOS="1302">
                  <String HEIGHT="44"
                          WIDTH="228"
                          VPOS="1034"
                          HPOS="1288"
                          CONTENT="cogitationes"/>
                  <SP HEIGHT="44" WIDTH="14" VPOS="1034" HPOS="1516"/>
                  <String HEIGHT="44"
                          WIDTH="214"
                          VPOS="1034"
                          HPOS="1473"
                          CONTENT="naturaliter"/>
                  <SP HEIGHT="44" WIDTH="14" VPOS="1034" HPOS="1687"/>
                  <String HEIGHT="44"
                          WIDTH="214"
                          VPOS="1034"
                          HPOS="1644"
                          CONTENT="extinguere."/>
                  <SP HEIGHT="44" WIDTH="14" VPOS="1034" HPOS="1858"/>
                  <String HEIGHT="44"
                          WIDTH="128"
                          VPOS="1034"
                          HPOS="1815"
                          CONTENT="licet"/>
                  <SP HEIGHT="44" WIDTH="14" VPOS="1034" HPOS="1944"/>
                  <String HEIGHT="44"
                          WIDTH="114"
                          VPOS="1034"
                          HPOS="1901"
                          CONTENT="enim"/>
                  <SP HEIGHT="44" WIDTH="14" VPOS="1034" HPOS="2015"/>
                  <String HEIGHT="44"
                          WIDTH="114"
                          VPOS="1034"
                          HPOS="1958"
                          CONTENT="intel"
                          SUBS_TYPE="HypPart1"
                          SUBS_CONTENT="intellectus"/>
                  <HYP CONTENT="-"/>
               </TextLine>
               <TextLine ID="r1l37"
                         BASELINE="1129"
                         HEIGHT="52"
                         WIDTH="766"
                         VPOS="1077"
                         HPOS="1300">
                  <String HEIGHT="52"
                          WIDTH="153"
                          VPOS="1077"
                          HPOS="1285"
                          CONTENT="lectus"
                          SUBS_TYPE="HypPart2"
                          SUBS_CONTENT="intellectus"/>
                  <SP HEIGHT="52" WIDTH="15" VPOS="1077" HPOS="1438"/>
                  <String HEIGHT="52" WIDTH="77" VPOS="1077" HPOS="1392" CONTENT="&amp;"/>
                  <SP HEIGHT="52" WIDTH="15" VPOS="1077" HPOS="1469"/>
                  <String HEIGHT="52"
                          WIDTH="153"
                          VPOS="1077"
                          HPOS="1423"
                          CONTENT="sensus"/>
                  <SP HEIGHT="52" WIDTH="15" VPOS="1077" HPOS="1576"/>
                  <String HEIGHT="52"
                          WIDTH="169"
                          VPOS="1077"
                          HPOS="1530"
                          CONTENT="possint"/>
                  <SP HEIGHT="52" WIDTH="15" VPOS="1077" HPOS="1698"/>
                  <String HEIGHT="52"
                          WIDTH="153"
                          VPOS="1077"
                          HPOS="1652"
                          CONTENT="plures"/>
                  <SP HEIGHT="52" WIDTH="15" VPOS="1077" HPOS="1806"/>
                  <String HEIGHT="52"
                          WIDTH="230"
                          VPOS="1077"
                          HPOS="1760"
                          CONTENT="sensationes"/>
                  <SP HEIGHT="52" WIDTH="15" VPOS="1077" HPOS="1989"/>
                  <String HEIGHT="52"
                          WIDTH="107"
                          VPOS="1077"
                          HPOS="1943"
                          CONTENT="vel"/>
                  <SP HEIGHT="52" WIDTH="15" VPOS="1077" HPOS="2051"/>
                  <String HEIGHT="52" WIDTH="92" VPOS="1077" HPOS="2005" CONTENT="in"/>
                  <SP HEIGHT="52" WIDTH="15" VPOS="1077" HPOS="2097"/>
                  <String HEIGHT="52" WIDTH="31" VPOS="1077" HPOS="2035" CONTENT=""/>
               </TextLine>
               <TextLine ID="r1l39"
                         BASELINE="1174"
                         HEIGHT="47"
                         WIDTH="778"
                         VPOS="1127"
                         HPOS="1302">
                  <String HEIGHT="47"
                          WIDTH="231"
                          VPOS="1127"
                          HPOS="1288"
                          CONTENT="tellectiones"/>
                  <SP HEIGHT="47" WIDTH="14" VPOS="1127" HPOS="1518"/>
                  <String HEIGHT="47"
                          WIDTH="173"
                          VPOS="1127"
                          HPOS="1475"
                          CONTENT="actuales"/>
                  <SP HEIGHT="47" WIDTH="14" VPOS="1127" HPOS="1648"/>
                  <String HEIGHT="47"
                          WIDTH="144"
                          VPOS="1127"
                          HPOS="1605"
                          CONTENT="habere"/>
                  <SP HEIGHT="47" WIDTH="14" VPOS="1127" HPOS="1749"/>
                  <String HEIGHT="47"
                          WIDTH="187"
                          VPOS="1127"
                          HPOS="1705"
                          CONTENT="remissas:"/>
                  <SP HEIGHT="47" WIDTH="14" VPOS="1127" HPOS="1893"/>
                  <String HEIGHT="47"
                          WIDTH="130"
                          VPOS="1127"
                          HPOS="1849"
                          CONTENT="tamen"/>
                  <SP HEIGHT="47" WIDTH="14" VPOS="1127" HPOS="1979"/>
                  <String HEIGHT="47"
                          WIDTH="158"
                          VPOS="1127"
                          HPOS="1922"
                          CONTENT="capacitas"/>
               </TextLine>
               <TextLine ID="r1l41"
                         BASELINE="1220"
                         HEIGHT="54"
                         WIDTH="760"
                         VPOS="1166"
                         HPOS="1303">
                  <String HEIGHT="54"
                          WIDTH="149"
                          VPOS="1166"
                          HPOS="1288"
                          CONTENT="actiua"/>
                  <SP HEIGHT="54" WIDTH="15" VPOS="1166" HPOS="1437"/>
                  <String HEIGHT="54" WIDTH="75" VPOS="1166" HPOS="1392" CONTENT="&amp;"/>
                  <SP HEIGHT="54" WIDTH="15" VPOS="1166" HPOS="1467"/>
                  <String HEIGHT="54"
                          WIDTH="149"
                          VPOS="1166"
                          HPOS="1422"
                          CONTENT="sensus"/>
                  <SP HEIGHT="54" WIDTH="15" VPOS="1166" HPOS="1571"/>
                  <String HEIGHT="54" WIDTH="75" VPOS="1166" HPOS="1527" CONTENT="&amp;"/>
                  <SP HEIGHT="54" WIDTH="15" VPOS="1166" HPOS="1601"/>
                  <String HEIGHT="54"
                          WIDTH="224"
                          VPOS="1166"
                          HPOS="1556"
                          CONTENT="intellectus"/>
                  <SP HEIGHT="54" WIDTH="15" VPOS="1166" HPOS="1780"/>
                  <String HEIGHT="54"
                          WIDTH="224"
                          VPOS="1166"
                          HPOS="1735"
                          CONTENT="terminatur."/>
                  <SP HEIGHT="54" WIDTH="15" VPOS="1166" HPOS="1959"/>
                  <String HEIGHT="54" WIDTH="75" VPOS="1166" HPOS="1914" CONTENT="&amp;"/>
                  <SP HEIGHT="54" WIDTH="15" VPOS="1166" HPOS="1988"/>
                  <String HEIGHT="54"
                          WIDTH="149"
                          VPOS="1166"
                          HPOS="1944"
                          CONTENT="quando"/>
                  <SP HEIGHT="54" WIDTH="15" VPOS="1166" HPOS="2093"/>
                  <String HEIGHT="54" WIDTH="30" VPOS="1166" HPOS="2033" CONTENT=""/>
               </TextLine>
               <TextLine ID="r1l43"
                         BASELINE="1265"
                         HEIGHT="48"
                         WIDTH="771"
                         VPOS="1217"
                         HPOS="1299">
                  <String HEIGHT="48"
                          WIDTH="110"
                          VPOS="1217"
                          HPOS="1283"
                          CONTENT="vna"/>
                  <SP HEIGHT="48" WIDTH="16" VPOS="1217" HPOS="1393"/>
                  <String HEIGHT="48"
                          WIDTH="189"
                          VPOS="1217"
                          HPOS="1346"
                          CONTENT="potentia"/>
                  <SP HEIGHT="48" WIDTH="16" VPOS="1217" HPOS="1535"/>
                  <String HEIGHT="48"
                          WIDTH="157"
                          VPOS="1217"
                          HPOS="1488"
                          CONTENT="multum"/>
                  <SP HEIGHT="48" WIDTH="16" VPOS="1217" HPOS="1645"/>
                  <String HEIGHT="48"
                          WIDTH="173"
                          VPOS="1217"
                          HPOS="1598"
                          CONTENT="intense"/>
                  <SP HEIGHT="48" WIDTH="16" VPOS="1217" HPOS="1771"/>
                  <String HEIGHT="48" WIDTH="79" VPOS="1217" HPOS="1724" CONTENT="&amp;"/>
                  <SP HEIGHT="48" WIDTH="16" VPOS="1217" HPOS="1803"/>
                  <String HEIGHT="48"
                          WIDTH="189"
                          VPOS="1217"
                          HPOS="1755"
                          CONTENT="profunde"/>
                  <SP HEIGHT="48" WIDTH="16" VPOS="1217" HPOS="1944"/>
                  <String HEIGHT="48"
                          WIDTH="142"
                          VPOS="1217"
                          HPOS="1897"
                          CONTENT="circa"/>
                  <SP HEIGHT="48" WIDTH="16" VPOS="1217" HPOS="2039"/>
                  <String HEIGHT="48"
                          WIDTH="94"
                          VPOS="1217"
                          HPOS="1976"
                          CONTENT="vnum"/>
               </TextLine>
               <TextLine ID="r1l45"
                         BASELINE="1310"
                         HEIGHT="50"
                         WIDTH="772"
                         VPOS="1260"
                         HPOS="1302">
                  <String HEIGHT="50"
                          WIDTH="175"
                          VPOS="1260"
                          HPOS="1287"
                          CONTENT="obiectum"/>
                  <SP HEIGHT="50" WIDTH="15" VPOS="1260" HPOS="1462"/>
                  <String HEIGHT="50"
                          WIDTH="218"
                          VPOS="1260"
                          HPOS="1419"
                          CONTENT="immergitur:"/>
                  <SP HEIGHT="50" WIDTH="15" VPOS="1260" HPOS="1637"/>
                  <String HEIGHT="50"
                          WIDTH="131"
                          VPOS="1260"
                          HPOS="1593"
                          CONTENT="facit"/>
                  <SP HEIGHT="50" WIDTH="15" VPOS="1260" HPOS="1724"/>
                  <String HEIGHT="50"
                          WIDTH="131"
                          VPOS="1260"
                          HPOS="1681"
                          CONTENT="alias"/>
                  <SP HEIGHT="50" WIDTH="15" VPOS="1260" HPOS="1812"/>
                  <String HEIGHT="50"
                          WIDTH="189"
                          VPOS="1260"
                          HPOS="1768"
                          CONTENT="potentias"/>
                  <SP HEIGHT="50" WIDTH="15" VPOS="1260" HPOS="1957"/>
                  <String HEIGHT="50" WIDTH="73" VPOS="1260" HPOS="1914" CONTENT="a"/>
                  <SP HEIGHT="50" WIDTH="15" VPOS="1260" HPOS="1987"/>
                  <String HEIGHT="50"
                          WIDTH="117"
                          VPOS="1260"
                          HPOS="1943"
                          CONTENT="suis"/>
                  <SP HEIGHT="50" WIDTH="15" VPOS="1260" HPOS="2059"/>
                  <String HEIGHT="50"
                          WIDTH="73"
                          VPOS="1260"
                          HPOS="2001"
                          CONTENT="co"
                          SUBS_TYPE="HypPart1"
                          SUBS_CONTENT="cogitationibus"/>
                  <HYP CONTENT="-"/>
               </TextLine>
               <TextLine ID="r1l47"
                         BASELINE="1353"
                         HEIGHT="44"
                         WIDTH="766"
                         VPOS="1309"
                         HPOS="1299">
                  <String HEIGHT="44"
                          WIDTH="231"
                          VPOS="1309"
                          HPOS="1285"
                          CONTENT="gitationibus"
                          SUBS_TYPE="HypPart2"
                          SUBS_CONTENT="cogitationibus"/>
                  <SP HEIGHT="44" WIDTH="14" VPOS="1309" HPOS="1516"/>
                  <String HEIGHT="44"
                          WIDTH="173"
                          VPOS="1309"
                          HPOS="1472"
                          CONTENT="cessare:"/>
                  <SP HEIGHT="44" WIDTH="14" VPOS="1309" HPOS="1646"/>
                  <String HEIGHT="44"
                          WIDTH="101"
                          VPOS="1309"
                          HPOS="1603"
                          CONTENT="ita"/>
                  <SP HEIGHT="44" WIDTH="14" VPOS="1309" HPOS="1704"/>
                  <String HEIGHT="44" WIDTH="87" VPOS="1309" HPOS="1660" CONTENT="vt"/>
                  <SP HEIGHT="44" WIDTH="14" VPOS="1309" HPOS="1747"/>
                  <String HEIGHT="44"
                          WIDTH="145"
                          VPOS="1309"
                          HPOS="1704"
                          CONTENT="nullas"/>
                  <SP HEIGHT="44" WIDTH="14" VPOS="1309" HPOS="1848"/>
                  <String HEIGHT="44"
                          WIDTH="145"
                          VPOS="1309"
                          HPOS="1805"
                          CONTENT="habeat"/>
                  <SP HEIGHT="44" WIDTH="14" VPOS="1309" HPOS="1949"/>
                  <String HEIGHT="44"
                          WIDTH="130"
                          VPOS="1309"
                          HPOS="1906"
                          CONTENT="circa"/>
                  <SP HEIGHT="44" WIDTH="14" VPOS="1309" HPOS="2036"/>
                  <String HEIGHT="44"
                          WIDTH="87"
                          VPOS="1309"
                          HPOS="1978"
                          CONTENT="alia"/>
               </TextLine>
               <TextLine ID="r1l49"
                         BASELINE="1390"
                         HEIGHT="43"
                         WIDTH="773"
                         VPOS="1347"
                         HPOS="1302">
                  <String HEIGHT="43"
                          WIDTH="189"
                          VPOS="1347"
                          HPOS="1286"
                          CONTENT="obiecta."/>
                  <SP HEIGHT="43" WIDTH="16" VPOS="1347" HPOS="1476"/>
                  <String HEIGHT="43"
                          WIDTH="189"
                          VPOS="1347"
                          HPOS="1428"
                          CONTENT="alioquin"/>
                  <SP HEIGHT="43" WIDTH="16" VPOS="1347" HPOS="1618"/>
                  <String HEIGHT="43"
                          WIDTH="158"
                          VPOS="1347"
                          HPOS="1570"
                          CONTENT="actiua"/>
                  <SP HEIGHT="43" WIDTH="16" VPOS="1347" HPOS="1728"/>
                  <String HEIGHT="43"
                          WIDTH="205"
                          VPOS="1347"
                          HPOS="1681"
                          CONTENT="capacitas"/>
                  <SP HEIGHT="43" WIDTH="16" VPOS="1347" HPOS="1886"/>
                  <String HEIGHT="43"
                          WIDTH="158"
                          VPOS="1347"
                          HPOS="1838"
                          CONTENT="sensus"/>
                  <SP HEIGHT="43" WIDTH="16" VPOS="1347" HPOS="1996"/>
                  <String HEIGHT="43"
                          WIDTH="110"
                          VPOS="1347"
                          HPOS="1949"
                          CONTENT="vel"/>
                  <SP HEIGHT="43" WIDTH="16" VPOS="1347" HPOS="2059"/>
                  <String HEIGHT="43"
                          WIDTH="79"
                          VPOS="1347"
                          HPOS="1996"
                          CONTENT="in"
                          SUBS_TYPE="HypPart1"
                          SUBS_CONTENT="intellectus"/>
                  <HYP CONTENT="-"/>
               </TextLine>
               <TextLine ID="r1l51"
                         BASELINE="1441"
                         HEIGHT="52"
                         WIDTH="773"
                         VPOS="1389"
                         HPOS="1305">
                  <String HEIGHT="52"
                          WIDTH="183"
                          VPOS="1389"
                          HPOS="1291"
                          CONTENT="tellectus"
                          SUBS_TYPE="HypPart2"
                          SUBS_CONTENT="intellectus"/>
                  <SP HEIGHT="52" WIDTH="14" VPOS="1389" HPOS="1474"/>
                  <String HEIGHT="52"
                          WIDTH="98"
                          VPOS="1389"
                          HPOS="1431"
                          CONTENT="non"/>
                  <SP HEIGHT="52" WIDTH="14" VPOS="1389" HPOS="1530"/>
                  <String HEIGHT="52"
                          WIDTH="155"
                          VPOS="1389"
                          HPOS="1488"
                          CONTENT="haberet"/>
                  <SP HEIGHT="52" WIDTH="14" VPOS="1389" HPOS="1642"/>
                  <String HEIGHT="52"
                          WIDTH="155"
                          VPOS="1389"
                          HPOS="1600"
                          CONTENT="statum:"/>
                  <SP HEIGHT="52" WIDTH="14" VPOS="1389" HPOS="1755"/>
                  <String HEIGHT="52"
                          WIDTH="112"
                          VPOS="1389"
                          HPOS="1713"
                          CONTENT="quod"/>
                  <SP HEIGHT="52" WIDTH="14" VPOS="1389" HPOS="1825"/>
                  <String HEIGHT="52"
                          WIDTH="98"
                          VPOS="1389"
                          HPOS="1783"
                          CONTENT="est"/>
                  <SP HEIGHT="52" WIDTH="14" VPOS="1389" HPOS="1881"/>
                  <String HEIGHT="52"
                          WIDTH="155"
                          VPOS="1389"
                          HPOS="1839"
                          CONTENT="falsum."/>
                  <SP HEIGHT="52" WIDTH="14" VPOS="1389" HPOS="1994"/>
                  <String HEIGHT="52"
                          WIDTH="141"
                          VPOS="1389"
                          HPOS="1937"
                          CONTENT="Voluntas"/>
               </TextLine>
               <TextLine ID="r1l53"
                         BASELINE="1486"
                         HEIGHT="47"
                         WIDTH="763"
                         VPOS="1439"
                         HPOS="1300">
                  <String HEIGHT="47"
                          WIDTH="107"
                          VPOS="1439"
                          HPOS="1287"
                          CONTENT="enim"/>
                  <SP HEIGHT="47" WIDTH="13" VPOS="1439" HPOS="1394"/>
                  <String HEIGHT="47"
                          WIDTH="94"
                          VPOS="1439"
                          HPOS="1354"
                          CONTENT="cum"/>
                  <SP HEIGHT="47" WIDTH="13" VPOS="1439" HPOS="1447"/>
                  <String HEIGHT="47"
                          WIDTH="94"
                          VPOS="1439"
                          HPOS="1407"
                          CONTENT="sit"/>
                  <SP HEIGHT="47" WIDTH="13" VPOS="1439" HPOS="1501"/>
                  <String HEIGHT="47"
                          WIDTH="147"
                          VPOS="1439"
                          HPOS="1461"
                          CONTENT="libera,"/>
                  <SP HEIGHT="47" WIDTH="13" VPOS="1439" HPOS="1608"/>
                  <String HEIGHT="47"
                          WIDTH="94"
                          VPOS="1439"
                          HPOS="1568"
                          CONTENT="non"/>
                  <SP HEIGHT="47" WIDTH="13" VPOS="1439" HPOS="1661"/>
                  <String HEIGHT="47"
                          WIDTH="134"
                          VPOS="1439"
                          HPOS="1621"
                          CONTENT="potest"/>
                  <SP HEIGHT="47" WIDTH="13" VPOS="1439" HPOS="1755"/>
                  <String HEIGHT="47"
                          WIDTH="134"
                          VPOS="1439"
                          HPOS="1715"
                          CONTENT="moueri"/>
                  <SP HEIGHT="47" WIDTH="13" VPOS="1439" HPOS="1849"/>
                  <String HEIGHT="47"
                          WIDTH="107"
                          VPOS="1439"
                          HPOS="1809"
                          CONTENT="nisi"/>
                  <SP HEIGHT="47" WIDTH="13" VPOS="1439" HPOS="1916"/>
                  <String HEIGHT="47"
                          WIDTH="201"
                          VPOS="1439"
                          HPOS="1876"
                          CONTENT="consentiat,"/>
                  <SP HEIGHT="47" WIDTH="13" VPOS="1439" HPOS="2076"/>
                  <String HEIGHT="47" WIDTH="40" VPOS="1439" HPOS="2023" CONTENT="a"/>
               </TextLine>
               <TextLine ID="r1l55"
                         BASELINE="1531"
                         HEIGHT="51"
                         WIDTH="773"
                         VPOS="1480"
                         HPOS="1302">
                  <String HEIGHT="51"
                          WIDTH="170"
                          VPOS="1480"
                          HPOS="1287"
                          CONTENT="daemone"/>
                  <SP HEIGHT="51" WIDTH="15" VPOS="1480" HPOS="1457"/>
                  <String HEIGHT="51"
                          WIDTH="139"
                          VPOS="1480"
                          HPOS="1410"
                          CONTENT="vllo,"/>
                  <SP HEIGHT="51" WIDTH="15" VPOS="1480" HPOS="1549"/>
                  <String HEIGHT="51"
                          WIDTH="108"
                          VPOS="1480"
                          HPOS="1503"
                          CONTENT="nec"/>
                  <SP HEIGHT="51" WIDTH="15" VPOS="1480" HPOS="1611"/>
                  <String HEIGHT="51" WIDTH="93" VPOS="1480" HPOS="1565" CONTENT="se"/>
                  <SP HEIGHT="51" WIDTH="15" VPOS="1480" HPOS="1658"/>
                  <String HEIGHT="51"
                          WIDTH="124"
                          VPOS="1480"
                          HPOS="1611"
                          CONTENT="solo"/>
                  <SP HEIGHT="51" WIDTH="15" VPOS="1480" HPOS="1735"/>
                  <String HEIGHT="51"
                          WIDTH="155"
                          VPOS="1480"
                          HPOS="1689"
                          CONTENT="potest"/>
                  <SP HEIGHT="51" WIDTH="15" VPOS="1480" HPOS="1843"/>
                  <String HEIGHT="51"
                          WIDTH="155"
                          VPOS="1480"
                          HPOS="1797"
                          CONTENT="daemon"/>
                  <SP HEIGHT="51" WIDTH="15" VPOS="1480" HPOS="1951"/>
                  <String HEIGHT="51" WIDTH="93" VPOS="1480" HPOS="1905" CONTENT="in"/>
                  <SP HEIGHT="51" WIDTH="15" VPOS="1480" HPOS="1998"/>
                  <String HEIGHT="51"
                          WIDTH="139"
                          VPOS="1480"
                          HPOS="1936"
                          CONTENT="volunta"/>
               </TextLine>
               <TextLine ID="r1l57"
                         BASELINE="1580"
                         HEIGHT="51"
                         WIDTH="769"
                         VPOS="1529"
                         HPOS="1297">
                  <String HEIGHT="51"
                          WIDTH="106"
                          VPOS="1529"
                          HPOS="1282"
                          CONTENT="tem"/>
                  <SP HEIGHT="51" WIDTH="15" VPOS="1529" HPOS="1387"/>
                  <String HEIGHT="51"
                          WIDTH="136"
                          VPOS="1529"
                          HPOS="1342"
                          CONTENT="actum"/>
                  <SP HEIGHT="51" WIDTH="15" VPOS="1529" HPOS="1478"/>
                  <String HEIGHT="51"
                          WIDTH="211"
                          VPOS="1529"
                          HPOS="1433"
                          CONTENT="producere."/>
                  <SP HEIGHT="51" WIDTH="15" VPOS="1529" HPOS="1644"/>
                  <String HEIGHT="51" WIDTH="75" VPOS="1529" HPOS="1599" CONTENT="â‹"/>
                  <SP HEIGHT="51" WIDTH="15" VPOS="1529" HPOS="1674"/>
                  <String HEIGHT="51"
                          WIDTH="136"
                          VPOS="1529"
                          HPOS="1629"
                          CONTENT="Quare"/>
                  <SP HEIGHT="51" WIDTH="15" VPOS="1529" HPOS="1764"/>
                  <String HEIGHT="51"
                          WIDTH="211"
                          VPOS="1529"
                          HPOS="1719"
                          CONTENT="corollarie"/>
                  <SP HEIGHT="51" WIDTH="15" VPOS="1529" HPOS="1930"/>
                  <String HEIGHT="51"
                          WIDTH="151"
                          VPOS="1529"
                          HPOS="1885"
                          CONTENT="infero"/>
                  <SP HEIGHT="51" WIDTH="15" VPOS="1529" HPOS="2036"/>
                  <String HEIGHT="51"
                          WIDTH="90"
                          VPOS="1529"
                          HPOS="1976"
                          CONTENT="quod"/>
               </TextLine>
               <TextLine ID="r1l59"
                         BASELINE="1615"
                         HEIGHT="47"
                         WIDTH="780"
                         VPOS="1568"
                         HPOS="1303">
                  <String HEIGHT="47"
                          WIDTH="187"
                          VPOS="1568"
                          HPOS="1287"
                          CONTENT="diabolus"/>
                  <SP HEIGHT="47" WIDTH="16" VPOS="1568" HPOS="1475"/>
                  <String HEIGHT="47"
                          WIDTH="156"
                          VPOS="1568"
                          HPOS="1428"
                          CONTENT="nullum"/>
                  <SP HEIGHT="47" WIDTH="16" VPOS="1568" HPOS="1584"/>
                  <String HEIGHT="47"
                          WIDTH="156"
                          VPOS="1568"
                          HPOS="1537"
                          CONTENT="vincit"/>
                  <SP HEIGHT="47" WIDTH="16" VPOS="1568" HPOS="1693"/>
                  <String HEIGHT="47"
                          WIDTH="187"
                          VPOS="1568"
                          HPOS="1646"
                          CONTENT="peccando"/>
                  <SP HEIGHT="47" WIDTH="16" VPOS="1568" HPOS="1833"/>
                  <String HEIGHT="47"
                          WIDTH="125"
                          VPOS="1568"
                          HPOS="1787"
                          CONTENT="nisi"/>
                  <SP HEIGHT="47" WIDTH="16" VPOS="1568" HPOS="1911"/>
                  <String HEIGHT="47"
                          WIDTH="203"
                          VPOS="1568"
                          HPOS="1865"
                          CONTENT="volentem."/>
                  <SP HEIGHT="47" WIDTH="16" VPOS="1568" HPOS="2067"/>
                  <String HEIGHT="47"
                          WIDTH="78"
                          VPOS="1568"
                          HPOS="2005"
                          CONTENT="Si"
                          SUBS_TYPE="HypPart1"
                          SUBS_CONTENT="Signanter"/>
                  <HYP CONTENT="-"/>
               </TextLine>
               <TextLine ID="r1l61"
                         BASELINE="1665"
                         HEIGHT="55"
                         WIDTH="782"
                         VPOS="1610"
                         HPOS="1296">
                  <String HEIGHT="55"
                          WIDTH="159"
                          VPOS="1610"
                          HPOS="1282"
                          CONTENT="gnanter"
                          SUBS_TYPE="HypPart2"
                          SUBS_CONTENT="Signanter"/>
                  <SP HEIGHT="55" WIDTH="14" VPOS="1610" HPOS="1441"/>
                  <String HEIGHT="55"
                          WIDTH="203"
                          VPOS="1610"
                          HPOS="1397"
                          CONTENT="(peccando)"/>
                  <SP HEIGHT="55" WIDTH="14" VPOS="1610" HPOS="1600"/>
                  <String HEIGHT="55"
                          WIDTH="116"
                          VPOS="1610"
                          HPOS="1557"
                          CONTENT="quia"/>
                  <SP HEIGHT="55" WIDTH="14" VPOS="1610" HPOS="1673"/>
                  <String HEIGHT="55"
                          WIDTH="101"
                          VPOS="1610"
                          HPOS="1629"
                          CONTENT="deo"/>
                  <SP HEIGHT="55" WIDTH="14" VPOS="1610" HPOS="1730"/>
                  <String HEIGHT="55"
                          WIDTH="217"
                          VPOS="1610"
                          HPOS="1687"
                          CONTENT="permittente"/>
                  <SP HEIGHT="55" WIDTH="14" VPOS="1610" HPOS="1904"/>
                  <String HEIGHT="55"
                          WIDTH="145"
                          VPOS="1610"
                          HPOS="1861"
                          CONTENT="potest"/>
                  <SP HEIGHT="55" WIDTH="14" VPOS="1610" HPOS="2006"/>
                  <String HEIGHT="55"
                          WIDTH="130"
                          VPOS="1610"
                          HPOS="1948"
                          CONTENT="hominem"/>
               </TextLine>
               <TextLine ID="r1l63"
                         BASELINE="1714"
                         HEIGHT="56"
                         WIDTH="778"
                         VPOS="1658"
                         HPOS="1297">
                  <String HEIGHT="56" WIDTH="71" VPOS="1658" HPOS="1283" CONTENT="&amp;"/>
                  <SP HEIGHT="56" WIDTH="14" VPOS="1658" HPOS="1354"/>
                  <String HEIGHT="56"
                          WIDTH="156"
                          VPOS="1658"
                          HPOS="1311"
                          CONTENT="laedere"/>
                  <SP HEIGHT="56" WIDTH="14" VPOS="1658" HPOS="1467"/>
                  <String HEIGHT="56" WIDTH="71" VPOS="1658" HPOS="1424" CONTENT="&amp;"/>
                  <SP HEIGHT="56" WIDTH="14" VPOS="1658" HPOS="1495"/>
                  <String HEIGHT="56"
                          WIDTH="170"
                          VPOS="1658"
                          HPOS="1453"
                          CONTENT="occidere"/>
                  <SP HEIGHT="56" WIDTH="14" VPOS="1658" HPOS="1622"/>
                  <String HEIGHT="56"
                          WIDTH="113"
                          VPOS="1658"
                          HPOS="1580"
                          CONTENT="sine"/>
                  <SP HEIGHT="56" WIDTH="14" VPOS="1658" HPOS="1693"/>
                  <String HEIGHT="56"
                          WIDTH="156"
                          VPOS="1658"
                          HPOS="1651"
                          CONTENT="hominis"/>
                  <SP HEIGHT="56" WIDTH="14" VPOS="1658" HPOS="1806"/>
                  <String HEIGHT="56"
                          WIDTH="170"
                          VPOS="1658"
                          HPOS="1764"
                          CONTENT="peccato."/>
                  <SP HEIGHT="56" WIDTH="14" VPOS="1658" HPOS="1934"/>
                  <String HEIGHT="56"
                          WIDTH="170"
                          VPOS="1658"
                          HPOS="1891"
                          CONTENT="Interdum"/>
                  <SP HEIGHT="56" WIDTH="14" VPOS="1658" HPOS="2061"/>
                  <String HEIGHT="56"
                          WIDTH="71"
                          VPOS="1658"
                          HPOS="2004"
                          CONTENT="nam"/>
               </TextLine>
               <TextLine ID="r1l65"
                         BASELINE="1757"
                         HEIGHT="54"
                         WIDTH="772"
                         VPOS="1703"
                         HPOS="1306">
                  <String HEIGHT="54"
                          WIDTH="124"
                          VPOS="1703"
                          HPOS="1291"
                          CONTENT="quod"/>
                  <SP HEIGHT="54" WIDTH="15" VPOS="1703" HPOS="1414"/>
                  <String HEIGHT="54"
                          WIDTH="185"
                          VPOS="1703"
                          HPOS="1368"
                          CONTENT="obfessio"/>
                  <SP HEIGHT="54" WIDTH="15" VPOS="1703" HPOS="1553"/>
                  <String HEIGHT="54"
                          WIDTH="185"
                          VPOS="1703"
                          HPOS="1507"
                          CONTENT="daemonis"/>
                  <SP HEIGHT="54" WIDTH="15" VPOS="1703" HPOS="1692"/>
                  <String HEIGHT="54"
                          WIDTH="108"
                          VPOS="1703"
                          HPOS="1646"
                          CONTENT="est"/>
                  <SP HEIGHT="54" WIDTH="15" VPOS="1703" HPOS="1754"/>
                  <String HEIGHT="54"
                          WIDTH="139"
                          VPOS="1703"
                          HPOS="1707"
                          CONTENT="poena"/>
                  <SP HEIGHT="54" WIDTH="15" VPOS="1703" HPOS="1846"/>
                  <String HEIGHT="54"
                          WIDTH="170"
                          VPOS="1703"
                          HPOS="1800"
                          CONTENT="peccati"/>
                  <SP HEIGHT="54" WIDTH="15" VPOS="1703" HPOS="1970"/>
                  <String HEIGHT="54"
                          WIDTH="170"
                          VPOS="1703"
                          HPOS="1908"
                          CONTENT="inexisten"/>
               </TextLine>
               <TextLine ID="r1l67"
                         BASELINE="1799"
                         HEIGHT="54"
                         WIDTH="770"
                         VPOS="1745"
                         HPOS="1302">
                  <String HEIGHT="54"
                          WIDTH="110"
                          VPOS="1745"
                          HPOS="1288"
                          CONTENT="tis,"/>
                  <SP HEIGHT="54" WIDTH="14" VPOS="1745" HPOS="1398"/>
                  <String HEIGHT="54"
                          WIDTH="124"
                          VPOS="1745"
                          HPOS="1357"
                          CONTENT="forte"/>
                  <SP HEIGHT="54" WIDTH="14" VPOS="1745" HPOS="1481"/>
                  <String HEIGHT="54"
                          WIDTH="248"
                          VPOS="1745"
                          HPOS="1440"
                          CONTENT="infidelitatis:"/>
                  <SP HEIGHT="54" WIDTH="14" VPOS="1745" HPOS="1687"/>
                  <String HEIGHT="54" WIDTH="69" VPOS="1745" HPOS="1646" CONTENT="&amp;"/>
                  <SP HEIGHT="54" WIDTH="14" VPOS="1745" HPOS="1715"/>
                  <String HEIGHT="54"
                          WIDTH="110"
                          VPOS="1745"
                          HPOS="1673"
                          CONTENT="deus"/>
                  <SP HEIGHT="54" WIDTH="14" VPOS="1745" HPOS="1783"/>
                  <String HEIGHT="54"
                          WIDTH="124"
                          VPOS="1745"
                          HPOS="1742"
                          CONTENT="illam"/>
                  <SP HEIGHT="54" WIDTH="14" VPOS="1745" HPOS="1866"/>
                  <String HEIGHT="54"
                          WIDTH="138"
                          VPOS="1745"
                          HPOS="1825"
                          CONTENT="poenam"/>
                  <SP HEIGHT="54" WIDTH="14" VPOS="1745" HPOS="1962"/>
                  <String HEIGHT="54"
                          WIDTH="165"
                          VPOS="1745"
                          HPOS="1907"
                          CONTENT="permittit,"/>
               </TextLine>
               <TextLine ID="r1l69"
                         BASELINE="1837"
                         HEIGHT="47"
                         WIDTH="779"
                         VPOS="1790"
                         HPOS="1305">
                  <String HEIGHT="47"
                          WIDTH="183"
                          VPOS="1790"
                          HPOS="1290"
                          CONTENT="secundum"/>
                  <SP HEIGHT="47" WIDTH="15" VPOS="1790" HPOS="1473"/>
                  <String HEIGHT="47"
                          WIDTH="137"
                          VPOS="1790"
                          HPOS="1427"
                          CONTENT="illud"/>
                  <SP HEIGHT="47" WIDTH="15" VPOS="1790" HPOS="1565"/>
                  <String HEIGHT="47"
                          WIDTH="244"
                          VPOS="1790"
                          HPOS="1519"
                          CONTENT="Psalmographi"/>
                  <SP HEIGHT="47" WIDTH="15" VPOS="1790" HPOS="1763"/>
                  <String HEIGHT="47"
                          WIDTH="137"
                          VPOS="1790"
                          HPOS="1717"
                          CONTENT="Psal."/>
                  <SP HEIGHT="47" WIDTH="15" VPOS="1790" HPOS="1855"/>
                  <String HEIGHT="47"
                          WIDTH="107"
                          VPOS="1790"
                          HPOS="1809"
                          CONTENT="xc."/>
                  <SP HEIGHT="47" WIDTH="15" VPOS="1790" HPOS="1916"/>
                  <String HEIGHT="47"
                          WIDTH="168"
                          VPOS="1790"
                          HPOS="1870"
                          CONTENT="Quoniam"/>
                  <SP HEIGHT="47" WIDTH="15" VPOS="1790" HPOS="2038"/>
                  <String HEIGHT="47" WIDTH="92" VPOS="1790" HPOS="1992" CONTENT="in"/>
                  <SP HEIGHT="47" WIDTH="15" VPOS="1790" HPOS="2084"/>
                  <String HEIGHT="47" WIDTH="61" VPOS="1790" HPOS="2023" CONTENT="me"/>
               </TextLine>
               <TextLine ID="r1l71"
                         BASELINE="1886"
                         HEIGHT="47"
                         WIDTH="775"
                         VPOS="1839"
                         HPOS="1299">
                  <String HEIGHT="47"
                          WIDTH="183"
                          VPOS="1839"
                          HPOS="1285"
                          CONTENT="sperauit,"/>
                  <SP HEIGHT="47" WIDTH="14" VPOS="1839" HPOS="1468"/>
                  <String HEIGHT="47"
                          WIDTH="169"
                          VPOS="1839"
                          HPOS="1426"
                          CONTENT="liberabo"/>
                  <SP HEIGHT="47" WIDTH="14" VPOS="1839" HPOS="1595"/>
                  <String HEIGHT="47"
                          WIDTH="113"
                          VPOS="1839"
                          HPOS="1553"
                          CONTENT="eum."/>
                  <SP HEIGHT="47" WIDTH="14" VPOS="1839" HPOS="1665"/>
                  <String HEIGHT="47"
                          WIDTH="113"
                          VPOS="1839"
                          HPOS="1623"
                          CONTENT="ergo"/>
                  <SP HEIGHT="47" WIDTH="14" VPOS="1839" HPOS="1736"/>
                  <String HEIGHT="47"
                          WIDTH="99"
                          VPOS="1839"
                          HPOS="1694"
                          CONTENT="per"/>
                  <SP HEIGHT="47" WIDTH="14" VPOS="1839" HPOS="1792"/>
                  <String HEIGHT="47"
                          WIDTH="127"
                          VPOS="1839"
                          HPOS="1750"
                          CONTENT="locum"/>
                  <SP HEIGHT="47" WIDTH="14" VPOS="1839" HPOS="1877"/>
                  <String HEIGHT="47" WIDTH="70" VPOS="1839" HPOS="1834" CONTENT="a"/>
                  <SP HEIGHT="47" WIDTH="14" VPOS="1839" HPOS="1905"/>
                  <String HEIGHT="47"
                          WIDTH="183"
                          VPOS="1839"
                          HPOS="1863"
                          CONTENT="contrario"/>
                  <SP HEIGHT="47" WIDTH="14" VPOS="1839" HPOS="2046"/>
                  <String HEIGHT="47"
                          WIDTH="85"
                          VPOS="1839"
                          HPOS="1989"
                          CONTENT="sen"
                          SUBS_TYPE="HypPart1"
                          SUBS_CONTENT="sensu,"/>
                  <HYP CONTENT="-"/>
               </TextLine>
               <TextLine ID="r1l73"
                         BASELINE="1931"
                         HEIGHT="51"
                         WIDTH="761"
                         VPOS="1880"
                         HPOS="1308">
                  <String HEIGHT="51"
                          WIDTH="97"
                          VPOS="1880"
                          HPOS="1294"
                          CONTENT="su,"
                          SUBS_TYPE="HypPart2"
                          SUBS_CONTENT="sensu,"/>
                  <SP HEIGHT="51" WIDTH="14" VPOS="1880" HPOS="1391"/>
                  <String HEIGHT="51"
                          WIDTH="111"
                          VPOS="1880"
                          HPOS="1350"
                          CONTENT="quia"/>
                  <SP HEIGHT="51" WIDTH="14" VPOS="1880" HPOS="1460"/>
                  <String HEIGHT="51"
                          WIDTH="97"
                          VPOS="1880"
                          HPOS="1419"
                          CONTENT="non"/>
                  <SP HEIGHT="51" WIDTH="14" VPOS="1880" HPOS="1516"/>
                  <String HEIGHT="51"
                          WIDTH="166"
                          VPOS="1880"
                          HPOS="1474"
                          CONTENT="sperauit"/>
                  <SP HEIGHT="51" WIDTH="14" VPOS="1880" HPOS="1640"/>
                  <String HEIGHT="51" WIDTH="83" VPOS="1880" HPOS="1599" CONTENT="in"/>
                  <SP HEIGHT="51" WIDTH="14" VPOS="1880" HPOS="1682"/>
                  <String HEIGHT="51"
                          WIDTH="97"
                          VPOS="1880"
                          HPOS="1640"
                          CONTENT="me,"/>
                  <SP HEIGHT="51" WIDTH="14" VPOS="1880" HPOS="1737"/>
                  <String HEIGHT="51"
                          WIDTH="97"
                          VPOS="1880"
                          HPOS="1695"
                          CONTENT="non"/>
                  <SP HEIGHT="51" WIDTH="14" VPOS="1880" HPOS="1792"/>
                  <String HEIGHT="51"
                          WIDTH="166"
                          VPOS="1880"
                          HPOS="1751"
                          CONTENT="liberabo"/>
                  <SP HEIGHT="51" WIDTH="14" VPOS="1880" HPOS="1917"/>
                  <String HEIGHT="51"
                          WIDTH="111"
                          VPOS="1880"
                          HPOS="1875"
                          CONTENT="eum."/>
                  <SP HEIGHT="51" WIDTH="14" VPOS="1880" HPOS="1986"/>
                  <String HEIGHT="51"
                          WIDTH="138"
                          VPOS="1880"
                          HPOS="1931"
                          CONTENT="Interdum"/>
               </TextLine>
               <TextLine ID="r1l75"
                         BASELINE="1967"
                         HEIGHT="43"
                         WIDTH="774"
                         VPOS="1924"
                         HPOS="1307">
                  <String HEIGHT="43"
                          WIDTH="87"
                          VPOS="1924"
                          HPOS="1295"
                          CONTENT="est"/>
                  <SP HEIGHT="43" WIDTH="12" VPOS="1924" HPOS="1382"/>
                  <String HEIGHT="43"
                          WIDTH="112"
                          VPOS="1924"
                          HPOS="1344"
                          CONTENT="poena"/>
                  <SP HEIGHT="43" WIDTH="12" VPOS="1924" HPOS="1457"/>
                  <String HEIGHT="43"
                          WIDTH="125"
                          VPOS="1924"
                          HPOS="1419"
                          CONTENT="peccat"/>
                  <SP HEIGHT="43" WIDTH="12" VPOS="1924" HPOS="1544"/>
                  <String HEIGHT="43" WIDTH="62" VPOS="1924" HPOS="1507" CONTENT="i"/>
                  <SP HEIGHT="43" WIDTH="12" VPOS="1924" HPOS="1569"/>
                  <String HEIGHT="43"
                          WIDTH="212"
                          VPOS="1924"
                          HPOS="1532"
                          CONTENT="praecedentis,"/>
                  <SP HEIGHT="43" WIDTH="12" VPOS="1924" HPOS="1744"/>
                  <String HEIGHT="43"
                          WIDTH="125"
                          VPOS="1924"
                          HPOS="1706"
                          CONTENT="nonnum"/>
                  <SP HEIGHT="43" WIDTH="12" VPOS="1924" HPOS="1831"/>
                  <String HEIGHT="43"
                          WIDTH="100"
                          VPOS="1924"
                          HPOS="1794"
                          CONTENT="quam"/>
                  <SP HEIGHT="43" WIDTH="12" VPOS="1924" HPOS="1894"/>
                  <String HEIGHT="43" WIDTH="75" VPOS="1924" HPOS="1856" CONTENT="ad"/>
                  <SP HEIGHT="43" WIDTH="12" VPOS="1924" HPOS="1931"/>
                  <String HEIGHT="43"
                          WIDTH="175"
                          VPOS="1924"
                          HPOS="1894"
                          CONTENT="patientiam"/>
                  <SP HEIGHT="43" WIDTH="12" VPOS="1924" HPOS="2069"/>
                  <String HEIGHT="43" WIDTH="75" VPOS="1924" HPOS="2031" CONTENT="in"/>
                  <SP HEIGHT="43" WIDTH="12" VPOS="1924" HPOS="2106"/>
                  <String HEIGHT="43" WIDTH="25" VPOS="1924" HPOS="2056" CONTENT=""/>
               </TextLine>
               <TextLine ID="r1l77"
                         BASELINE="2020"
                         HEIGHT="54"
                         WIDTH="782"
                         VPOS="1966"
                         HPOS="1302">
                  <String HEIGHT="54"
                          WIDTH="153"
                          VPOS="1966"
                          HPOS="1287"
                          CONTENT="homine"/>
                  <SP HEIGHT="54" WIDTH="15" VPOS="1966" HPOS="1440"/>
                  <String HEIGHT="54"
                          WIDTH="230"
                          VPOS="1966"
                          HPOS="1394"
                          CONTENT="experienda."/>
                  <SP HEIGHT="54" WIDTH="15" VPOS="1966" HPOS="1624"/>
                  <String HEIGHT="54" WIDTH="92" VPOS="1966" HPOS="1578" CONTENT="vt"/>
                  <SP HEIGHT="54" WIDTH="15" VPOS="1966" HPOS="1670"/>
                  <String HEIGHT="54" WIDTH="92" VPOS="1966" HPOS="1624" CONTENT="in"/>
                  <SP HEIGHT="54" WIDTH="15" VPOS="1966" HPOS="1716"/>
                  <String HEIGHT="54"
                          WIDTH="123"
                          VPOS="1966"
                          HPOS="1670"
                          CONTENT="Iob."/>
                  <SP HEIGHT="54" WIDTH="15" VPOS="1966" HPOS="1793"/>
                  <String HEIGHT="54"
                          WIDTH="153"
                          VPOS="1966"
                          HPOS="1747"
                          CONTENT="Aliqui"/>
                  <SP HEIGHT="54" WIDTH="15" VPOS="1966" HPOS="1900"/>
                  <String HEIGHT="54"
                          WIDTH="138"
                          VPOS="1966"
                          HPOS="1854"
                          CONTENT="autem"/>
                  <SP HEIGHT="54" WIDTH="15" VPOS="1966" HPOS="1992"/>
                  <String HEIGHT="54"
                          WIDTH="153"
                          VPOS="1966"
                          HPOS="1931"
                          CONTENT="dubitant"/>
               </TextLine>
               <TextLine ID="r1l79"
                         BASELINE="2064"
                         HEIGHT="55"
                         WIDTH="776"
                         VPOS="2009"
                         HPOS="1311">
                  <String HEIGHT="55" WIDTH="99" VPOS="2009" HPOS="1294" CONTENT="an"/>
                  <SP HEIGHT="55" WIDTH="17" VPOS="2009" HPOS="1394"/>
                  <String HEIGHT="55"
                          WIDTH="198"
                          VPOS="2009"
                          HPOS="1344"
                          CONTENT="daemones"/>
                  <SP HEIGHT="55" WIDTH="17" VPOS="2009" HPOS="1542"/>
                  <String HEIGHT="55"
                          WIDTH="149"
                          VPOS="2009"
                          HPOS="1493"
                          CONTENT="sint:"/>
                  <SP HEIGHT="55" WIDTH="17" VPOS="2009" HPOS="1641"/>
                  <String HEIGHT="55" WIDTH="99" VPOS="2009" HPOS="1592" CONTENT="vt"/>
                  <SP HEIGHT="55" WIDTH="17" VPOS="2009" HPOS="1691"/>
                  <String HEIGHT="55"
                          WIDTH="198"
                          VPOS="2009"
                          HPOS="1641"
                          CONTENT="Saducaei"/>
                  <SP HEIGHT="55" WIDTH="17" VPOS="2009" HPOS="1839"/>
                  <String HEIGHT="55" WIDTH="99" VPOS="2009" HPOS="1790" CONTENT="in"/>
                  <SP HEIGHT="55" WIDTH="17" VPOS="2009" HPOS="1889"/>
                  <String HEIGHT="55"
                          WIDTH="149"
                          VPOS="2009"
                          HPOS="1839"
                          CONTENT="lege."/>
                  <SP HEIGHT="55" WIDTH="17" VPOS="2009" HPOS="1988"/>
                  <String HEIGHT="55"
                          WIDTH="116"
                          VPOS="2009"
                          HPOS="1938"
                          CONTENT="sed"/>
                  <SP HEIGHT="55" WIDTH="17" VPOS="2009" HPOS="2054"/>
                  <String HEIGHT="55"
                          WIDTH="99"
                          VPOS="2009"
                          HPOS="1988"
                          CONTENT="pro"
                          SUBS_TYPE="HypPart1"
                          SUBS_CONTENT="propter"/>
                  <HYP CONTENT="-"/>
               </TextLine>
               <TextLine ID="r1l81"
                         BASELINE="2112"
                         HEIGHT="54"
                         WIDTH="772"
                         VPOS="2058"
                         HPOS="1299">
                  <String HEIGHT="54"
                          WIDTH="121"
                          VPOS="2058"
                          HPOS="1284"
                          CONTENT="pter"
                          SUBS_TYPE="HypPart2"
                          SUBS_CONTENT="propter"/>
                  <SP HEIGHT="54" WIDTH="15" VPOS="2058" HPOS="1405"/>
                  <String HEIGHT="54"
                          WIDTH="212"
                          VPOS="2058"
                          HPOS="1360"
                          CONTENT="incredulos"/>
                  <SP HEIGHT="54" WIDTH="15" VPOS="2058" HPOS="1571"/>
                  <String HEIGHT="54"
                          WIDTH="121"
                          VPOS="2058"
                          HPOS="1526"
                          CONTENT="deus"/>
                  <SP HEIGHT="54" WIDTH="15" VPOS="2058" HPOS="1647"/>
                  <String HEIGHT="54"
                          WIDTH="197"
                          VPOS="2058"
                          HPOS="1602"
                          CONTENT="permittit"/>
                  <SP HEIGHT="54" WIDTH="15" VPOS="2058" HPOS="1799"/>
                  <String HEIGHT="54"
                          WIDTH="106"
                          VPOS="2058"
                          HPOS="1753"
                          CONTENT="eos"/>
                  <SP HEIGHT="54" WIDTH="15" VPOS="2058" HPOS="1859"/>
                  <String HEIGHT="54"
                          WIDTH="197"
                          VPOS="2058"
                          HPOS="1814"
                          CONTENT="cognosci."/>
                  <SP HEIGHT="54" WIDTH="15" VPOS="2058" HPOS="2010"/>
                  <String HEIGHT="54"
                          WIDTH="121"
                          VPOS="2058"
                          HPOS="1950"
                          CONTENT="Semper"/>
               </TextLine>
               <TextLine ID="r1l83"
                         BASELINE="2151"
                         HEIGHT="48"
                         WIDTH="788"
                         VPOS="2103"
                         HPOS="1301">
                  <String HEIGHT="48"
                          WIDTH="149"
                          VPOS="2103"
                          HPOS="1286"
                          CONTENT="iudica"/>
                  <SP HEIGHT="48" WIDTH="15" VPOS="2103" HPOS="1435"/>
                  <String HEIGHT="48"
                          WIDTH="119"
                          VPOS="2103"
                          HPOS="1390"
                          CONTENT="quod"/>
                  <SP HEIGHT="48" WIDTH="15" VPOS="2103" HPOS="1509"/>
                  <String HEIGHT="48"
                          WIDTH="119"
                          VPOS="2103"
                          HPOS="1465"
                          CONTENT="deus"/>
                  <SP HEIGHT="48" WIDTH="15" VPOS="2103" HPOS="1583"/>
                  <String HEIGHT="48"
                          WIDTH="193"
                          VPOS="2103"
                          HPOS="1539"
                          CONTENT="permittat"/>
                  <SP HEIGHT="48" WIDTH="15" VPOS="2103" HPOS="1732"/>
                  <String HEIGHT="48"
                          WIDTH="119"
                          VPOS="2103"
                          HPOS="1688"
                          CONTENT="haec"/>
                  <SP HEIGHT="48" WIDTH="15" VPOS="2103" HPOS="1807"/>
                  <String HEIGHT="48" WIDTH="89" VPOS="2103" HPOS="1762" CONTENT="ob"/>
                  <SP HEIGHT="48" WIDTH="15" VPOS="2103" HPOS="1851"/>
                  <String HEIGHT="48"
                          WIDTH="134"
                          VPOS="2103"
                          HPOS="1807"
                          CONTENT="bonum"/>
                  <SP HEIGHT="48" WIDTH="15" VPOS="2103" HPOS="1940"/>
                  <String HEIGHT="48"
                          WIDTH="149"
                          VPOS="2103"
                          HPOS="1896"
                          CONTENT="finem:"/>
                  <SP HEIGHT="48" WIDTH="15" VPOS="2103" HPOS="2044"/>
                  <String HEIGHT="48"
                          WIDTH="104"
                          VPOS="2103"
                          HPOS="1985"
                          CONTENT="licet"/>
               </TextLine>
               <TextLine ID="r1l85"
                         BASELINE="2199"
                         HEIGHT="50"
                         WIDTH="785"
                         VPOS="2149"
                         HPOS="1296">
                  <String HEIGHT="50"
                          WIDTH="112"
                          VPOS="2149"
                          HPOS="1280"
                          CONTENT="nos"/>
                  <SP HEIGHT="50" WIDTH="16" VPOS="2149" HPOS="1392"/>
                  <String HEIGHT="50"
                          WIDTH="176"
                          VPOS="2149"
                          HPOS="1344"
                          CONTENT="lateat."/>
                  <SP HEIGHT="50" WIDTH="16" VPOS="2149" HPOS="1520"/>
                  <String HEIGHT="50"
                          WIDTH="176"
                          VPOS="2149"
                          HPOS="1472"
                          CONTENT="ludicia"/>
                  <SP HEIGHT="50" WIDTH="16" VPOS="2149" HPOS="1648"/>
                  <String HEIGHT="50"
                          WIDTH="128"
                          VPOS="2149"
                          HPOS="1600"
                          CONTENT="enim"/>
                  <SP HEIGHT="50" WIDTH="16" VPOS="2149" HPOS="1729"/>
                  <String HEIGHT="50"
                          WIDTH="112"
                          VPOS="2149"
                          HPOS="1680"
                          CONTENT="dei"/>
                  <SP HEIGHT="50" WIDTH="16" VPOS="2149" HPOS="1793"/>
                  <String HEIGHT="50"
                          WIDTH="176"
                          VPOS="2149"
                          HPOS="1745"
                          CONTENT="abyssus"/>
                  <SP HEIGHT="50" WIDTH="16" VPOS="2149" HPOS="1921"/>
                  <String HEIGHT="50"
                          WIDTH="160"
                          VPOS="2149"
                          HPOS="1873"
                          CONTENT="multa."/>
                  <SP HEIGHT="50" WIDTH="16" VPOS="2149" HPOS="2033"/>
                  <String HEIGHT="50"
                          WIDTH="112"
                          VPOS="2149"
                          HPOS="1969"
                          CONTENT="Psal."/>
               </TextLine>
               <TextLine ID="r1l87"
                         BASELINE="2246"
                         HEIGHT="54"
                         WIDTH="781"
                         VPOS="2192"
                         HPOS="1306">
                  <String HEIGHT="54"
                          WIDTH="147"
                          VPOS="2192"
                          HPOS="1291"
                          CONTENT="xxxii."/>
                  <SP HEIGHT="54" WIDTH="15" VPOS="2192" HPOS="1439"/>
                  <String HEIGHT="54"
                          WIDTH="177"
                          VPOS="2192"
                          HPOS="1394"
                          CONTENT="Preterea"/>
                  <SP HEIGHT="54" WIDTH="15" VPOS="2192" HPOS="1571"/>
                  <String HEIGHT="54"
                          WIDTH="147"
                          VPOS="2192"
                          HPOS="1527"
                          CONTENT="infero"/>
                  <SP HEIGHT="54" WIDTH="15" VPOS="2192" HPOS="1674"/>
                  <String HEIGHT="54"
                          WIDTH="118"
                          VPOS="2192"
                          HPOS="1630"
                          CONTENT="quod"/>
                  <SP HEIGHT="54" WIDTH="15" VPOS="2192" HPOS="1748"/>
                  <String HEIGHT="54"
                          WIDTH="177"
                          VPOS="2192"
                          HPOS="1704"
                          CONTENT="interdum"/>
                  <SP HEIGHT="54" WIDTH="15" VPOS="2192" HPOS="1881"/>
                  <String HEIGHT="54"
                          WIDTH="133"
                          VPOS="2192"
                          HPOS="1836"
                          CONTENT="visus"/>
                  <SP HEIGHT="54" WIDTH="15" VPOS="2192" HPOS="1969"/>
                  <String HEIGHT="54"
                          WIDTH="103"
                          VPOS="2192"
                          HPOS="1925"
                          CONTENT="non"/>
                  <SP HEIGHT="54" WIDTH="15" VPOS="2192" HPOS="2028"/>
                  <String HEIGHT="54"
                          WIDTH="118"
                          VPOS="2192"
                          HPOS="1969"
                          CONTENT="decipi"/>
               </TextLine>
               <TextLine ID="r1l89"
                         BASELINE="2278"
                         HEIGHT="43"
                         WIDTH="777"
                         VPOS="2235"
                         HPOS="1309">
                  <String HEIGHT="43"
                          WIDTH="111"
                          VPOS="2235"
                          HPOS="1295"
                          CONTENT="tur."/>
                  <SP HEIGHT="43" WIDTH="14" VPOS="2235" HPOS="1406"/>
                  <String HEIGHT="43"
                          WIDTH="97"
                          VPOS="2235"
                          HPOS="1365"
                          CONTENT="hoc"/>
                  <SP HEIGHT="43" WIDTH="14" VPOS="2235" HPOS="1462"/>
                  <String HEIGHT="43"
                          WIDTH="111"
                          VPOS="2235"
                          HPOS="1420"
                          CONTENT="est,"/>
                  <SP HEIGHT="43" WIDTH="14" VPOS="2235" HPOS="1531"/>
                  <String HEIGHT="43"
                          WIDTH="139"
                          VPOS="2235"
                          HPOS="1489"
                          CONTENT="videns"/>
                  <SP HEIGHT="43" WIDTH="14" VPOS="2235" HPOS="1628"/>
                  <String HEIGHT="43"
                          WIDTH="125"
                          VPOS="2235"
                          HPOS="1587"
                          CONTENT="circa"/>
                  <SP HEIGHT="43" WIDTH="14" VPOS="2235" HPOS="1711"/>
                  <String HEIGHT="43"
                          WIDTH="167"
                          VPOS="2235"
                          HPOS="1670"
                          CONTENT="obiectum"/>
                  <SP HEIGHT="43" WIDTH="14" VPOS="2235" HPOS="1836"/>
                  <String HEIGHT="43"
                          WIDTH="97"
                          VPOS="2235"
                          HPOS="1795"
                          CONTENT="per"/>
                  <SP HEIGHT="43" WIDTH="14" VPOS="2235" HPOS="1892"/>
                  <String HEIGHT="43" WIDTH="83" VPOS="2235" HPOS="1850" CONTENT="se"/>
                  <SP HEIGHT="43" WIDTH="14" VPOS="2235" HPOS="1933"/>
                  <String HEIGHT="43" WIDTH="83" VPOS="2235" HPOS="1892" CONTENT="ad"/>
                  <SP HEIGHT="43" WIDTH="14" VPOS="2235" HPOS="1975"/>
                  <String HEIGHT="43"
                          WIDTH="139"
                          VPOS="2235"
                          HPOS="1933"
                          CONTENT="extra:"/>
                  <SP HEIGHT="43" WIDTH="14" VPOS="2235" HPOS="2072"/>
                  <String HEIGHT="43"
                          WIDTH="69"
                          VPOS="2235"
                          HPOS="2017"
                          CONTENT="be"
                          SUBS_TYPE="HypPart1"
                          SUBS_CONTENT="bene"/>
                  <HYP CONTENT="-"/>
               </TextLine>
               <TextLine ID="r1l91"
                         BASELINE="2325"
                         HEIGHT="45"
                         WIDTH="771"
                         VPOS="2280"
                         HPOS="1312">
                  <String HEIGHT="45"
                          WIDTH="77"
                          VPOS="2280"
                          HPOS="1299"
                          CONTENT="ne"
                          SUBS_TYPE="HypPart2"
                          SUBS_CONTENT="bene"/>
                  <SP HEIGHT="45" WIDTH="13" VPOS="2280" HPOS="1376"/>
                  <String HEIGHT="45"
                          WIDTH="116"
                          VPOS="2280"
                          HPOS="1338"
                          CONTENT="tamen"/>
                  <SP HEIGHT="45" WIDTH="13" VPOS="2280" HPOS="1453"/>
                  <String HEIGHT="45"
                          WIDTH="116"
                          VPOS="2280"
                          HPOS="1415"
                          CONTENT="circa"/>
                  <SP HEIGHT="45" WIDTH="13" VPOS="2280" HPOS="1530"/>
                  <String HEIGHT="45"
                          WIDTH="154"
                          VPOS="2280"
                          HPOS="1492"
                          CONTENT="obiectum"/>
                  <SP HEIGHT="45" WIDTH="13" VPOS="2280" HPOS="1646"/>
                  <String HEIGHT="45"
                          WIDTH="90"
                          VPOS="2280"
                          HPOS="1608"
                          CONTENT="per"/>
                  <SP HEIGHT="45" WIDTH="13" VPOS="2280" HPOS="1698"/>
                  <String HEIGHT="45"
                          WIDTH="167"
                          VPOS="2280"
                          HPOS="1659"
                          CONTENT="accidens."/>
                  <SP HEIGHT="45" WIDTH="13" VPOS="2280" HPOS="1826"/>
                  <String HEIGHT="45" WIDTH="77" VPOS="2280" HPOS="1787" CONTENT="vt"/>
                  <SP HEIGHT="45" WIDTH="13" VPOS="2280" HPOS="1865"/>
                  <String HEIGHT="45"
                          WIDTH="129"
                          VPOS="2280"
                          HPOS="1826"
                          CONTENT="quando"/>
                  <SP HEIGHT="45" WIDTH="13" VPOS="2280" HPOS="1955"/>
                  <String HEIGHT="45"
                          WIDTH="103"
                          VPOS="2280"
                          HPOS="1916"
                          CONTENT="homo"/>
                  <SP HEIGHT="45" WIDTH="13" VPOS="2280" HPOS="2019"/>
                  <String HEIGHT="45"
                          WIDTH="116"
                          VPOS="2280"
                          HPOS="1967"
                          CONTENT="propter"/>
               </TextLine>
               <TextLine ID="r1l93"
                         BASELINE="2369"
                         HEIGHT="47"
                         WIDTH="784"
                         VPOS="2322"
                         HPOS="1308">
                  <String HEIGHT="47"
                          WIDTH="160"
                          VPOS="2322"
                          HPOS="1293"
                          CONTENT="figuram"/>
                  <SP HEIGHT="47" WIDTH="15" VPOS="2322" HPOS="1453"/>
                  <String HEIGHT="47"
                          WIDTH="116"
                          VPOS="2322"
                          HPOS="1410"
                          CONTENT="equi"/>
                  <SP HEIGHT="47" WIDTH="15" VPOS="2322" HPOS="1526"/>
                  <String HEIGHT="47"
                          WIDTH="174"
                          VPOS="2322"
                          HPOS="1482"
                          CONTENT="externam"/>
                  <SP HEIGHT="47" WIDTH="15" VPOS="2322" HPOS="1656"/>
                  <String HEIGHT="47"
                          WIDTH="189"
                          VPOS="2322"
                          HPOS="1613"
                          CONTENT="iudicatur"/>
                  <SP HEIGHT="47" WIDTH="15" VPOS="2322" HPOS="1802"/>
                  <String HEIGHT="47"
                          WIDTH="145"
                          VPOS="2322"
                          HPOS="1758"
                          CONTENT="equus."/>
                  <SP HEIGHT="47" WIDTH="15" VPOS="2322" HPOS="1903"/>
                  <String HEIGHT="47"
                          WIDTH="145"
                          VPOS="2322"
                          HPOS="1860"
                          CONTENT="Vltimo"/>
                  <SP HEIGHT="47" WIDTH="15" VPOS="2322" HPOS="2005"/>
                  <String HEIGHT="47"
                          WIDTH="145"
                          VPOS="2322"
                          HPOS="1947"
                          CONTENT="infertur"/>
               </TextLine>
               <TextLine ID="r1l95"
                         BASELINE="2421"
                         HEIGHT="51"
                         WIDTH="773"
                         VPOS="2370"
                         HPOS="1311">
                  <String HEIGHT="51"
                          WIDTH="112"
                          VPOS="2370"
                          HPOS="1297"
                          CONTENT="quod"/>
                  <SP HEIGHT="51" WIDTH="14" VPOS="2370" HPOS="1409"/>
                  <String HEIGHT="51"
                          WIDTH="155"
                          VPOS="2370"
                          HPOS="1367"
                          CONTENT="aliquis"/>
                  <SP HEIGHT="51" WIDTH="14" VPOS="2370" HPOS="1522"/>
                  <String HEIGHT="51"
                          WIDTH="155"
                          VPOS="2370"
                          HPOS="1480"
                          CONTENT="delusus"/>
                  <SP HEIGHT="51" WIDTH="14" VPOS="2370" HPOS="1634"/>
                  <String HEIGHT="51"
                          WIDTH="126"
                          VPOS="2370"
                          HPOS="1592"
                          CONTENT="putat"/>
                  <SP HEIGHT="51" WIDTH="14" VPOS="2370" HPOS="1719"/>
                  <String HEIGHT="51" WIDTH="84" VPOS="2370" HPOS="1676" CONTENT="se"/>
                  <SP HEIGHT="51" WIDTH="14" VPOS="2370" HPOS="1761"/>
                  <String HEIGHT="51"
                          WIDTH="141"
                          VPOS="2370"
                          HPOS="1719"
                          CONTENT="videre"/>
                  <SP HEIGHT="51" WIDTH="14" VPOS="2370" HPOS="1859"/>
                  <String HEIGHT="51"
                          WIDTH="155"
                          VPOS="2370"
                          HPOS="1817"
                          CONTENT="asinum:"/>
                  <SP HEIGHT="51" WIDTH="14" VPOS="2370" HPOS="1972"/>
                  <String HEIGHT="51"
                          WIDTH="98"
                          VPOS="2370"
                          HPOS="1929"
                          CONTENT="qui"/>
                  <SP HEIGHT="51" WIDTH="14" VPOS="2370" HPOS="2028"/>
                  <String HEIGHT="51"
                          WIDTH="112"
                          VPOS="2370"
                          HPOS="1972"
                          CONTENT="nullum"/>
               </TextLine>
               <TextLine ID="r1l97"
                         BASELINE="2467"
                         HEIGHT="51"
                         WIDTH="784"
                         VPOS="2416"
                         HPOS="1308">
                  <String HEIGHT="51"
                          WIDTH="154"
                          VPOS="2416"
                          HPOS="1293"
                          CONTENT="asinum"/>
                  <SP HEIGHT="51" WIDTH="15" VPOS="2416" HPOS="1446"/>
                  <String HEIGHT="51"
                          WIDTH="154"
                          VPOS="2416"
                          HPOS="1400"
                          CONTENT="videt."/>
                  <SP HEIGHT="51" WIDTH="15" VPOS="2416" HPOS="1554"/>
                  <String HEIGHT="51" WIDTH="92" VPOS="2416" HPOS="1508" CONTENT="vt"/>
                  <SP HEIGHT="51" WIDTH="15" VPOS="2416" HPOS="1600"/>
                  <String HEIGHT="51"
                          WIDTH="184"
                          VPOS="2416"
                          HPOS="1554"
                          CONTENT="somnians"/>
                  <SP HEIGHT="51" WIDTH="15" VPOS="2416" HPOS="1738"/>
                  <String HEIGHT="51"
                          WIDTH="108"
                          VPOS="2416"
                          HPOS="1692"
                          CONTENT="qui"/>
                  <SP HEIGHT="51" WIDTH="15" VPOS="2416" HPOS="1800"/>
                  <String HEIGHT="51"
                          WIDTH="138"
                          VPOS="2416"
                          HPOS="1754"
                          CONTENT="solum"/>
                  <SP HEIGHT="51" WIDTH="15" VPOS="2416" HPOS="1892"/>
                  <String HEIGHT="51"
                          WIDTH="169"
                          VPOS="2416"
                          HPOS="1846"
                          CONTENT="species"/>
                  <SP HEIGHT="51" WIDTH="15" VPOS="2416" HPOS="2015"/>
                  <String HEIGHT="51"
                          WIDTH="108"
                          VPOS="2416"
                          HPOS="1969"
                          CONTENT="rei"/>
                  <SP HEIGHT="51" WIDTH="15" VPOS="2416" HPOS="2077"/>
                  <String HEIGHT="51"
                          WIDTH="77"
                          VPOS="2416"
                          HPOS="2015"
                          CONTENT="sen"/>
               </TextLine>
               <TextLine ID="r1l99"
                         BASELINE="2501"
                         HEIGHT="43"
                         WIDTH="785"
                         VPOS="2458"
                         HPOS="1311">
                  <String HEIGHT="43"
                          WIDTH="118"
                          VPOS="2458"
                          HPOS="1298"
                          CONTENT="satae"/>
                  <SP HEIGHT="43" WIDTH="13" VPOS="2458" HPOS="1416"/>
                  <String HEIGHT="43"
                          WIDTH="157"
                          VPOS="2458"
                          HPOS="1376"
                          CONTENT="percipit"/>
                  <SP HEIGHT="43" WIDTH="13" VPOS="2458" HPOS="1533"/>
                  <String HEIGHT="43"
                          WIDTH="157"
                          VPOS="2458"
                          HPOS="1494"
                          CONTENT="iudicans"/>
                  <SP HEIGHT="43" WIDTH="13" VPOS="2458" HPOS="1651"/>
                  <String HEIGHT="43" WIDTH="79" VPOS="2458" HPOS="1612" CONTENT="se"/>
                  <SP HEIGHT="43" WIDTH="13" VPOS="2458" HPOS="1690"/>
                  <String HEIGHT="43"
                          WIDTH="131"
                          VPOS="2458"
                          HPOS="1651"
                          CONTENT="asinum"/>
                  <SP HEIGHT="43" WIDTH="13" VPOS="2458" HPOS="1782"/>
                  <String HEIGHT="43"
                          WIDTH="157"
                          VPOS="2458"
                          HPOS="1743"
                          CONTENT="sensatum"/>
                  <SP HEIGHT="43" WIDTH="13" VPOS="2458" HPOS="1900"/>
                  <String HEIGHT="43"
                          WIDTH="144"
                          VPOS="2458"
                          HPOS="1861"
                          CONTENT="videre."/>
                  <SP HEIGHT="43" WIDTH="13" VPOS="2458" HPOS="2004"/>
                  <String HEIGHT="43"
                          WIDTH="144"
                          VPOS="2458"
                          HPOS="1952"
                          CONTENT="similiter"/>
               </TextLine>
               <TextLine ID="r1l101"
                         BASELINE="2554"
                         HEIGHT="52"
                         WIDTH="774"
                         VPOS="2502"
                         HPOS="1311">
                  <String HEIGHT="52"
                          WIDTH="117"
                          VPOS="2502"
                          HPOS="1296"
                          CONTENT="homo"/>
                  <SP HEIGHT="52" WIDTH="15" VPOS="2502" HPOS="1413"/>
                  <String HEIGHT="52"
                          WIDTH="102"
                          VPOS="2502"
                          HPOS="1369"
                          CONTENT="qui"/>
                  <SP HEIGHT="52" WIDTH="15" VPOS="2502" HPOS="1472"/>
                  <String HEIGHT="52"
                          WIDTH="161"
                          VPOS="2502"
                          HPOS="1428"
                          CONTENT="putatur"/>
                  <SP HEIGHT="52" WIDTH="15" VPOS="2502" HPOS="1588"/>
                  <String HEIGHT="52" WIDTH="88" VPOS="2502" HPOS="1545" CONTENT="in"/>
                  <SP HEIGHT="52" WIDTH="15" VPOS="2502" HPOS="1632"/>
                  <String HEIGHT="52"
                          WIDTH="146"
                          VPOS="2502"
                          HPOS="1588"
                          CONTENT="brutum"/>
                  <SP HEIGHT="52" WIDTH="15" VPOS="2502" HPOS="1735"/>
                  <String HEIGHT="52"
                          WIDTH="204"
                          VPOS="2502"
                          HPOS="1691"
                          CONTENT="conversus:"/>
                  <SP HEIGHT="52" WIDTH="15" VPOS="2502" HPOS="1895"/>
                  <String HEIGHT="52"
                          WIDTH="102"
                          VPOS="2502"
                          HPOS="1851"
                          CONTENT="qui"/>
                  <SP HEIGHT="52" WIDTH="15" VPOS="2502" HPOS="1954"/>
                  <String HEIGHT="52"
                          WIDTH="131"
                          VPOS="2502"
                          HPOS="1910"
                          CONTENT="tamen"/>
                  <SP HEIGHT="52" WIDTH="15" VPOS="2502" HPOS="2041"/>
                  <String HEIGHT="52"
                          WIDTH="102"
                          VPOS="2502"
                          HPOS="1983"
                          CONTENT="nullo"/>
               </TextLine>
               <TextLine ID="r1l103"
                         BASELINE="2590"
                         HEIGHT="50"
                         WIDTH="794"
                         VPOS="2540"
                         HPOS="1302">
                  <String HEIGHT="50"
                          WIDTH="110"
                          VPOS="2540"
                          HPOS="1288"
                          CONTENT="modo"/>
                  <SP HEIGHT="50" WIDTH="14" VPOS="2540" HPOS="1398"/>
                  <String HEIGHT="50"
                          WIDTH="137"
                          VPOS="2540"
                          HPOS="1357"
                          CONTENT="brutum"/>
                  <SP HEIGHT="50" WIDTH="14" VPOS="2540" HPOS="1494"/>
                  <String HEIGHT="50"
                          WIDTH="137"
                          VPOS="2540"
                          HPOS="1453"
                          CONTENT="effici"/>
                  <SP HEIGHT="50" WIDTH="14" VPOS="2540" HPOS="1589"/>
                  <String HEIGHT="50"
                          WIDTH="151"
                          VPOS="2540"
                          HPOS="1548"
                          CONTENT="potest."/>
                  <SP HEIGHT="50" WIDTH="14" VPOS="2540" HPOS="1699"/>
                  <String HEIGHT="50" WIDTH="82" VPOS="2540" HPOS="1658" CONTENT="Si"/>
                  <SP HEIGHT="50" WIDTH="14" VPOS="2540" HPOS="1740"/>
                  <String HEIGHT="50"
                          WIDTH="137"
                          VPOS="2540"
                          HPOS="1699"
                          CONTENT="dicas."/>
                  <SP HEIGHT="50" WIDTH="14" VPOS="2540" HPOS="1836"/>
                  <String HEIGHT="50"
                          WIDTH="178"
                          VPOS="2540"
                          HPOS="1795"
                          CONTENT="Danieles."/>
                  <SP HEIGHT="50" WIDTH="14" VPOS="2540" HPOS="1973"/>
                  <String HEIGHT="50"
                          WIDTH="123"
                          VPOS="2540"
                          HPOS="1932"
                          CONTENT="iiii."/>
                  <SP HEIGHT="50" WIDTH="14" VPOS="2540" HPOS="2055"/>
                  <String HEIGHT="50"
                          WIDTH="96"
                          VPOS="2540"
                          HPOS="2000"
                          CONTENT="Nabu"
                          SUBS_TYPE="HypPart1"
                          SUBS_CONTENT="Nabuchodonosor"/>
                  <HYP CONTENT="-"/>
               </TextLine>
               <TextLine ID="r1l105"
                         BASELINE="2643"
                         HEIGHT="50"
                         WIDTH="777"
                         VPOS="2593"
                         HPOS="1318">
                  <String HEIGHT="50"
                          WIDTH="209"
                          VPOS="2593"
                          HPOS="1303"
                          CONTENT="chodonosor"
                          SUBS_TYPE="HypPart2"
                          SUBS_CONTENT="Nabuchodonosor"/>
                  <SP HEIGHT="50" WIDTH="15" VPOS="2593" HPOS="1512"/>
                  <String HEIGHT="50"
                          WIDTH="194"
                          VPOS="2593"
                          HPOS="1467"
                          CONTENT="conversus"/>
                  <SP HEIGHT="50" WIDTH="15" VPOS="2593" HPOS="1662"/>
                  <String HEIGHT="50"
                          WIDTH="105"
                          VPOS="2593"
                          HPOS="1617"
                          CONTENT="est"/>
                  <SP HEIGHT="50" WIDTH="15" VPOS="2593" HPOS="1721"/>
                  <String HEIGHT="50" WIDTH="90" VPOS="2593" HPOS="1677" CONTENT="in"/>
                  <SP HEIGHT="50" WIDTH="15" VPOS="2593" HPOS="1766"/>
                  <String HEIGHT="50"
                          WIDTH="164"
                          VPOS="2593"
                          HPOS="1721"
                          CONTENT="brutum."/>
                  <SP HEIGHT="50" WIDTH="15" VPOS="2593" HPOS="1886"/>
                  <String HEIGHT="50"
                          WIDTH="134"
                          VPOS="2593"
                          HPOS="1841"
                          CONTENT="Illic"/>
                  <SP HEIGHT="50" WIDTH="15" VPOS="2593" HPOS="1975"/>
                  <String HEIGHT="50"
                          WIDTH="120"
                          VPOS="2593"
                          HPOS="1931"
                          CONTENT="enim"/>
                  <SP HEIGHT="50" WIDTH="15" VPOS="2593" HPOS="2050"/>
                  <String HEIGHT="50"
                          WIDTH="105"
                          VPOS="2593"
                          HPOS="1990"
                          CONTENT="scri"
                          SUBS_TYPE="HypPart1"
                          SUBS_CONTENT="scribitur."/>
                  <HYP CONTENT="-"/>
               </TextLine>
               <TextLine ID="r1l107"
                         BASELINE="2684"
                         HEIGHT="49"
                         WIDTH="786"
                         VPOS="2635"
                         HPOS="1312">
                  <String HEIGHT="49"
                          WIDTH="160"
                          VPOS="2635"
                          HPOS="1296"
                          CONTENT="bitur."
                          SUBS_TYPE="HypPart2"
                          SUBS_CONTENT="scribitur."/>
                  <SP HEIGHT="49" WIDTH="16" VPOS="2635" HPOS="1456"/>
                  <String HEIGHT="49"
                          WIDTH="112"
                          VPOS="2635"
                          HPOS="1408"
                          CONTENT="Cor"/>
                  <SP HEIGHT="49" WIDTH="16" VPOS="2635" HPOS="1521"/>
                  <String HEIGHT="49"
                          WIDTH="128"
                          VPOS="2635"
                          HPOS="1472"
                          CONTENT="eius"/>
                  <SP HEIGHT="49" WIDTH="16" VPOS="2635" HPOS="1601"/>
                  <String HEIGHT="49" WIDTH="96" VPOS="2635" HPOS="1553" CONTENT="ab"/>
                  <SP HEIGHT="49" WIDTH="16" VPOS="2635" HPOS="1649"/>
                  <String HEIGHT="49"
                          WIDTH="160"
                          VPOS="2635"
                          HPOS="1601"
                          CONTENT="humano"/>
                  <SP HEIGHT="49" WIDTH="16" VPOS="2635" HPOS="1761"/>
                  <String HEIGHT="49"
                          WIDTH="241"
                          VPOS="2635"
                          HPOS="1713"
                          CONTENT="commutetur:"/>
                  <SP HEIGHT="49" WIDTH="16" VPOS="2635" HPOS="1954"/>
                  <String HEIGHT="49" WIDTH="80" VPOS="2635" HPOS="1906" CONTENT="&amp;"/>
                  <SP HEIGHT="49" WIDTH="16" VPOS="2635" HPOS="1986"/>
                  <String HEIGHT="49"
                          WIDTH="112"
                          VPOS="2635"
                          HPOS="1938"
                          CONTENT="cor"/>
                  <SP HEIGHT="49" WIDTH="16" VPOS="2635" HPOS="2050"/>
                  <String HEIGHT="49"
                          WIDTH="112"
                          VPOS="2635"
                          HPOS="1986"
                          CONTENT="ferae"/>
               </TextLine>
               <TextLine ID="r1l109"
                         BASELINE="2729"
                         HEIGHT="53"
                         WIDTH="766"
                         VPOS="2676"
                         HPOS="1321">
                  <String HEIGHT="53"
                          WIDTH="125"
                          VPOS="2676"
                          HPOS="1307"
                          CONTENT="detur"/>
                  <SP HEIGHT="53" WIDTH="14" VPOS="2676" HPOS="1432"/>
                  <String HEIGHT="53"
                          WIDTH="97"
                          VPOS="2676"
                          HPOS="1391"
                          CONTENT="ei."/>
                  <SP HEIGHT="53" WIDTH="14" VPOS="2676" HPOS="1488"/>
                  <String HEIGHT="53" WIDTH="84" VPOS="2676" HPOS="1446" CONTENT="Et"/>
                  <SP HEIGHT="53" WIDTH="14" VPOS="2676" HPOS="1530"/>
                  <String HEIGHT="53"
                          WIDTH="125"
                          VPOS="2676"
                          HPOS="1488"
                          CONTENT="paulo"/>
                  <SP HEIGHT="53" WIDTH="14" VPOS="2676" HPOS="1613"/>
                  <String HEIGHT="53"
                          WIDTH="111"
                          VPOS="2676"
                          HPOS="1572"
                          CONTENT="post"/>
                  <SP HEIGHT="53" WIDTH="14" VPOS="2676" HPOS="1683"/>
                  <String HEIGHT="53" WIDTH="84" VPOS="2676" HPOS="1641" CONTENT="in"/>
                  <SP HEIGHT="53" WIDTH="14" VPOS="2676" HPOS="1725"/>
                  <String HEIGHT="53"
                          WIDTH="125"
                          VPOS="2676"
                          HPOS="1683"
                          CONTENT="eodem"/>
                  <SP HEIGHT="53" WIDTH="14" VPOS="2676" HPOS="1808"/>
                  <String HEIGHT="53"
                          WIDTH="111"
                          VPOS="2676"
                          HPOS="1767"
                          CONTENT="cap."/>
                  <SP HEIGHT="53" WIDTH="14" VPOS="2676" HPOS="1878"/>
                  <String HEIGHT="53"
                          WIDTH="195"
                          VPOS="2676"
                          HPOS="1836"
                          CONTENT="scribitur."/>
                  <SP HEIGHT="53" WIDTH="14" VPOS="2676" HPOS="2031"/>
                  <String HEIGHT="53"
                          WIDTH="111"
                          VPOS="2676"
                          HPOS="1976"
                          CONTENT="Foenum"/>
               </TextLine>
               <TextLine ID="r1l111"
                         BASELINE="2786"
                         HEIGHT="57"
                         WIDTH="769"
                         VPOS="2729"
                         HPOS="1321">
                  <String HEIGHT="57" WIDTH="96" VPOS="2729" HPOS="1305" CONTENT="vt"/>
                  <SP HEIGHT="57" WIDTH="16" VPOS="2729" HPOS="1401"/>
                  <String HEIGHT="57"
                          WIDTH="112"
                          VPOS="2729"
                          HPOS="1353"
                          CONTENT="bos"/>
                  <SP HEIGHT="57" WIDTH="16" VPOS="2729" HPOS="1465"/>
                  <String HEIGHT="57"
                          WIDTH="176"
                          VPOS="2729"
                          HPOS="1417"
                          CONTENT="comedit"/>
                  <SP HEIGHT="57" WIDTH="16" VPOS="2729" HPOS="1593"/>
                  <String HEIGHT="57" WIDTH="80" VPOS="2729" HPOS="1545" CONTENT="&amp;"/>
                  <SP HEIGHT="57" WIDTH="16" VPOS="2729" HPOS="1625"/>
                  <String HEIGHT="57"
                          WIDTH="128"
                          VPOS="2729"
                          HPOS="1577"
                          CONTENT="rore"/>
                  <SP HEIGHT="57" WIDTH="16" VPOS="2729" HPOS="1706"/>
                  <String HEIGHT="57"
                          WIDTH="144"
                          VPOS="2729"
                          HPOS="1657"
                          CONTENT="caeli"/>
                  <SP HEIGHT="57" WIDTH="16" VPOS="2729" HPOS="1802"/>
                  <String HEIGHT="57"
                          WIDTH="160"
                          VPOS="2729"
                          HPOS="1754"
                          CONTENT="corpus"/>
                  <SP HEIGHT="57" WIDTH="16" VPOS="2729" HPOS="1914"/>
                  <String HEIGHT="57"
                          WIDTH="128"
                          VPOS="2729"
                          HPOS="1866"
                          CONTENT="eius"/>
                  <SP HEIGHT="57" WIDTH="16" VPOS="2729" HPOS="1994"/>
                  <String HEIGHT="57"
                          WIDTH="160"
                          VPOS="2729"
                          HPOS="1930"
                          CONTENT="infectum"/>
               </TextLine>
            </TextBlock>
         </PrintSpace>
      </Page>
   </Layout>
</alto>
