2322 3318
205 301 123 69 est,
281 301 138 69 donec
373 301 169 69 capilli
496 301 123 69 eius
572 301 92 69 in
618 301 260 69 similitudinem
817 301 169 69 aquilarum

207 361 255 50 crescerent:
411 361 85 50 &
445 361 170 50 vngues
564 361 136 50 eius
649 361 153 50 quasi
751 361 170 50 vngues
853 361 136 50 auium.

218 400 248 55 Respondetur,
419 400 108 55 non
481 400 108 55 est
543 400 155 55 reuera
651 400 155 55 factus
760 400 124 55 bos:
837 400 139 55 prout
915 400 77 55 lo-

216 448 155 52 sephus
324 448 217 52 existimat:
494 448 108 52 sed
556 448 139 52 amens
649 448 139 52 inter
741 448 155 52 pecora
834 448 155 52 currens.

214 491 127 55 sicut
298 491 141 55 stulti
397 491 99 55 cum
453 491 155 55 canibus
566 491 70 55 &
594 491 141 55 brutis
692 491 169 55 currunt.
819 491 113 55 Deus
875 491 113 55 namque

213 534 87 53 in
257 534 117 53 suam
330 534 175 53 gloriam,
461 534 73 53 &
490 534 87 53 ad
534 534 233 53 confundendam
724 534 190 53 superbiam
855 534 131 53 Nabucho

216 575 169 56 donosor
338 575 107 56 hoc
400 575 153 56 fecit.
507 575 199 56 glandibus
660 575 169 56 quidemi
783 575 199 56 fructibus
921 575 61 56 ne

218 623 125 53 moris
301 623 69 53 &
329 623 152 53 haerbis
440 623 208 53 vescebatur.
606 623 97 53 nam
661 623 111 53 deus
731 623 139 53 potest
814 623 166 53 conseruare

212 672 173 50 hominem
338 672 126 50 sine
417 672 236 50 comestione,
606 672 110 50 vel
668 672 110 50 cum
731 672 220 50 comestione
889 672 94 50 gra-

204 709 170 53 minis:
323 709 153 53 sicut
425 709 136 53 nunc
510 709 153 53 viuit
611 709 136 53 homo
696 709 187 53 fructus
832 709 85 53 &
849 709 136 53 porros

213 755 200 55 comedendo.
370 755 229 55 praeseruauit
556 755 129 55 tamen
642 755 100 55 eum
699 755 72 55 a
728 755 129 55 morte
813 755 186 55 naturali:
942 755 43 55 &

217 800 81 59 ne
258 800 68 59 a
285 800 149 59 bestiis
394 800 217 59 occideretur.
570 800 95 59 cum
625 800 122 59 autem
706 800 95 59 sui
760 800 68 59 &
787 800 109 59 ipse
855 800 95 59 hoc
896 800 95 59 futu-

212 844 110 53 rum
275 844 94 53 ad
322 844 142 53 annos
417 844 157 53 septem
527 844 220 53 audiuerunt
700 844 79 53 a
731 844 189 53 Daniele,
873 844 110 53 cui
920 844 63 53 ob

209 892 258 55 sanctimoniam
418 892 81 55 &
450 892 193 55 stupenda
595 892 193 55 miracula
740 892 145 55 fidem
821 892 161 55 adhibue-

203 937 144 48 runt:
299 937 240 48 permiserunt
491 937 112 48 eum
555 937 176 48 currere
684 937 80 48 &
716 937 160 48 vagari
812 937 176 48 quoquouer

210 977 117 61 sum:
284 977 132 61 certo
372 977 176 61 scientes
503 977 117 61 quod
577 977 161 61 rediret
694 977 88 61 ad
738 977 161 61 sceptra
855 977 147 61 regni:
943 977 44 61 &

202 1022 244 54 conseruaretur
402 1022 72 54 a
431 1022 115 54 deo:
503 1022 86 54 vt
546 1022 201 54 addisceret
704 1022 100 54 dei
761 1022 186 54 potentiam
904 1022 72 54 &
919 1022 57 54 ho

212 1067 153 64 minum
297 1067 256 64 infirmitatem.

371 1121 170 83 llrca
485 1121 170 83 insta
598 1121 265 83 dubitatur.
806 1121 113 83 An
844 1121 132 83 Fauni

371 1200 100 50 l&
421 1200 182 50 homines
554 1200 232 50 syluestres
736 1200 133 50 sint
803 1200 182 50 daemones.

372 1249 92 53 ⁋⁋
418 1249 169 53 Secundo
540 1249 215 53 dubitatur:
709 1249 138 53 quare
801 1249 123 53 sint
862 1249 123 53 plures

209 1293 167 46 mulieres
334 1293 181 46 veneficae
473 1293 111 46 quam
543 1293 125 46 viri.
626 1293 70 46 ⁋
654 1293 139 46 Tertio
752 1293 195 46 dubitatur:
905 1293 83 46 an
932 1293 56 46 li

215 1332 111 55 ceat
284 1332 194 55 maleficium
437 1332 97 55 per
492 1332 194 55 maleficium
645 1332 166 55 tollere.
769 1332 69 55 ⁋
783 1332 194 55 Respondetur.

211 1379 169 60 Daemon
330 1379 203 60 interdum
482 1379 186 60 assumit
617 1379 169 60 corpus
736 1379 186 60 humanum
871 1379 102 60 vt
905 1379 68 60 ab

207 1420 109 52 quem
275 1420 149 52 fallat:
384 1420 109 52 quod
452 1420 190 52 creberrime
601 1420 136 52 videre
696 1420 95 52 est
750 1420 81 52 in
791 1420 122 52 vitis
859 1420 122 52 patrum.

207 1470 119 53 Sunt
282 1470 119 53 vero
356 1470 164 53 nonulli
475 1470 104 53 qui
535 1470 209 53 deuotionis
699 1470 104 53 vel
758 1470 209 53 tristitiae
907 1470 75 53 gra

211 1512 105 49 tia
271 1512 149 49 mundum
375 1512 239 49 relinquentes
570 1512 105 49 per
629 1512 149 49 nemora
734 1512 224 49 discurrunt,
898 1512 90 49 nudi

208 1556 69 56 &
236 1556 166 56 hirsuti.
360 1556 138 56 foliis
457 1556 138 56 tecti,
554 1556 124 56 vitam
637 1556 193 56 eremiticam
789 1556 180 56 ducentes,
913 1556 69 56 ali

207 1604 152 53 quando
313 1604 106 53 pro
374 1604 167 53 bestiis
495 1604 91 53 in
540 1604 167 53 retibus
662 1604 76 53 a
692 1604 227 53 venatoribus
859 1604 121 53 capti.

206 1643 121 57 Sunt
282 1643 76 57 &
312 1643 152 57 mostra
418 1643 213 57 rationalia
585 1643 182 57 effigies
722 1643 167 57 ferinas
828 1643 152 57 habentia

211 1686 83 57 vt
253 1686 151 57 satyri.
363 1686 110 57 quod
431 1686 138 57 habere
528 1686 151 57 possunt
638 1686 83 57 ab
679 1686 193 57 influentia
831 1686 138 57 caeli.
913 1686 69 57 nam

209 1734 178 50 videmus
338 1734 178 50 aliquos
468 1734 259 50 conterraneos
678 1734 162 50 toruis
792 1734 210 50 vultibus:
937 1734 49 50 &

217 1786 124 45 alios
300 1786 179 45 pulchros.
438 1786 97 45 sic
493 1786 110 45 esse
562 1786 138 45 potest
659 1786 83 45 de
700 1786 138 45 istis.
797 1786 166 45 Mirabile
907 1786 69 45 mor

214 1822 139 51 strum
306 1822 77 51 &
337 1822 201 51 rationale
492 1822 139 51 vidit
585 1822 139 51 diuus
678 1822 186 51 Antonius
818 1822 108 51 cum
864 1822 124 51 Paulum

216 1865 141 58 primum
314 1865 169 58 eremitam
441 1865 197 58 quaesiuit:
596 1865 84 58 vt
638 1865 155 58 scribit
751 1865 211 58 Hieronymus.
906 1865 70 58 Qum

214 1915 179 58 praemisso
352 1915 124 58 signo
434 1915 151 58 crucis,
545 1915 96 58 cum
600 1915 151 58 quisnam
710 1915 124 58 esset
779 1915 206 58 interrogasset

207 1953 200 51 respondit
360 1953 169 51 Satyrus
484 1953 138 51 ille.
576 1953 185 51 mortalis
714 1953 108 51 ego
776 1953 123 51 sum,
853 1953 123 51 vnus
914 1953 62 51 ex

220 2010 167 45 accolis
341 2010 152 45 eremi:
448 2010 121 45 quos
523 2010 121 45 vano
599 2010 152 45 errore
706 2010 152 45 delusa
797 2010 182 45 antiquitas

206 2049 173 55 Faunos,
332 2049 221 55 Satyrosque
506 2049 79 55 &
537 2049 173 55 incubos
664 2049 205 55 appellat:
806 2049 173 55 legatione

220 2092 148 51 fungor
324 2092 148 51 gregis
427 2092 118 51 mei,
501 2092 236 51 praecamurque
693 2092 89 51 vt
737 2092 162 51 commune
840 2092 133 51 dominum

208 2136 102 57 pro
267 2136 131 57 nobis
354 2136 189 57 depceris:
499 2136 116 57 quem
572 2136 102 57 pro
630 2136 145 57 salute
732 2136 131 57 mundi
819 2136 116 57 olim
877 2136 102 57 venis

207 2179 88 49 se
251 2179 220 49 cognouimus:
427 2179 88 49 et
471 2179 88 49 in
515 2179 132 49 omnem
604 2179 147 49 terram
706 2179 147 49 exiuit
809 2179 132 49 sonus
882 2179 103 49 eius.

218 2223 113 53 Hunc
289 2223 127 53 virum
374 2223 198 53 Hieronymus
529 2223 198 53 describens
685 2223 113 53 ait.
756 2223 113 53 Erat
826 2223 127 53 autem
911 2223 99 53 ho-

218 2273 157 48 muncio
328 2273 173 48 aduncis
454 2273 189 48 natibus:
595 2273 79 48 &
627 2273 157 48 fronte
737 2273 189 48 cornibus
862 2273 126 48 aspera

212 2309 146 50 cuius
309 2309 179 50 extrema
439 2309 195 50 corporis
585 2309 97 50 in
634 2309 195 50 caprarum
780 2309 146 50 pedes
861 2309 130 50 desine

214 2357 127 53 bant.
299 2357 141 53 Aliqui
398 2357 184 53 praeterea
539 2357 113 53 sunt
610 2357 127 53 ferme
694 2357 155 53 stolidi
807 2357 71 53 &
836 2357 155 53 ferini,
934 2357 57 53 na

218 2398 86 50 ti
261 2398 100 50 sub
318 2398 129 50 polis
403 2398 71 50 &
432 2398 86 50 in
475 2398 157 50 insulis
589 2398 171 50 recentet
718 2398 86 50 ab
760 2398 186 50 hesperiis
889 2398 100 50 inuen

221 2442 99 54 tis
277 2442 127 54 prope
362 2442 212 54 aequatorem.
531 2442 169 54 fortasse
658 2442 113 54 enim
729 2442 127 54 sicut
814 2442 113 54 mula
884 2442 85 54 ab
912 2442 85 54 equa

222 2486 68 54 &
249 2486 122 54 asino
330 2486 189 54 generatur:
478 2486 95 54 sic
532 2486 135 54 potest
627 2486 135 54 animal
721 2486 176 54 rationale
856 2486 81 54 ab
883 2486 108 54 homine

220 2527 69 54 &
248 2527 152 54 pecore:
358 2527 69 54 &
386 2527 83 54 si
427 2527 110 54 sic,
496 2527 110 54 quod
565 2527 124 54 mirum
647 2527 110 54 quod
716 2527 138 54 habeat
813 2527 165 54 effigiem
923 2527 69 54 quo

224 2579 179 44 dammodo
354 2579 195 44 brutalem
501 2579 81 44 &
533 2579 228 44 quodammodo
712 2579 195 44 humanam:
859 2579 98 44 vt
891 2579 98 44 mula

232 2620 107 55 cum
293 2620 123 55 equa
370 2620 77 55 &
400 2620 138 55 asino
492 2620 245 55 participans?
692 2620 77 55 ⁋
722 2620 92 55 Ad
768 2620 184 55 secundam
891 2620 92 55 dubi

228 2663 165 55 tationem
352 2663 206 55 respondetur
516 2663 110 55 quod
585 2663 165 55 mulieres
709 2663 110 55 sunt
777 2663 151 55 dicaces
887 2663 69 55 &
914 2663 96 55 do-

227 2707 111 68 cent
296 2707 193 68 seinuicem:
448 2707 97 68 nec
504 2707 152 68 possunt
614 2707 138 68 silere
711 2707 83 68 de
752 2707 180 68 maleficio
890 2707 83 68 si
918 2707 83 68 quod

1058 308 143 62 habent.
1162 308 104 62 viri
1227 308 117 62 autem
1305 308 104 62 sunt
1370 308 143 62 secreti
1474 308 65 62 &
1500 308 130 62 silere
1591 308 169 62 nouerunt.
1721 308 143 62 Secundo

1056 362 185 55 mulieres
1194 362 123 55 sunt
1271 362 154 55 maxime
1379 362 231 55 appetitiuae
1564 362 216 55 vindictae:
1734 362 77 55 &
1749 362 77 55 qua

1062 398 110 63 runt
1131 398 151 63 vlcisci
1241 398 83 63 in
1282 398 96 63 eos
1338 398 96 63 qui
1393 398 110 63 sibi
1461 398 138 63 multum
1558 398 248 63 displicuerunt.
1750 398 83 63 Hine

1056 449 160 55 dicitur
1173 449 262 55 Ecclesiastici.
1392 449 117 55 xxv.
1465 449 190 55 Commorari
1610 449 131 55 leoni
1698 449 73 55 &
1712 449 117 55 craco-

1058 484 82 63 ni
1099 484 165 63 placebit
1223 484 110 63 quam
1291 484 165 63 habitare
1415 484 96 63 cum
1470 484 151 63 muliere
1579 484 165 63 nemquam.
1703 484 96 63 Non
1744 484 82 63 enim

1051 538 96 52 est
1106 538 151 52 malitia
1216 538 124 52 super
1298 538 165 52 malitiam
1422 538 179 52 mulieris.
1559 538 69 52 &
1587 538 110 52 cum.
1655 538 124 52 xires
1738 538 96 52 non
1779 538 55 52 ha

1056 579 146 50 beant:
1159 579 176 50 daemonis
1291 579 117 50 opem
1364 579 234 50 sollicitant:
1554 579 73 50 &
1583 579 102 50 cum
1642 579 88 50 eo
1686 579 146 50 pactum
1773 579 59 50 fa

1058 627 133 51 ciunt,
1151 627 93 51 eum
1204 627 146 51 colendo
1310 627 67 51 &
1337 627 106 51 sibi
1404 627 213 51 conciliando.
1577 627 120 51 Illae
1656 627 120 51 autem
1723 627 93 51 haber

1059 669 107 54 tes
1120 669 152 54 pactum
1226 669 213 54 explicitum
1394 669 107 54 cum
1455 669 168 54 daemone
1577 669 152 54 docent
1684 669 137 54 alias
1760 669 76 54 ver

1050 711 79 55 ba
1089 711 131 55 aliqua
1181 711 65 55 &
1207 711 131 55 signa:
1299 711 105 55 quam
1364 711 79 55 si
1403 711 157 55 faciant,
1521 711 196 55 promittunt,
1678 711 105 55 quod
1730 711 92 55 habe-

1055 755 136 50 bunt
1140 755 220 50 intentum:
1309 755 102 50 vt
1360 755 136 50 quas
1445 755 170 50 daemon
1564 755 153 50 solus
1665 755 170 50 capere
1767 755 68 50 ne

1054 801 133 57 quit:
1143 801 104 57 ope
1202 801 163 57 istarum
1321 801 163 57 malarum
1439 801 163 57 capiat,
1558 801 192 57 intendens
1706 801 118 57 sine
1765 801 59 57 pa

1054 849 107 52 cto
1115 849 199 52 explicito
1268 849 92 52 ab
1314 849 153 52 initio
1422 849 138 52 alias
1513 849 261 52 superinducere
1728 849 92 52 vt
1759 849 61 52 se

1053 894 168 45 colant:
1175 894 76 45 &
1205 894 92 45 de
1251 894 122 45 fide
1327 894 214 45 Christiana
1495 894 122 45 male
1572 894 198 45 sentiant:
1724 894 92 45 vt
1755 894 76 45 tan

1043 931 113 52 dem
1108 931 226 52 damnentur.
1285 931 113 52 sed
1350 931 226 52 pedetentim
1528 931 81 52 &
1560 931 146 52 caute
1641 931 178 52 procediti

1051 982 126 51 etiam
1135 982 154 51 aliquas
1247 982 224 51 promissiones
1429 982 98 51 eis
1484 982 168 51 seruando
1610 982 84 51 vt
1652 982 154 51 fallat.
1750 982 70 51 nam

1046 1020 114 58 sine
1117 1020 129 58 causa
1203 1020 214 58 apparentiae
1375 1020 100 58 non
1432 1020 214 58 committitur
1603 1020 186 58 fallacia:
1746 1020 86 58 vt
1775 1020 57 58 ex

1042 1061 151 57 libris
1148 1061 212 57 Elenchorum
1314 1061 212 57 perspicuum
1481 1061 121 57 est.
1557 1061 136 57 Fidem
1647 1061 121 57 enim
1708 1061 121 57 totius

1042 1109 163 55 salutis
1161 1109 222 55 fundamentum
1338 1109 177 55 euertere
1471 1109 177 55 student.
1604 1109 177 55 Mulieres
1722 1109 104 55 autem

1046 1153 177 51 propter
1175 1153 161 51 carnis
1287 1153 290 51 fluxibilitatem
1529 1153 129 51 sunt
1610 1153 161 51 maxime
1706 1153 113 51 leues

1047 1203 73 46 &
1077 1203 220 46 instabiles.
1252 1203 117 46 vnde
1325 1203 263 46 Ecclesiastici.
1545 1203 117 46 xix.
1618 1203 102 46 Qui
1677 1203 146 46 credit
1764 1203 59 46 ci

1049 1248 111 43 to,
1113 1248 143 43 leuis
1208 1248 143 43 corde
1303 1248 127 43 est,
1382 1248 79 43 &
1414 1248 254 43 minorabitur.
1620 1248 79 43 ⁋
1652 1248 95 43 Ad
1683 1248 143 43 tertium

1041 1285 168 49 dicitur
1163 1285 122 49 quod
1239 1285 137 49 nullo
1331 1285 122 49 modo
1407 1285 137 49 licet
1499 1285 229 49 maleficium.
1682 1285 122 49 vnum
1743 1285 76 49 per

1038 1336 140 48 aliud
1132 1336 218 48 maleficium
1303 1336 187 48 tollere:
1443 1336 125 48 quia
1521 1336 109 48 non
1583 1336 140 48 suint
1661 1336 156 48 facienda

1043 1372 129 52 mala
1124 1372 97 52 vt
1172 1372 129 52 bona
1253 1372 210 52 eueniant.
1415 1372 97 52 ad
1463 1372 194 52 Romanns.
1609 1372 129 52 iii.
1673 1372 146 52 Licitum

1041 1420 135 51 tamen
1131 1420 105 51 est
1191 1420 210 51 maleficium
1356 1420 120 51 viis
1431 1420 165 51 licitis
1550 1420 75 51 e
1580 1420 135 51 medio
1670 1420 165 51 tollere
1775 1420 45 51 i

1047 1464 87 56 vt
1091 1464 102 56 per
1149 1464 160 56 licitum
1265 1464 218 56 exorcismum,
1439 1464 102 56 per
1497 1464 131 56 aquae
1584 1464 203 56 benedictae
1729 1464 102 56 asper

1041 1506 167 48 sionem,
1163 1506 198 48 sanctorum
1315 1506 289 48 intercessionem,
1558 1506 107 48 per
1604 1506 213 48 poenitentiam

1053 1555 158 53 veram,
1164 1555 111 53 per
1227 1555 253 53 Eucharistiae
1433 1555 174 53 deuotam
1560 1555 237 53 sumptionem.
1734 1555 79 53 nam

1047 1595 179 57 potest
1173 1595 143 57 homo
1262 1595 126 57 his
1334 1595 251 57 munimentis
1531 1595 179 57 contra
1639 1595 179 57 daemonum

1058 1639 206 58 versutias
1201 1639 190 58 procedere.

1055 1691 112 93 ⁋
1099 1691 270 93 Hactenus
1302 1691 135 93 de
1369 1691 292 93 maleficis
1594 1691 157 93 qui
1662 1691 157 93 daemo

1039 1773 116 56 num
1106 1773 116 56 ope
1172 1773 149 56 omnia
1272 1773 133 56 mala
1355 1773 249 56 perpetrant:
1554 1773 166 56 quorum
1654 1773 166 56 potestas

1052 1821 81 50 ad
1092 1821 175 50 grandines
1227 1821 67 50 /
1254 1821 202 50 tempestates
1416 1821 67 50 /
1443 1821 175 50 laesionem
1577 1821 67 50 /
1604 1821 67 50 &
1631 1821 135 50 mortem
1712 1821 108 50 exten-

1048 1862 140 49 ditur,
1146 1862 112 49 nisi
1216 1862 70 49 a
1244 1862 98 49 deo
1300 1862 224 49 impediantur.
1481 1862 70 49 &
1509 1862 98 49 cum
1565 1862 70 49 a
1593 1862 98 49 deo
1635 1862 182 49 prohibentur

1045 1907 82 56 ei
1086 1907 149 56 gratiae
1195 1907 163 56 immensae
1317 1907 122 56 super
1399 1907 95 56 hoc
1453 1907 177 56 reddendae
1589 1907 122 56 sunt.
1671 1907 122 56 licet
1738 1907 82 56 enim

1041 1957 141 57 magis
1135 1957 172 57 vellent
1260 1957 188 57 daemones
1401 1957 156 57 nocere
1510 1957 219 57 insontibus
1682 1957 125 57 quam
1745 1957 78 57 son

1053 1996 145 54 tibus:
1155 1996 131 54 tamen
1243 1996 102 54 hoc
1301 1996 145 54 passim
1403 1996 73 54 a
1432 1996 102 54 deo
1490 1996 102 54 non
1548 1996 233 54 permittitur.
1723 1996 87 54 Legi

1045 2040 100 51 mus
1102 2040 171 51 siquidem
1230 2040 86 51 de
1273 2040 143 51 septem
1373 2040 129 51 viris
1459 2040 171 51 occisis,
1587 2040 100 51 cum
1645 2040 114 51 Sara
1702 2040 114 51 gratia

1055 2083 230 52 voluptatis
1235 2083 230 52 matrimonio
1416 2083 197 52 iunctis.
1563 2083 197 52 Thobiae.
1711 2083 115 52 vi.
1760 2083 66 52 Et

1052 2128 167 56 plerumque
1181 2128 90 56 vel
1232 2128 142 56 propter
1336 2128 155 56 peccatum
1451 2128 155 56 praesens
1567 2128 90 56 vel
1619 2128 180 56 praecedens
1748 2128 77 56 haec

1042 2179 166 54 obfessio
1167 2179 221 54 permittitur.
1347 2179 83 54 Et
1388 2179 152 54 quamuis
1499 2179 125 54 bonus
1582 2179 97 54 lob
1637 2179 97 54 tam
1692 2179 83 54 in
1720 2179 97 54 bonis

1041 2222 191 45 fortunae:
1188 2222 103 45 qui
1247 2222 88 45 in
1291 2222 161 45 corpore
1408 2222 73 45 &
1438 2222 88 45 in
1482 2222 147 45 filiis
1584 2222 73 45 a
1614 2222 205 45 daemonibus
1760 2222 59 45 ve

1042 2263 170 50 xaretur:
1169 2263 127 50 tamen
1254 2263 85 50 ei
1296 2263 127 50 demum
1381 2263 85 50 ad
1423 2263 155 50 gloriam
1536 2263 155 50 cessit.
1649 2263 127 50 Summe
1720 2263 99 50 autem

1044 2310 201 44 cauendum
1195 2310 117 44 est
1262 2310 117 44 cum
1329 2310 235 44 daemonibus
1514 2310 168 44 habere
1615 2310 201 44 commercium

1046 2348 153 49 Audiui
1153 2348 77 49 e
1183 2348 153 49 quodam
1291 2348 276 49 religiosissimo
1520 2348 138 49 patre
1612 2348 92 49 de
1643 2348 168 49 aliquibus

1051 2391 240 55 mulieribus
1240 2391 172 55 multum
1360 2391 189 55 vexatis
1497 2391 86 55 a
1531 2391 257 55 daemonibus:
1720 2391 103 55 quos

1038 2440 101 48 in
1089 2440 151 48 magna
1190 2440 252 48 poenitentia
1392 2440 219 48 expellere
1560 2440 236 48 nequibant:
1728 2440 101 48 quia

1042 2482 150 55 aditum
1147 2482 135 55 ipsis
1237 2482 150 55 initio
1342 2482 195 55 dederant.
1491 2482 120 55 modo
1566 2482 105 55 vno
1611 2482 210 55 inconvenien-

1052 2534 94 47 te
1099 2534 126 47 dato
1178 2534 142 47 multa
1272 2534 126 47 mala
1351 2534 236 47 contingunt.
1540 2534 110 47 Non
1603 2534 142 47 satis
1681 2534 126 47 mulie-

1055 2571 100 51 res
1112 2571 100 51 hae
1169 2571 86 51 in
1212 2571 100 51 deo
1269 2571 228 51 confidebant:
1454 2571 100 51 nec
1511 2571 100 51 eum
1568 2571 186 51 timebant:
1697 2571 114 51 impetu

1042 2613 202 50 foemineo
1194 2613 84 50 &
1227 2613 219 50 temerario
1395 2613 151 50 ausae
1496 2613 219 50 pactionem
1665 2613 118 50 cum
1715 2613 101 50 dae-

1047 2661 181 52 monibus
1178 2661 279 52 fallacissimis
1408 2661 164 52 inire.
1523 2661 197 52 Vlterius
1655 2661 164 52 cauendum

1053 2706 107 71 est
1114 2706 92 71 ab
1160 2706 169 71 omnibus
1283 2706 199 71 suspectis
1436 2706 138 71 modis
1528 2706 184 71 operandi
1666 2706 138 71 circa
1742 2706 77 71 cue
