2349 3323
444 267 242 58 conclusiones
640 267 242 58 corollariae.
836 267 136 58 Prior
927 267 121 58 est.
1003 267 166 58 Aliquis
1108 267 121 58 bapti-

455 315 146 56 zatuis
558 315 102 56 est
616 315 88 56 in
660 315 161 56 peccato
777 315 205 56 originali.
938 315 176 56 Secunda.
1070 315 102 56 Non
1114 315 102 56 omnis

462 358 166 62 adultus
583 358 166 62 ratione
703 358 136 62 vtens
794 358 106 62 cui
854 358 196 62 baptismus
1005 358 106 62 est
1050 358 166 62 promulga-

458 404 106 54 tus,
524 404 80 54 in
564 404 173 54 originali
697 404 173 54 existens,
830 404 146 54 tenetur
936 404 80 54 ad
976 404 173 54 baptisma.
1095 404 120 54 Respon-

459 446 133 58 detur
548 446 207 58 concedendo
711 446 133 58 illas
800 446 252 58 conclusiones.
1007 446 104 58 Sed
1066 446 104 58 quo
1125 446 89 58 ad
1155 446 74 58 con

461 494 183 55 fessionem
602 494 211 55 auricularem
771 494 155 55 dicitur
884 494 113 55 quod
954 494 155 55 peccata
1067 494 127 55 nulla
1137 494 85 55 ante

455 537 213 58 baptismum
619 537 197 58 commissa
766 537 131 58 sunt
849 537 213 58 contenda:
1013 537 115 58 sed
1078 537 181 58 reliqua

461 580 120 60 post
536 580 165 60 inanuam
656 580 256 60 sacramentorum
867 580 180 60 commissa
1002 580 120 60 sunt
1063 580 165 60 confiten-

466 626 94 52 da.
519 626 81 52 Et
560 626 81 52 si
600 626 135 52 fictio
694 626 94 52 vel
748 626 121 52 actus
829 626 148 52 aliquis
936 626 161 52 mortalis
1044 626 175 52 continuetur

457 680 140 43 ante
545 680 228 43 baptismum
721 680 88 43 &
756 680 140 43 post
844 680 246 43 baptismum:
1037 680 140 43 tunc
1107 680 123 43 conce

453 713 164 57 dendum
567 713 115 57 est
633 713 131 57 quod
715 713 197 57 peccatum
862 713 131 57 ante
944 713 197 57 baptisma
1075 713 148 57 commis-

461 759 101 53 sum
518 759 158 53 tenetur
633 759 144 53 sortes
734 759 202 53 confiteri,
893 759 115 53 quod
965 759 144 53 probo.
1066 759 115 53 hunc
1123 759 101 53 actum

459 802 172 61 tenetur
585 802 157 61 sortes
694 802 219 61 confiteri,
867 802 235 61 demostrando
1055 802 141 61 actum
1133 802 94 61 quem

452 856 125 52 post
530 856 187 52 baptisma
670 856 156 52 habet:
779 856 109 52 hic
842 856 140 52 actus
935 856 109 52 est
997 856 109 52 vel
1060 856 125 52 fuit
1122 856 109 52 pecca

441 889 129 60 tum
514 889 148 60 ante
607 889 221 60 baptisma
773 889 258 60 commissum:
976 889 148 60 ergo
1049 889 185 60 peccatum

443 936 136 57 ante
528 936 203 57 baptisma
680 936 220 57 commissum
850 936 187 57 tenetur
986 936 170 57 sortes
1087 936 136 57 confi-

447 982 137 54 teri.
538 982 243 54 consequentia
736 982 106 54 est
796 982 228 54 syllogismus
979 982 258 54 expositorius:
1176 982 46 54 &

445 1025 223 55 antecedens
620 1025 175 55 elarum,
748 1025 112 55 non
812 1025 159 55 loquor
923 1025 96 55 de
971 1025 128 55 actu
1051 1025 143 55 cuius
1130 1025 96 55 ali-

453 1074 108 51 qui
514 1074 154 51 gradus
622 1074 124 51 ante
700 1074 185 51 baptisma
839 1074 139 51 erant
931 1074 185 51 eliciti,
1071 1074 77 51 &
1086 1074 139 51 reliqui

442 1111 244 60 intensiores
637 1111 130 60 post
718 1111 211 60 baptisma:
881 1111 114 60 sed
946 1111 98 60 de
994 1111 130 60 actu
1059 1111 163 60 secundum

445 1157 199 53 quidlibet
598 1157 107 53 sui
659 1157 123 53 ante
736 1157 184 53 baptisma
874 1157 184 53 elicito,
1012 1157 77 53 &
1042 1157 123 53 post
1103 1157 123 53 bapti-

442 1204 127 52 smum
522 1204 159 52 libere
633 1204 239 52 continuato.
824 1204 111 52 sed
888 1204 127 52 homo
967 1204 111 52 non
1031 1204 175 52 tenetur
1142 1204 80 52 con

445 1246 167 55 fiteri
562 1246 150 55 actum
662 1246 117 55 pro
729 1246 167 55 quanto
845 1246 117 55 est
912 1246 217 55 commissus
1079 1246 133 55 ante
1146 1246 83 55 ba

413 1297 230 64 ptisma.-

436 1340 315 94 Epilogando
683 1340 135 94 de
750 1340 270 94 fictione
952 1340 112 94 &
975 1340 247 94 volitione

457 1414 89 67 ad
502 1414 192 67 baptismum
649 1414 266 67 praerequisita:
871 1414 163 67 diximus
989 1414 118 67 quod
1049 1414 177 67 requiritur

449 1459 176 61 intentio
581 1459 176 61 actualis
713 1459 88 61 in
757 1459 117 61 esse
830 1459 103 61 vel
889 1459 88 61 in
933 1459 147 61 fuisse
1036 1459 88 61 in
1079 1459 147 61 adulto
1167 1459 59 61 ad

445 1507 97 64 hoc
501 1507 84 64 vt
543 1507 209 64 baptizetur:
710 1507 70 64 &
738 1507 181 64 similiter
877 1507 84 64 in
919 1507 209 64 baptizante,
1086 1507 97 64 non
1128 1507 97 64 tamen

439 1545 196 66 requiritur
593 1545 112 66 quod
663 1545 196 66 actualiter
817 1545 140 66 insit:
914 1545 126 66 sicut
998 1545 98 66 nec
1054 1545 84 66 in
1082 1545 140 66 consecra

441 1608 155 52 tione:
550 1608 109 52 vbi
612 1608 186 52 sufficit
752 1608 93 52 in
799 1608 155 52 missae
908 1608 171 52 exordio
1032 1608 186 52 intentio
1156 1608 78 52 con

450 1638 185 61 secrandi
588 1638 138 61 licet
680 1638 169 61 tempore
804 1638 277 61 consecrationis
1034 1638 123 61 quis
1096 1638 123 61 distra

444 1689 117 62 ctus
518 1689 176 62 fuaerit.
650 1689 88 62 Ex
693 1689 117 62 isto
767 1689 132 62 patet
855 1689 103 62 non
913 1689 117 62 esse
987 1689 147 62 certum
1074 1689 147 62 certitu-

451 1722 114 73 dine
522 1722 215 73 infallibili
694 1722 86 73 an
737 1722 114 73 quis
808 1722 100 73 sit
865 1722 215 73 baptizatus:
1037 1722 100 73 sed
1080 1722 143 73 sufficit

442 1775 215 59 certitudo
608 1775 182 59 moralis
740 1775 198 59 adultoet
889 1775 231 59 parentibus
1054 1775 165 59 paruuli-

444 1817 134 61 Nihil
533 1817 104 61 est
593 1817 119 61 quod
667 1817 134 61 dicit
756 1817 178 61 Durandus
890 1817 134 61 dist.
979 1817 104 61 vi.
1039 1817 104 61 pie
1083 1817 134 61 creden-

448 1862 120 60 dum
516 1862 137 60 esse
602 1862 103 60 si
653 1862 222 60 baptizans
824 1862 171 60 nullam
944 1862 257 60 intentionem
1132 1862 86 60 ha-

444 1908 123 60 beat
521 1908 123 60 quod
597 1908 185 60 Christus
736 1908 169 60 supplet
859 1908 154 60 illud.
967 1908 138 60 Solum
1059 1908 154 60 namque
1151 1908 77 60 cum

438 1944 142 72 fide
527 1944 213 72 quadrans
687 1944 124 72 est
758 1944 160 72 pium,
865 1944 89 72 &
900 1944 231 72 oppositum
1060 1944 160 72 impium.

443 1996 97 60 vt
491 1996 97 60 si
540 1996 130 60 quis
621 1996 146 60 dicat
719 1996 195 60 paruulos
865 1996 114 60 non
930 1996 227 60 baptizatos
1092 1996 130 60 saluos

457 2035 118 74 quia
531 2035 103 74 non
590 2035 103 74 est
649 2035 222 74 imputabilis
827 2035 118 74 aeis
901 2035 148 74 culpam
1004 2035 222 74 originalis:
1167 2035 59 74 is

446 2078 126 71 impie
530 2078 182 71 loquitur:
669 2078 112 71 quia
739 2078 168 71 loannis.
865 2078 112 71 iii.
935 2078 112 71 scri
1005 2078 112 71 ptum
1074 2078 112 71 est:
1130 2078 84 71 Nisi

447 2128 121 67 quis
523 2128 167 67 renatus
644 2128 152 67 fuerit
750 2128 91 67 ex
796 2128 121 67 aqua
871 2128 76 67 &
902 2128 167 67 spiritu
1023 2128 167 67 sancto,
1129 2128 91 67 none

439 2174 175 65 intrabit
571 2174 88 65 in
615 2174 146 65 regnum
717 2174 117 65 dei.
790 2174 117 65 nisi
863 2174 234 65 sanctificati
1054 2174 161 65 fuerint
1156 2174 73 65 vel

455 2216 202 70 martyres.
611 2216 125 70 quod
689 2216 171 70 omnibus
813 2216 109 70 non
876 2216 218 70 baptizatis
1031 2216 187 70 applicarae

439 2265 153 61 nedum
541 2265 119 61 est
609 2265 187 61 impium,
745 2265 119 61 sed
813 2265 255 61 sacrilegum.
1017 2265 170 61 Fodem.
1119 2265 102 61 inon

442 2305 103 71 non
501 2305 132 71 valet
589 2305 147 71 dictum
692 2305 161 71 Ricardi
809 2305 147 71 mediae
912 2305 161 71 villae,
1029 2305 117 71 quod
1103 2305 88 71 si
1132 2305 88 71 par-

453 2345 135 70 uulus
543 2345 180 70 moriatur
679 2345 135 70 inter
769 2345 226 70 proferendam
949 2345 135 70 verba
1040 2345 105 70 pie
1085 2345 135 70 creden-

440 2399 110 59 dum
503 2399 125 59 esse
581 2399 125 59 quod
659 2399 235 59 saluabitur:
847 2399 125 59 quia
926 2399 94 59 no
973 2399 141 59 habet
1066 2399 125 59 omni
1145 2399 78 59 a
1160 2399 63 59 ad

444 2434 197 70 baptismum
595 2434 212 70 requisita.
762 2434 91 70 Et
807 2434 106 70 vbi
868 2434 136 70 dicit
959 2434 121 70 quod
1019 2434 197 70 sepeliendus

450 2483 103 71 est
509 2483 88 71 in
553 2483 221 71 coemiterio:
730 2483 118 71 dico
804 2483 133 71 illud
892 2483 118 71 esse
966 2483 162 71 falsum.
1069 2483 147 71 Vlterius

450 2531 147 70 patet:
553 2531 88 70 si
597 2531 117 70 quis
670 2531 161 70 adultus
788 2531 132 70 velit
876 2531 205 70 baptizari,
1037 2531 73 70 &
1067 2531 161 70 interim
1169 2531 59 70 in

454 2580 198 60 vesaniam
602 2580 99 60 ex
652 2580 182 60 mortali
784 2580 149 60 culpa
883 2580 165 60 cadat,
998 2580 149 60 debet
1081 2580 149 60 baptiza

444 2620 108 63 ri:
505 2620 108 63 sed
567 2620 139 63 parum
660 2620 93 63 ei
706 2620 216 63 baptismus.
876 2620 201 63 proderit:
1031 2620 124 63 quia
1108 2620 93 63 ab
1139 2620 93 63 ori-

445 2660 135 84 ginali
540 2660 95 84 non
594 2660 203 84 purgabitur.
757 2660 81 84 Ex
798 2660 108 84 liis
865 2660 122 84 patet
947 2660 108 84 quod
1014 2660 135 84 quando
1096 2660 135 84 praeapti

1283 253 157 78 zandus
1393 253 110 78 est
1456 253 94 78 in
1503 253 189 78 periculo
1645 253 173 78 mortis,
1770 253 204 78 baptizans
1912 253 157 78 quisquis

1283 314 196 63 praesens
1429 314 163 63 fuerit
1543 314 196 63 ocyssime
1690 314 163 63 formam
1804 314 147 63 debet
1886 314 179 63 pioserre.

1284 352 89 58 In
1329 352 134 58 super
1418 352 134 58 patet
1508 352 179 58 patrinos
1642 352 104 58 non
1701 352 119 58 esse
1776 352 89 58 de
1821 352 179 58 essentia
1940 352 119 58 bapti-

1284 408 124 48 smi:
1361 408 139 48 licet
1454 408 139 48 extra
1547 408 248 48 necessitatem
1748 408 170 48 peccent
1856 408 201 48 baptizantes

1288 449 115 58 sine
1360 449 115 58 eis:
1432 449 101 58 qui
1489 449 86 58 ad
1533 449 202 58 erudiendum
1691 449 173 58 paruulum
1821 449 86 58 in
1864 449 187 58 articulis
1994 449 72 58 fi-

1291 495 101 61 dei
1348 495 158 61 obnoxii
1463 495 115 61 sunt
1535 495 86 61 si
1579 495 173 61 parentes
1708 495 216 61 negligentes
1881 495 115 61 visi
1938 495 130 61 fuerit.

1281 553 350 90 Distinctionis
1569 553 226 90 Quartae
1734 553 226 90 Quaest.
1878 553 185 90 Tertia.

1608 637 262 99 Vaeritur
1804 637 218 99 tertio
1935 637 131 99 cir-

1608 724 111 56 sca
1672 724 127 56 hanc
1751 724 175 56 quartam
1862 724 191 56 distinctio

1607 768 132 56 inem.
1695 768 88 56 An
1739 768 132 56 omnes
1827 768 191 56 baptizati
1959 768 103 56 aequa

1567 812 155 70 liter
1670 812 207 70 effectum
1825 812 207 70 baptismi
1963 812 103 70 reci

1607 854 193 69 piant.
1742 854 212 69 Suppono
1876 854 193 69 vulgarem

1595 903 258 53 adistinctionem
1810 903 86 53 de
1853 903 172 53 triplici
1968 903 100 53 bapti

1544 943 170 66 isaequam
1671 943 113 66 smo,
1742 943 128 66 scils
1827 943 170 66 fluminis
1955 943 85 66 de
1983 943 71 66 quo

1290 989 228 52 frequentius
1472 989 107 52 hic
1533 989 183 52 loqumur.
1670 989 198 52 sanguinis
1822 989 152 52 quando
1929 989 122 52 quis
1990 989 76 52 pro

1302 1033 160 51 Christo
1419 1033 204 51 occiditur.
1579 1033 73 51 &
1609 1033 175 51 flaminis
1740 1033 146 51 quando
1842 1033 160 51 aliquis
1944 1033 131 51 iustif-

1292 1083 128 53 catur
1377 1083 71 53 a
1406 1083 114 53 deo.
1477 1083 100 53 vt.
1534 1083 200 53 Hieremias.
1691 1083 200 53 Hieremiae.
1848 1083 71 53 i
1877 1083 171 53 antequam
1991 1083 71 53 exi

1293 1129 105 50 res
1353 1129 90 50 de
1398 1129 134 50 vulua
1487 1129 209 50 sctificaui
1652 1129 105 50 te.
1711 1129 90 50 et
1756 1129 164 50 loannes
1876 1129 194 50 baptista:
2010 1129 60 50 vt

1308 1179 95 46 atet
1367 1179 119 46 Lucae.
1451 1179 83 46 ii.
1498 1179 83 46 vel
1546 1179 119 46 quando
1629 1179 131 46 aliquam
1724 1179 83 46 est
1771 1179 166 46 praeuenta,
1902 1179 71 46 ne
1937 1179 71 46 in
1961 1179 107 46 origina

1287 1214 90 46 le
1332 1214 179 46 incidat:
1466 1214 90 46 vt
1511 1214 224 46 Christifera
1690 1214 149 46 virgo.
1794 1214 104 46 vel
1854 1214 164 46 adultus
1973 1214 90 46 in
2003 1214 60 46 se

1290 1258 159 56 habens
1401 1258 143 56 bonum
1497 1258 159 56 motum,
1608 1258 159 56 volens
1719 1258 206 56 suscipere
1878 1258 127 56 illa
1957 1258 95 56 ad
1989 1258 79 56 qua

1282 1312 196 42 tenetur.
1429 1312 180 42 exempla
1559 1312 147 42 sunt.
1657 1312 212 42 Cornelius
1820 1312 212 42 Centurio:
1967 1312 98 42 eunu

1288 1346 120 49 chus
1363 1346 164 49 reginae
1482 1346 194 49 Candacis,
1632 1346 134 49 bonus
1721 1346 149 49 latro.
1826 1346 194 49 Triplicem
1960 1346 105 49 autem

1289 1388 144 52 statum
1389 1388 115 52 quis
1461 1388 144 52 habet,
1561 1388 172 52 scilicet
1691 1388 144 52 statum
1791 1388 101 52 quo
1849 1388 158 52 ratione
1949 1388 115 52 vtitur

1289 1434 78 52 &
1321 1434 125 52 tunc
1399 1434 157 52 potest
1508 1434 172 52 seipsum
1634 1434 157 52 iuuare
1743 1434 94 52 in
1790 1434 235 52 necessariis
1978 1434 94 52 ad
2009 1434 63 52 sa

1292 1484 159 47 lutem.
1403 1484 143 47 Alium
1498 1484 159 47 statum
1609 1484 143 47 habet
1704 1484 206 47 infantiae
1863 1484 143 47 extra
1942 1484 127 47 vterum

1288 1519 84 57 &
1322 1519 134 57 tunc
1405 1519 100 57 ab
1456 1519 218 57 hominibus
1623 1519 134 57 opem
1707 1519 201 57 accipere
1857 1519 184 57 potest.
1975 1519 100 57 Ter-

1292 1567 130 52 tium
1373 1567 163 52 statum
1487 1567 146 52 habet
1584 1567 98 52 in
1633 1567 146 52 vtero
1731 1567 195 52 secundum
1877 1567 98 52 se
1926 1567 81 52 &
1958 1567 146 52 quod-

1283 1613 144 54 libet
1379 1613 128 54 sui:
1459 1613 80 54 &
1491 1613 128 54 tunc
1571 1613 80 54 a
1603 1613 128 54 solo
1682 1613 112 54 deo
1746 1613 192 54 auxilium
1890 1613 160 54 capit,
1986 1613 80 54 nec

1280 1661 148 48 omnes
1378 1661 148 48 tales
1477 1661 197 48 baptizat
1625 1661 197 48 baptismo
1772 1661 214 48 flaminis:
1920 1661 148 48 aliquos

1283 1707 143 57 tamen
1378 1707 111 57 ita
1442 1707 207 57 baptizat:
1601 1707 95 57 vt
1649 1707 238 57 auctoritate
1840 1707 223 57 scripturae
1999 1707 79 57 no-

1283 1749 124 67 bis
1337 1749 178 67 constat.

1327 1829 159 82 His
1418 1829 318 82 praemissis
1668 1829 182 82 pono
1759 1829 318 82 conclusiones

1282 1888 174 75 quarum
1403 1888 156 75 Prima
1508 1888 139 75 est.
1595 1888 156 75 Omnes
1699 1888 226 75 baptizati
1855 1888 209 75 aequaliter

1283 1942 203 50 effectum
1436 1942 203 50 baptismi
1588 1942 119 50 quo
1656 1942 102 50 ad
1707 1942 254 50 characterem
1893 1942 170 50 suscipi-

1290 1985 118 45 unt:
1364 1985 133 45 licet
1453 1985 133 45 forte
1541 1985 192 45 character
1689 1985 103 45 sit
1748 1985 236 45 diuisibilis:
1939 1985 118 45 quia
1998 1985 74 45 non

1289 2025 105 65 est
1349 2025 210 65 verisimile
1514 2025 120 65 quod
1589 2025 120 65 vnus
1664 2025 195 65 suscipiat
1813 2025 225 65 intensiorem
1978 2025 90 65 quam

1283 2071 160 60 alter.
1427 2071 176 60 Secunda
1555 2071 224 60 conclusio,
1732 2071 144 60 licet
1828 2071 144 60 omnes
1908 2071 160 60 recipiat

1287 2113 241 65 aequaliter
1476 2113 206 65 effectum
1631 2113 206 65 baptismi
1786 2113 120 65 quo
1854 2113 103 65 ad
1889 2113 189 65 remissio-

1289 2164 118 52 nem
1356 2164 168 52 culpae
1474 2164 252 52 originalis:
1676 2164 118 52 non
1743 2164 151 52 tamen
1844 2164 118 52 quo
1912 2164 101 52 ad
1945 2164 118 52 remis

1282 2209 159 48 sionem
1394 2209 159 48 poenae
1505 2209 191 48 peccatis
1648 2209 175 48 debitae
1776 2209 96 48 in
1823 2209 191 48 adultis.
1951 2209 127 48 Primum

1289 2253 160 64 patet:
1401 2253 128 64 quia
1481 2253 128 64 illa
1561 2253 112 64 est
1625 2253 192 64 aequalis
1768 2253 96 64 in
1816 2253 192 64 omnibus.
1944 2253 128 64 Secun-

1292 2293 96 61 da
1340 2293 129 61 pars
1420 2293 145 61 patet
1517 2293 112 61 per
1581 2293 145 61 locum
1677 2293 80 61 a
1710 2293 209 61 contrario
1870 2293 161 61 sensu.
1967 2293 112 61 Maio-

1288 2340 148 54 ribus
1386 2340 132 54 enim
1468 2340 164 54 culpis
1584 2340 148 54 maior
1682 2340 181 54 debetur
1814 2340 164 54 poena:
1929 2340 132 54 modo
1995 2340 82 54 il-

1292 2384 118 54 las
1359 2384 151 54 omnes
1460 2384 101 54 ex
1511 2384 236 54 quaestione
1696 2384 252 54 praecedenti
1881 2384 185 54 baptismus

1282 2433 175 55 eluit.
1440 2433 175 55 Tertia
1563 2433 246 55 conclusio.
1756 2433 123 55 Non
1826 2433 158 55 omnes
1914 2433 158 55 baptiza

1288 2469 100 70 ti
1338 2469 216 70 recipiunt
1504 2469 199 70 aequalem
1654 2469 199 70 effectum
1803 2469 116 70 quo
1870 2469 100 70 ad
1903 2469 166 70 gratiam.

1298 2515 163 56 patet,
1412 2515 163 56 aliqui
1525 2515 163 56 adulti
1639 2515 228 56 inaequales
1818 2515 228 56 deuotiones
1997 2515 114 56 ha-

1281 2559 156 70 bent:
1385 2559 87 70 &
1419 2559 243 70 inaequalia
1610 2559 173 70 merita
1731 2559 139 70 ante
1818 2559 225 70 baptismum
1974 2559 104 70 fiu-

1286 2608 172 55 minis:
1406 2608 207 55 baptismo
1561 2608 207 55 fsaminis
1717 2608 241 55 baptizati.
1889 2608 155 55 igitur.

1322 2644 180 89 Quarta
1448 2644 252 89 conclusio.
1646 2644 162 89 Omnes
1754 2644 234 89 baptizati
1934 2644 180 89 aequa-
