2322 3318
192 379 93 57 in
239 379 202 57 conspectu
394 379 140 57 omnis
487 379 155 57 populi
596 379 140 57 eius.
689 379 93 57 Et
735 379 93 57 in
782 379 124 57 cap.
844 379 124 57 Licet.

177 430 84 50 de
219 430 126 50 voto.
303 430 155 50 dicitur
416 430 112 50 sic.
486 430 126 50 Licet
570 430 183 50 vniuersis
711 430 155 50 liberum
823 430 98 50 sit
866 430 98 50 arbi-

183 471 154 56 trium
285 471 102 56 in
337 471 205 56 vouendo:
490 471 222 56 vsqueadeo
661 471 154 56 tamen
763 471 188 56 solutio
883 471 85 56 ne-

193 516 163 60 cessaria
316 516 95 60 est
370 516 109 60 post
438 516 136 60 votum:
533 516 81 60 vt
573 516 109 60 sine
641 516 163 60 propriae
763 516 149 60 salutis
858 516 109 60 dispen

192 564 91 59 dio
244 564 130 59 alicui
335 564 91 59 non
387 564 130 59 liceat
465 564 143 59 resilire.

181 610 112 89 ⁋
225 610 225 89 Contra
383 610 180 89 hanc
495 610 360 89 conclusionem
765 610 202 89 argumen

183 691 117 58 tor.
256 691 87 58 si
300 691 146 58 voueat
402 691 146 58 Sortes
504 691 117 58 dare
577 691 117 58 vnam
650 691 175 58 mensuram
781 691 146 58 alicui
868 691 102 58 reli-

179 736 180 55 giosorum
314 736 211 55 conventui:
480 736 90 55 de
525 736 135 55 nulla
615 736 226 55 determinata
796 736 211 55 intendens:

183 774 153 56 Sortes
290 774 107 56 non
351 774 169 56 tenetur
474 774 199 56 adimplere
628 774 153 56 votum.
735 774 123 56 ergo
796 774 169 56 conclusio

189 829 151 49 falsa.
295 829 212 49 Antecedens
461 829 151 49 patet:
567 829 121 49 quia
643 829 151 49 nullam
749 829 182 49 mensuram
870 829 91 49 dart

174 871 187 46 tenetur.
315 871 250 46 Respondetur,
518 871 125 46 siue
596 871 218 46 intendebat
767 871 125 46 dare
830 871 140 46 determi

186 912 131 53 natam
274 912 175 53 mensuram
405 912 117 53 siue
478 912 117 53 non,
551 912 102 53 non
609 912 102 53 est
668 912 175 53 quaestio
799 912 88 53 in
828 912 146 53 argumen-

189 971 109 44 to:
252 971 109 44 sed
314 971 218 44 argumentum
485 971 140 44 ponit
578 971 140 44 omnia
672 971 124 44 quae
734 971 233 44 difficultatem

188 1013 225 49 promouent.
365 1013 97 49 Et
413 1013 129 49 dico
494 1013 129 49 quod
574 1013 177 49 oportet
703 1013 209 49 respicere
847 1013 129 49 commu-

186 1051 186 49 nitatem
321 1051 118 49 cui
389 1051 203 49 vouebat:
541 1051 85 49 &
575 1051 135 49 opes
660 1051 220 49 vouentis:
829 1051 85 49 &
846 1051 118 49 secun

176 1091 120 61 dum
244 1091 206 61 iudicium
399 1091 223 61 prudentum
570 1091 223 61 adimpleat
742 1091 172 61 votum.
862 1091 86 61 ⁋
879 1091 86 61 Se-

176 1143 143 54 cundo
271 1143 206 54 arguitur.
430 1143 222 54 proponendo
604 1143 127 54 quod
683 1143 158 54 Sortes
794 1143 143 54 vouet
873 1143 95 54 pro-

177 1179 148 55 fiteri
281 1179 208 55 religionem
444 1179 89 55 si
489 1179 133 55 Plato
578 1179 148 55 voueat
681 1179 178 55 idipsum,
815 1179 74 55 &
844 1179 104 55 non
889 1179 74 55 ali

186 1225 107 55 ter:
253 1225 67 55 &
280 1225 94 55 non
333 1225 121 55 velit
414 1225 188 55 religionem
561 1225 174 55 profiteri
696 1225 67 55 /
722 1225 107 55 nisi
790 1225 121 55 Plato
857 1225 107 55 profi-

187 1276 160 47 teatur,
304 1276 116 47 quia
377 1276 116 47 eius
449 1276 189 47 societate
595 1276 204 47 spirituali
755 1276 160 47 gaudet.
857 1276 116 47 Contra

180 1320 141 55 plato
274 1320 156 55 videns
383 1320 156 55 sortem
493 1320 141 55 malum
586 1320 141 55 vouet
680 1320 94 55 se
727 1320 219 55 religionem
883 1320 78 55 pro

191 1357 166 56 fessurum
315 1357 69 56 /
343 1357 83 56 si
384 1357 138 56 sortes
481 1357 97 56 non
536 1357 221 56 profiteatur:
716 1357 69 56 &
743 1357 83 56 si
785 1357 138 56 sortes
867 1357 97 56 profi

194 1406 155 47 teatur,
306 1406 112 47 ipse
377 1406 98 47 non
433 1406 239 47 profitebitur.
630 1406 112 47 lsto
700 1406 112 47 casu
770 1406 141 47 stante
855 1406 112 47 neuter

186 1450 159 48 istorum
301 1450 159 48 tenetur
417 1450 188 48 profiteri
562 1450 217 48 religionem.
735 1450 72 48 &
764 1450 130 48 tamen
837 1450 130 48 vterque

191 1494 152 54 istorum
302 1494 138 54 vouet.
398 1494 152 54 igitur.
508 1494 124 54 Maior
591 1494 138 54 patet:
688 1494 110 54 quia
756 1494 83 54 si
798 1494 138 54 sortes
881 1494 97 54 profi

185 1537 145 50 teatur
286 1537 217 50 religionem,
459 1537 130 50 plato
546 1537 101 50 non
604 1537 231 50 profitebitur
792 1537 87 50 ex
835 1537 116 50 casu
893 1537 72 50 pla

190 1585 146 53 tonis.
292 1585 87 53 Et
336 1585 87 53 si
380 1585 131 53 plato
467 1585 102 53 non
525 1585 233 53 profiteatur:
715 1585 102 53 nec
773 1585 146 53 sortes
860 1585 117 53 tenebi

182 1627 108 52 tur
243 1627 93 52 ex
290 1627 124 52 casu
367 1627 170 52 sortis:
491 1627 124 52 ergo
569 1627 155 52 neuter
677 1627 170 52 tenetur
785 1627 186 52 religionem

187 1675 198 53 profiteri.
342 1675 127 53 Minor
427 1675 141 53 patet:
526 1675 113 53 quia
596 1675 155 53 vterque
709 1675 268 53 conditionaliter
921 1675 56 53 vo

191 1722 125 44 uet:
270 1722 125 44 ergo
348 1722 109 44 est
410 1722 203 44 obligatus
567 1722 172 44 seruare
692 1722 125 44 suum
770 1722 156 44 votum.
879 1722 78 44 ⁋
895 1722 78 44 Re-

187 1763 204 54 spondebo
340 1763 102 54 ad
391 1763 238 54 argumentum
578 1763 153 54 primo
679 1763 119 54 quo
747 1763 102 54 ad
798 1763 187 54 logicam
917 1763 51 54 &

199 1806 134 47 vicum
289 1806 209 47 straminis.
453 1806 164 47 secundo
573 1806 120 47 quid
647 1806 209 47 theologice
812 1806 75 47 &
841 1806 90 47 in
871 1806 90 47 mate

182 1856 111 45 ria
246 1856 254 45 conscientiae
452 1856 95 45 ad
500 1856 143 45 casum
595 1856 127 45 hunc
675 1856 79 45 &
707 1856 95 45 ad
754 1856 175 45 similes
866 1856 111 45 dicen

194 1891 96 53 dum
249 1891 109 53 sit.
317 1891 109 53 (si)
386 1891 82 53 no
427 1891 150 53 capitur
536 1891 164 53 illatiue
659 1891 82 53 in
700 1891 192 53 proposito:
851 1891 96 53 sed
892 1891 82 53 pro-

179 1939 167 44 missiue
301 1939 76 44 /
331 1939 152 44 votiue
437 1939 76 44 /
468 1939 107 44 vel
529 1939 198 44 iuratiue.
681 1939 91 44 ad
727 1939 198 44 veritatem
863 1939 107 44 autem

178 1982 245 53 propositionum
379 1982 86 53 in
423 1982 144 53 quibus
523 1982 101 53 sic
581 1982 187 53 accipitur
725 1982 72 53 /
754 1982 101 53 non
797 1982 173 53 requiritur

189 2030 177 50 bonitas
318 2030 290 50 consequentiae:
559 2030 129 50 immo
640 2030 97 50 no
688 2030 113 50 est
737 2030 225 50 consequentia

191 2073 116 53 nam
258 2073 132 53 idem
340 2073 231 53 requiritur
522 2073 99 53 ad
571 2073 215 53 bonitatem
720 2073 248 53 consequentiae

191 2115 75 53 &
221 2115 194 53 veritatem
370 2115 254 53 propositionis
580 2115 254 53 conditionalis
789 2115 90 53 in
834 2115 105 53 qua
878 2115 90 53 con-

179 2165 155 56 iunctio
292 2165 170 56 illatiue
419 2165 170 56 sumitur:
546 2165 184 56 videlicet
687 2165 113 56 quod
758 2165 99 56 non
815 2165 141 56 possit
899 2165 71 56 ita

183 2203 118 48 esse
257 2203 133 48 sicut
345 2203 236 48 significatur
537 2203 103 48 per
596 2203 221 48 antecedens,
773 2203 118 48 quin
846 2203 103 48 ita
890 2203 74 48 fue

180 2251 103 48 rit
239 2251 133 48 sicut
328 2251 236 48 significatur
520 2251 103 48 per
579 2251 221 48 consequens.
756 2251 118 48 ergo
815 2251 148 48 capiende

175 2295 114 50 isp)
246 2295 171 50 illatiue
374 2295 86 50 in
417 2295 171 50 praefato
545 2295 114 50 casu
617 2295 242 50 conditionales
816 2295 128 50 illae
887 2295 86 50 sunt

182 2335 264 61 propositiones
400 2335 249 61 impossibiles
602 2335 78 61 &
633 2335 109 61 non
695 2335 249 61 admittendae.
897 2335 109 61 Sed

175 2395 166 44 capimus
296 2395 75 44 (
326 2395 106 44 si)
386 2395 226 44 promissiue:
567 2395 75 44 &
597 2395 90 44 ad
642 2395 196 44 veritatem
778 2395 196 44 propositio-

181 2422 96 54 nis
236 2422 82 54 in
277 2422 96 54 qua
332 2422 96 54 sic
386 2422 191 54 accipitur,
537 2422 96 54 sat
591 2422 109 54 est:
660 2422 82 54 si
701 2422 150 54 ponatur
810 2422 96 54 ita
865 2422 109 54 esse
919 2422 55 54 si

181 2475 97 50 cut
237 2475 223 50 significatur
418 2475 97 50 per
473 2475 209 50 antecedens,
640 2475 111 50 quod
710 2475 97 50 ita
765 2475 111 50 erit
835 2475 125 50 sicut
904 2475 70 50 si-

176 2517 224 55 gnificatur
352 2517 112 55 per
416 2517 240 55 consequens:
609 2517 128 55 siue
689 2517 128 55 vnum
769 2517 192 55 extremum
897 2517 64 55 po

184 2561 127 57 natur
269 2561 71 57 /
297 2561 113 57 siue
367 2561 113 57 non.
438 2561 85 57 vt
480 2561 85 57 ad
523 2561 183 57 veritatem
664 2561 141 57 huius:
762 2561 85 57 si
805 2561 155 57 veneris
918 2561 85 57 ad

181 2607 89 46 me
226 2607 119 46 dabo
300 2607 119 46 tibi
375 2607 149 46 equum,
479 2607 179 46 sufficit
613 2607 119 46 quod
688 2607 89 46 si
733 2607 89 46 ad
777 2607 89 46 me
822 2607 164 46 veneris
926 2607 45 46 /

177 2652 125 52 dono
256 2652 141 52 equum
350 2652 78 52 a
381 2652 94 52 me
428 2652 204 52 accipies.
585 2652 110 52 nam
648 2652 94 52 si
695 2652 172 52 veneris
820 2652 78 52 /
852 2652 78 52 &
867 2652 110 52 equum

174 2697 227 51 abduxeris:
352 2697 113 51 iam
417 2697 276 51 conditionalis
644 2697 227 51 promissiua
822 2697 113 51 est
871 2697 97 51 adim

175 2742 141 57 pleta.
274 2742 85 57 si
316 2742 99 57 non
373 2742 170 57 veneris:
500 2742 99 57 sed
557 2742 85 57 si
599 2742 170 57 venisses
727 2742 127 57 equum
797 2742 170 57 habuisses:

184 2783 123 71 adhuc
266 2783 110 71 illa
335 2783 233 71 conditionalis
527 2783 192 71 promissiua
677 2783 96 71 est
732 2783 123 71 vera.
814 2783 68 71 &
842 2783 110 71 quia
897 2783 68 71 non

1047 365 138 63 ponit
1139 365 92 63 ad
1184 365 122 63 suam
1261 365 199 63 veritatem
1414 365 214 63 antecedens
1582 365 107 63 vel
1628 365 199 63 consequens:

1030 423 123 57 sicut
1112 423 96 57 nec
1167 423 232 57 conditionalis
1358 423 177 57 illatiua,
1494 423 232 57 conditionalis
1672 423 150 57 promissi-

1034 470 79 53 ua
1073 470 66 53 /
1099 470 223 53 conditionalis
1283 470 170 53 illatiuae
1414 470 118 53 simia
1492 470 105 53 dici
1558 470 144 53 potest.
1663 470 118 53 Fodem
1741 470 105 53 modo

1043 511 147 53 dicatur
1149 511 107 53 quod
1216 511 80 53 ad
1256 511 173 53 veritatem
1389 511 133 53 huius,
1483 511 107 53 viri
1549 511 133 53 Ceilae
1629 511 187 53 tradidisseni

1045 556 149 53 Dauid
1145 556 83 53 &
1178 556 133 53 suos
1261 556 100 53 in
1311 556 149 53 manus
1410 556 149 53 Sauli
1510 556 100 53 si
1560 556 149 53 Dauid
1643 556 182 53 mansisset

1033 604 89 42 in
1078 604 192 42 ciuitate:
1225 604 103 42 non
1284 604 207 42 requiritur
1447 604 163 42 bonitas
1565 604 266 42 consequentiae:
1772 604 59 42 vt

1037 647 172 50 Nicolaus
1166 647 86 50 in
1209 647 158 50 littera
1324 647 72 50 &
1352 647 144 50 Doring
1453 647 86 50 in
1496 647 158 50 replica
1611 647 158 50 putant.
1726 647 86 50 de
1754 647 72 50 quo

1035 692 86 54 i.
1078 692 144 54 Regum.
1178 692 144 54 xxiii.
1279 692 187 54 Burgensis
1423 692 115 54 vero
1494 692 86 54 in
1538 692 187 54 additione
1667 692 158 54 dissutius

1035 737 163 57 procedit.
1160 737 88 57 Pro
1210 737 100 57 illa
1272 737 138 57 littera
1372 737 88 57 vno
1422 737 113 57 verbo
1497 737 138 57 dicatur
1597 737 163 57 sufficere
1722 737 100 57 quod
1772 737 50 57 si

1032 781 131 50 Dauid
1120 781 190 50 mansisset
1266 781 88 50 in
1310 781 175 50 ciuitate
1441 781 73 50 /
1470 781 117 50 viri
1543 781 146 50 Ceilae
1631 781 204 50 tradidissent

1036 828 102 52 eum
1095 828 87 52 in
1138 828 131 52 manus
1226 828 131 52 Saul,
1313 828 102 52 nec
1371 828 131 52 illic
1459 828 102 52 est
1517 828 233 52 consequentia
1706 828 146 52 aliqua

1033 868 120 49 sed
1101 868 137 49 deus
1187 868 154 49 nouit
1290 868 257 49 intentionem
1495 868 171 49 ciuium
1615 868 188 49 Ceilae,
1752 868 86 49 &
1769 868 69 49 im

1040 918 211 54 pedimenta
1202 918 243 54 possibilia:
1396 918 113 54 non
1461 918 146 54 autem
1558 918 162 54 Dauid.
1656 918 178 54 propterea

1031 961 236 48 consulendo
1216 961 185 48 dominum
1351 961 185 48 sciebat
1486 961 152 48 illam
1570 961 253 48 conditionalem

1030 1001 267 54 interrogatiuam
1253 1001 119 54 esse
1327 1001 148 54 veram.
1431 1001 148 54 Aliqua
1535 1001 119 54 enim
1609 1001 104 54 est
1654 1001 178 54 conditiona

1034 1047 99 46 lis
1090 1047 211 46 promissiua:
1259 1047 141 46 aliqua
1358 1047 155 46 votiua:
1471 1047 141 46 aliqua
1569 1047 183 46 iuratiua:
1710 1047 141 46 aliqua

1035 1091 255 49 interrogatiua
1245 1091 75 49 &
1275 1091 225 49 consultiua:
1456 1091 90 49 vt
1501 1091 90 49 in
1546 1091 210 49 proposito.
1711 1091 90 49 Et
1741 1091 75 49 non

1040 1136 174 47 differunt
1173 1136 107 47 nisi
1240 1136 120 47 sicut
1321 1136 174 47 promissio
1455 1136 67 47 /
1481 1136 120 47 votum
1562 1136 67 47 /
1588 1136 187 47 iuramentum
1722 1136 94 47 circa

1035 1178 150 48 eandem
1140 1178 195 48 materiam.
1290 1178 75 48 ⁋
1320 1178 105 48 Hoc
1380 1178 195 48 praemisso
1529 1178 120 48 dico
1604 1178 120 48 quod
1679 1178 135 48 votum
1754 1178 75 48 sor

1037 1229 98 49 tis
1093 1229 98 49 non
1149 1229 125 49 tenet
1232 1229 111 49 nisi
1302 1229 153 49 extante
1413 1229 209 49 conditione:
1580 1229 111 49 quia
1650 1229 98 49 non
1692 1229 139 49 intendit

1045 1270 91 48 se
1090 1270 182 48 obligare
1227 1270 91 48 ad
1272 1270 212 48 religionis
1438 1270 242 48 professionem
1635 1270 76 48 /
1665 1270 121 48 nisi
1726 1270 106 48 plato

1047 1315 194 57 pfiteatur.
1200 1315 69 57 &
1228 1315 97 57 sic
1283 1315 125 57 casus
1367 1315 111 57 eius
1436 1315 139 57 potest
1533 1315 167 57 bifariam
1644 1315 181 57 verificari.

1041 1367 105 48 vno
1101 1367 120 48 modo
1176 1367 90 48 si
1221 1367 120 48 ambo
1296 1367 210 48 religionem
1460 1367 255 48 profiteantur.
1670 1367 120 48 alio
1730 1367 90 48 modo

1036 1404 86 46 si
1079 1404 143 46 neuter
1179 1404 229 46 profiteatur.
1365 1404 71 46 &
1393 1404 186 46 vtriusque
1536 1404 114 46 modi
1608 1404 214 46 verificatio
1765 1404 57 46 ca

1041 1447 102 51 sui
1100 1447 175 51 platonis
1231 1447 190 51 repugnat.
1377 1447 131 51 quare
1464 1447 131 51 inter
1552 1447 131 51 casus
1639 1447 102 51 est
1683 1447 146 51 incompos

1036 1491 185 52 sibilitas
1178 1491 71 52 /
1207 1491 114 52 siue
1278 1491 128 52 simul
1363 1491 157 52 voueant
1477 1491 71 52 /
1506 1491 114 52 siue
1577 1491 214 52 successiue.
1734 1491 85 52 modo

1035 1532 96 49 ad
1083 1532 239 49 impossibile
1274 1532 128 49 nemo
1354 1532 223 49 obligatur.
1530 1532 160 49 Sortes
1641 1532 160 49 namque
1737 1532 80 49 non

1039 1580 207 51 intendebat
1202 1580 89 51 se
1246 1580 177 51 obligare
1379 1580 89 51 ad
1424 1580 207 51 religionem
1586 1580 118 51 nisi
1660 1580 74 51 &
1690 1580 133 51 plato
1764 1580 59 51 se

1035 1631 208 51 obligaret:
1199 1631 74 51 &
1228 1631 104 51 cum
1288 1631 134 51 plato
1377 1631 104 51 non
1437 1631 149 51 possit
1541 1631 104 51 hoc
1600 1631 134 51 simul
1674 1631 149 51 implere:

1034 1666 142 51 sortes
1133 1666 100 51 est
1190 1666 142 51 liber:
1290 1666 85 51 ac
1333 1666 85 51 si
1376 1666 128 51 nihil
1461 1666 142 51 vnquam
1561 1666 185 51 vouisset.
1703 1666 71 51 &
1717 1666 100 51 eodem

1033 1717 119 46 modo
1108 1717 134 46 plato
1197 1717 104 46 est
1257 1717 149 46 liber.
1361 1717 75 46 &
1391 1717 149 46 neuter
1495 1717 164 46 tenetur
1614 1717 194 46 profiteri
1748 1717 75 46 re-

1042 1756 145 52 lionem
1144 1756 87 52 vi
1188 1756 145 52 istius
1289 1756 131 52 voti.
1376 1756 131 52 Illud
1463 1756 131 52 autem
1550 1756 203 52 argumentum
1695 1756 131 52 iuniori

1042 1802 96 52 bus
1097 1802 68 52 &
1124 1802 96 52 his
1179 1802 96 52 qui
1233 1802 123 52 artes
1315 1802 150 52 callent
1424 1802 68 52 /
1452 1802 177 52 relinquo,
1588 1802 96 52 nec
1643 1802 109 52 enim
1697 1802 123 52 materia

1030 1854 98 46 est
1086 1854 195 46 producenda
1239 1854 70 46 /
1267 1854 98 46 sed
1323 1854 112 46 suis
1393 1854 181 46 limitibus
1532 1854 209 46 continenda,
1699 1854 84 46 ne
1727 1854 84 46 theo

1032 1889 150 52 logiae
1137 1889 150 52 ignari
1243 1889 150 52 muscas
1348 1889 226 52 sophisticas
1528 1889 211 52 quaerentes
1679 1889 135 52 longius

1051 1934 204 50 hilacteria
1212 1934 189 50 dilatent:
1357 1934 131 50 alios
1445 1934 102 50 sub
1503 1934 131 50 vmbra
1590 1934 116 50 boni
1648 1934 175 50 fallentes.

1039 1983 143 48 decuit
1139 1983 129 48 tamen
1225 1983 157 48 aliquid
1339 1983 157 48 dicere:
1453 1983 114 48 quia
1525 1983 186 48 quandoque
1668 1983 129 48 docti
1739 1983 86 48 viri

1041 2020 93 60 non
1094 2020 133 60 logici
1187 2020 66 60 /
1213 2020 80 60 se
1253 2020 133 60 temere
1346 2020 159 60 fatigant
1465 2020 119 60 etiam
1545 2020 80 60 in
1584 2020 186 60 altioribus
1717 2020 106 60 disci-

1032 2071 164 56 plinis.
1151 2071 75 56 ⁋
1181 2071 149 56 Tertio
1286 2071 194 56 arguitur.
1435 2071 134 56 votum
1525 2071 104 56 est
1584 2071 224 56 commutabile
1763 2071 90 56 in

1032 2122 152 48 aliud.
1138 2122 91 48 vt
1184 2122 137 48 patet
1275 2122 91 48 de
1321 2122 122 48 voto
1397 2122 76 48 &
1427 2122 122 48 voti
1503 2122 167 48 redemp.
1625 2122 107 48 per
1686 2122 152 48 totum,
1777 2122 46 48 &

1036 2156 203 60 potissimum
1195 2156 87 60 in
1238 2156 116 60 cap.
1310 2156 159 60 Magnae.
1426 2156 87 60 S.
1470 2156 101 60 Cum
1528 2156 159 60 igitur.
1643 2156 72 60 &
1672 2156 87 60 id
1701 2156 116 60 quoti-

1032 2209 105 50 die
1092 2209 180 50 videmus.
1227 2209 120 50 ergo
1303 2209 105 50 non
1363 2209 120 50 omne
1438 2209 135 50 votum
1528 2209 165 50 obligat
1649 2209 90 50 ad
1694 2209 105 50 sui
1739 2209 75 50 ob-

1034 2248 239 47 seruantiam.
1225 2248 175 47 Concedo
1352 2248 239 47 antecedens:
1543 2248 80 47 &
1575 2248 207 47 distinguo
1719 2248 96 47 con-

1030 2294 191 46 sequens.
1174 2294 112 46 vel
1237 2294 112 46 quo
1301 2294 96 46 ad
1349 2294 128 46 eius
1429 2294 255 46 obseruantiam
1636 2294 96 46 in
1668 2294 143 46 propria

1034 2338 145 45 forma:
1135 2338 72 45 &
1164 2338 101 45 sic
1222 2338 101 45 non
1280 2338 174 45 oportet:
1410 2338 101 45 sed
1468 2338 174 45 sufficit
1598 2338 87 45 in
1641 2338 159 45 meliore
1743 2338 72 45 il-

1031 2381 100 54 lud
1088 2381 187 54 adimplere
1232 2381 72 54 /
1260 2381 100 54 vel
1318 2381 86 54 in
1361 2381 172 54 aequali,
1490 2381 72 54 &
1519 2381 86 54 in
1562 2381 115 54 casu
1633 2381 172 54 ancipiti
1748 2381 72 54 cum

1037 2426 178 49 consilio
1170 2426 222 49 superioris.
1348 2426 192 49 quodlibet
1496 2426 118 49 enim
1570 2426 133 49 aliud
1659 2426 133 49 votum
1733 2426 74 49 est

1030 2468 100 55 in
1080 2468 151 55 votum
1181 2468 234 55 religionis
1365 2468 251 55 commutabile
1566 2468 117 55 per
1633 2468 151 55 legem
1717 2468 100 55 scri

1038 2520 116 53 ptam
1111 2520 73 53 &
1140 2520 189 53 communem.
1286 2520 87 53 vt
1330 2520 131 53 patet
1417 2520 102 53 per
1475 2520 116 53 cap.
1548 2520 218 53 Scripturae.
1723 2520 87 53 de
1752 2520 58 53 vo

1035 2563 92 47 to
1081 2563 77 47 &
1112 2563 123 47 voti
1188 2563 169 47 redemp.
1311 2563 92 47 in
1358 2563 108 47 quo
1419 2563 185 47 dicitur.
1558 2563 123 47 Reus
1634 2563 154 47 fracti
1727 2563 92 47 voti

1032 2605 241 47 aliquatenus
1225 2605 113 47 non
1289 2605 193 47 habctur:
1434 2605 113 47 qui
1498 2605 209 47 temporale
1643 2605 177 47 obsequium

1035 2652 92 48 in
1081 2652 200 48 perpetuam
1235 2652 185 48 noscitur
1373 2652 216 48 religionis
1543 2652 246 48 obseruantiam
1728 2652 92 48 con-

1039 2693 196 49 mutare.
1182 2693 160 49 Sicut
1289 2693 107 49 si
1342 2693 178 49 voueam
1467 2693 107 49 me
1520 2693 196 49 daturum
1645 2693 178 49 duodenum

1031 2737 99 55 in
1080 2737 132 55 vsus
1162 2737 214 55 pauperum,
1327 2737 148 55 dando
1426 2737 165 55 scutum
1541 2737 115 55 non
1607 2737 198 55 adimpleo
1739 2737 66 55 in

1028 2788 146 53 forma
1125 2788 129 53 quod
1206 2788 146 53 voui:
1303 2788 113 53 sed
1367 2788 146 53 tamen
1464 2788 97 53 in
1513 2788 194 53 meliore.
1658 2788 113 53 sic
1707 2788 113 53 votum
