2425 3328
531 362 217 75 religionis
701 362 186 75 quolibet
840 362 170 75 aliorum
964 362 170 75 votorum
1088 362 108 75 est
1150 362 170 75 melius.
1258 362 93 75 Mul-

547 414 88 69 ta
591 414 146 69 quoque
694 414 88 69 in
738 414 190 69 canonibus
884 414 176 69 dicuntur
1016 414 88 69 de
1060 414 117 69 voto
1133 414 146 69 terrae
1221 414 132 69 sanctae

552 467 127 55 quae
631 467 127 55 nunc
711 467 111 55 non
774 467 127 55 sunt
853 467 159 55 maxime
965 467 206 55 seruanda.
1123 467 127 55 tunc
1202 467 127 55 enim
1266 467 95 55 erat

553 510 124 49 ipes
630 510 170 49 militum
754 510 155 49 terram
862 510 170 49 sanctam
986 510 217 49 recuperare
1157 510 108 49 vel
1219 510 139 49 tueri
1296 510 62 49 po

548 554 157 57 tentium
662 554 72 57 /
691 554 100 57 cum
748 554 200 57 Christiani
905 554 143 57 aliqui
1005 554 143 57 essent
1106 554 129 57 illic
1191 554 86 57 ad
1220 554 143 57 resisten

559 596 135 60 dum.
643 596 118 60 Sed
711 596 236 60 Ptolemaide
897 596 169 60 ablata
1015 596 118 60 vir
1082 596 202 60 priuatus
1234 596 101 60 ad
1268 596 84 60 hoc

554 643 145 50 parum
650 643 161 50 potest
763 643 209 50 conferre,
923 643 145 50 quare
1020 643 96 50 si
1068 643 161 50 gratia
1164 643 193 50 deuotionis

559 692 149 54 terram
663 692 164 54 sanctam
783 692 149 54 petere
887 692 179 54 vouerit:
1021 692 149 54 potest
1126 692 134 54 votum
1215 692 134 54 illud
1289 692 75 54 con

547 728 168 65 mutari.
669 728 92 65 In
715 728 122 65 voto
792 728 138 65 autem
883 728 291 65 peregrinationis
1128 728 153 65 terrae
1220 728 138 65 sanctae

555 775 149 60 solus
654 775 132 60 papa
736 775 231 60 dispensat.
918 775 116 60 ca.
984 775 182 60 Magnae.
1116 775 99 60 de
1165 775 132 60 voto
1248 775 83 60 &
1264 775 99 60 voti

551 821 190 57 redemp.
689 821 138 57 ldem
775 821 207 57 seruatur
930 821 103 57 de
982 821 138 57 voto
1068 821 224 57 visitandi
1223 821 138 57 limina

549 868 247 51 apostolorum
746 868 148 51 Petri
845 868 82 51 &
878 868 148 51 Pauli
977 868 99 51 in
1026 868 148 51 vrbe:
1125 868 82 51 &
1158 868 132 51 voto
1224 868 132 51 sancti

561 905 153 67 Iacobi,
673 905 125 67 licet
756 905 84 67 in
798 905 125 67 nullo
881 905 111 67 iure
951 905 153 67 scripto
1063 905 209 67 inueniatur.
1230 905 84 67 In
1258 905 98 67 aliis

548 954 151 58 eutem
649 954 151 58 votis
749 954 201 58 episcopi
900 954 235 58 dispensant
1085 954 117 58 quo
1152 954 101 58 ad
1202 954 134 58 suos
1269 954 101 58 sub-

555 998 163 63 ditos:
669 998 81 63 &
701 998 179 63 abbates
831 998 81 63 &
864 998 179 63 priores
994 998 114 63 quo
1059 998 98 63 ad
1108 998 130 63 suos
1173 998 195 63 religiosos

551 1044 156 62 semper
661 1044 249 62 intelligendo
863 1044 125 62 quod
941 1044 109 62 sit
1003 1044 187 62 legitima
1144 1044 140 62 causa
1222 1044 140 62 dispen-

562 1085 150 62 sandi.
667 1085 180 62 alioquin
803 1085 105 62 non
863 1085 120 62 erit
938 1085 135 62 tutus
1028 1085 90 62 in
1073 1085 226 62 conscientia
1254 1085 90 62 is
1284 1085 75 62 cum

561 1130 115 59 quo
626 1130 165 59 fuerit
742 1130 263 59 dispensatum.
956 1130 82 59 â‹
989 1130 165 59 Quarto
1104 1130 214 59 arguitur.
1252 1130 99 59 homo

555 1170 149 58 licite
659 1170 119 58 vult
734 1170 89 58 se
779 1170 104 58 non
838 1170 179 58 vouisse,
972 1170 119 58 ergo
1047 1170 104 58 non
1107 1170 194 58 obligatur
1241 1170 119 58 serua-

568 1223 93 52 re
614 1223 124 52 suum
691 1223 154 52 votum.
799 1223 216 52 antecedens
969 1223 154 52 patet:
1077 1223 124 52 quia
1154 1223 170 52 licitum
1262 1223 93 52 erat

557 1267 86 59 a
591 1267 224 59 principio
763 1267 120 59 non
832 1267 206 59 vouisse:
987 1267 138 59 ergo
1073 1267 155 59 adhuc
1176 1267 138 59 post
1245 1267 120 59 votum

586 1314 155 50 potest
694 1314 170 50 eijcere
818 1314 139 50 talem
910 1314 155 50 actum,
1019 1314 155 50 vellem
1127 1314 93 50 me
1173 1314 108 50 non
1220 1314 139 50 vouisse

573 1357 174 55 vnquam:
700 1357 111 55 vel
763 1357 95 55 si
810 1357 111 55 non
873 1357 190 55 vouissem
1015 1357 111 55 non
1079 1357 190 55 vouerem.
1221 1357 79 55 â‹
1237 1357 126 55 Respon

572 1394 154 56 detur
674 1394 239 56 concedendo
862 1394 256 56 antecedens.
1067 1394 119 56 nam
1135 1394 119 56 qui
1203 1394 154 56 vouit
1289 1394 68 56 po

572 1444 111 56 test
642 1444 181 56 trifariam
781 1444 84 56 se
823 1444 139 56 habere
920 1444 167 56 respectu
1046 1444 111 56 voti
1115 1444 195 56 praeteriti
1255 1444 97 56 emis-

566 1482 118 56 si.
633 1482 118 56 Vno
701 1482 135 56 modo
785 1482 151 56 votum
886 1482 252 56 praeteritum
1088 1482 252 56 approbando.
1273 1482 84 56 Se-

579 1535 139 41 cundo
671 1535 123 41 modo
748 1535 123 41 sic,
825 1535 154 41 nollem
933 1535 92 41 me
979 1535 185 41 vouisse:
1118 1535 108 41 hoc
1179 1535 123 41 est,
1256 1535 92 41 si
1287 1535 77 41 non

577 1579 199 52 vouissem
726 1579 83 52 /
759 1579 116 52 non
826 1579 199 52 vouerem:
975 1579 116 52 sed
1041 1579 149 52 tamen
1140 1579 116 52 cum
1190 1579 165 52 vouerimi

571 1622 140 48 volo
658 1622 157 48 votum
763 1622 140 48 meum
850 1622 210 48 seruare.
1007 1622 175 48 Tertio
1130 1622 140 48 modo
1217 1622 122 48 nec
1270 1622 87 48 vo-

568 1660 156 61 dendo
672 1660 122 61 nec
741 1660 209 61 nolendo.
898 1660 156 61 Primo
1002 1660 139 61 modo
1089 1660 156 61 habet
1194 1660 156 61 actum
1280 1660 70 61 bo

571 1710 140 57 num.
659 1710 193 57 Secundo
800 1710 140 57 modo
887 1710 140 57 bene
975 1710 140 57 agit
1063 1710 211 57 respectu
1203 1710 158 57 secundi

566 1758 156 48 actus,
676 1758 125 48 volo
754 1758 172 48 seruare
879 1758 141 48 votum
973 1758 125 48 meum
1051 1758 125 48 quod
1129 1758 156 48 emisi:
1239 1758 78 48 &
1255 1758 109 48 etiam

561 1801 180 52 respectu
696 1801 165 52 prioris
817 1801 135 52 actus
907 1801 150 52 illius
1012 1801 165 52 secundi
1132 1801 135 52 modi:
1223 1801 105 52 sed
1268 1801 90 52 ille

578 1844 98 45 est
634 1844 127 45 minus
719 1844 127 45 bonus
803 1844 112 45 quam
873 1844 141 45 alter.
972 1844 98 45 cum
1028 1844 112 45 enim
1098 1844 98 45 sit
1154 1844 127 45 actus
1225 1844 127 45 delibe-

566 1888 149 60 ratus
666 1888 166 60 habens
782 1888 99 60 in
832 1888 232 60 intellectu
1014 1888 199 60 iudicium
1147 1888 215 60 regulatiuum

569 1931 111 61 sui,
638 1931 97 61 non
694 1931 97 61 est
749 1931 222 61 indifferens,
929 1931 166 61 scilicet
1054 1931 125 61 neque
1137 1931 125 61 bonus
1220 1931 125 61 neque
1290 1931 55 61 ma

570 1969 125 56 lus:
648 1969 125 56 immo
727 1969 250 56 probabiliter
929 1969 156 56 nullus
1039 1969 109 56 est
1101 1969 141 56 talis
1195 1969 125 56 post
1257 1969 94 56 vnam

578 2019 199 63 relationem
734 2019 185 63 actualem,
877 2019 100 63 nec
933 2019 156 63 videtur
1047 2019 114 63 quod
1118 2019 100 63 sit
1175 2019 142 63 malus:
1261 2019 85 63 quia

580 2057 125 63 sicut
664 2057 111 63 ille
733 2057 125 63 actus
817 2057 97 63 est
873 2057 167 63 licitus:
998 2057 111 63 nolo
1067 2057 139 63 vouere
1165 2057 111 63 ante
1221 2057 125 63 emissum

577 2108 151 57 votum:
683 2108 106 57 sic
743 2108 136 57 actus
834 2108 121 57 iste
909 2108 91 57 de
954 2108 106 57 quo
1015 2108 106 57 est
1075 2108 136 57 sermo
1166 2108 121 57 post
1226 2108 121 57 votum:

578 2156 125 47 quia
656 2156 140 47 solum
750 2156 203 47 mentionem
906 2156 140 47 facit
999 2156 187 47 respectu
1139 2156 156 47 illius
1233 2156 109 47 actus

567 2197 188 62 praeteriti
714 2197 94 62 qui
768 2197 161 62 interdum
888 2197 107 62 erat
955 2197 134 62 licite
1049 2197 147 62 nolitus
1156 2197 161 62 antequam
1264 2197 80 62 erat

570 2244 196 49 emissus.
716 2244 114 49 Nec
782 2244 130 49 ille
863 2244 147 49 manum
961 2244 163 49 mittit
1075 2244 98 49 ad
1124 2244 179 49 aratrum
1254 2244 81 49 &
1271 2244 81 49 re-

574 2282 98 62 tro
630 2282 169 62 aspicit,
757 2282 141 62 contra
855 2282 141 62 verbum
953 2282 155 62 Curisti
1066 2282 141 62 Lucae.
1164 2282 98 62 ix.
1221 2282 98 62 cum
1263 2282 84 62 suum

570 2330 144 56 votum
666 2330 176 56 seruare
794 2330 176 56 studeat
922 2330 96 56 in
970 2330 208 56 posterum:
1130 2330 80 56 &
1162 2330 128 56 post
1226 2330 112 56 votum

562 2377 155 50 emissum
675 2377 127 50 etiam
759 2377 113 50 ille
829 2377 127 50 actus
914 2377 99 50 sit
970 2377 169 50 licitus,
1097 2377 99 50 non
1153 2377 169 50 seruarem
1266 2377 70 50 vo-

566 2416 110 50 tum
629 2416 126 50 meum
708 2416 94 50 in
755 2416 173 50 futurum
881 2416 94 50 si
928 2416 110 50 non
991 2416 142 50 essem
1085 2416 79 50 a
1117 2416 110 50 deo
1164 2416 173 50 obligatus

560 2457 199 60 seruare,
709 2457 248 60 quemadmodum
908 2457 165 60 vellem
1024 2457 199 60 occidere
1173 2457 165 60 sortem
1272 2457 66 60 si

558 2503 102 52 non
617 2503 132 52 esset
705 2503 73 52 a
734 2503 102 52 deo
792 2503 219 52 prohibitum.
968 2503 102 52 cum
1026 2503 102 52 his
1085 2503 117 52 enim
1158 2503 161 52 actibus
1260 2503 73 52 con

569 2544 227 66 ditionalibus
753 2544 128 66 stant
839 2544 114 66 isti
910 2544 128 66 actus
995 2544 128 66 boni,
1080 2544 114 66 nolo
1151 2544 170 66 occidere
1265 2544 71 66 sor

572 2589 114 65 tem
637 2589 98 65 ob
686 2589 228 65 praeceptum
865 2589 130 65 dei:
946 2589 130 65 volo
1028 2589 179 65 seruare
1158 2589 147 65 votum
1239 2589 98 65 pro-

571 2635 125 59 pter
649 2635 140 59 legem
743 2635 109 59 dei
805 2635 94 59 me
852 2635 234 59 obligantem.
1040 2635 140 59 Dando
1133 2635 125 59 vero
1196 2635 140 59 tertium

555 2678 161 59 menbrum
673 2678 73 59 /
702 2678 103 59 nec
761 2678 191 59 eliciendo
907 2678 132 59 velle
995 2678 103 59 nec
1054 2678 147 59 nolle,
1156 2678 103 59 non
1200 2678 132 59 meretur

567 2721 108 65 nec
628 2721 201 65 moraliter
783 2721 124 65 bene
860 2721 139 65 agit:
953 2721 108 65 cum
1015 2721 155 65 nullum
1123 2721 139 65 actum
1216 2721 93 65 in
1247 2721 77 65 vo-

553 2757 178 88 luntate
682 2757 178 88 habeat.
812 2757 81 88 â‹
845 2757 162 88 Quinto
958 2757 211 88 arguitur.
1120 2757 113 88 vbi
1185 2757 146 88 Berta
1266 2757 65 88 vo

1409 392 110 57 uit
1472 392 252 57 virginitatem
1677 392 174 57 ponatur
1804 392 126 57 ipsa
1882 392 189 57 corrupta
2024 392 126 57 siue
2088 392 110 57 inui-

1422 435 93 59 ta
1468 435 124 59 siue
1545 435 124 59 non.
1622 435 108 59 Hoc
1684 435 201 59 supposito
1838 435 185 59 arguitur
1977 435 124 59 sic.
2055 435 139 59 Berta
2132 435 77 59 vo-

1413 486 105 56 uit
1473 486 255 56 virginitatem:
1683 486 75 56 &
1713 486 90 56 no
1758 486 165 56 tenetur
1877 486 165 56 seruare
1982 486 225 56 virginitatem:

1419 534 124 46 quia
1496 534 108 46 hoc
1558 534 108 46 est
1620 534 93 46 ei
1666 534 247 46 impossibile:
1867 534 155 46 igitur
1975 534 108 46 non
2037 534 124 46 omne
2099 534 108 46 votum

1429 580 182 53 obligat
1562 580 99 53 ad
1611 580 116 53 sui
1678 580 281 53 obseruantiam.
1909 580 83 53 â‹
1942 580 248 53 Respondetur
2124 580 83 53 ca-

1419 614 98 58 su
1468 614 180 58 admisso
1599 614 98 58 ad
1648 614 164 58 formam
1762 614 213 58 argumenti
1926 614 229 58 concedendo
2089 614 115 58 vtram

1423 657 110 59 quod
1492 657 219 59 praemissarum
1670 657 69 59 &
1698 657 123 59 etiam
1780 657 233 59 conclusionem.
1972 657 96 59 sed
2027 657 110 59 ipsa
2082 657 123 59 tenetur

1422 708 173 48 seruare
1548 708 110 48 hoc
1611 708 126 48 quod
1689 708 173 48 potest.
1815 708 94 48 Si
1862 708 126 48 enim
1941 708 189 48 peccauit
2082 708 94 48 in
2114 708 94 48 vir-

1414 744 198 62 ginitatis
1566 744 214 62 amissione,
1734 744 168 62 tenetur
1856 744 107 62 hoc
1917 744 214 62 detestari:
2085 744 76 62 &
2100 744 107 62 debet

1431 786 169 59 seruare
1553 786 92 59 id
1599 786 123 59 quod
1676 786 153 59 restat
1783 786 92 59 de
1830 786 123 59 illo
1906 786 123 59 voto
1983 786 199 59 seruando.
2121 786 92 59 vir-

1422 835 174 63 tualiter
1553 835 145 63 nanque
1655 835 116 63 ipsa
1727 835 131 63 vouit
1814 835 116 63 quod
1887 835 160 63 nunquam
2003 835 131 63 actui
2075 835 131 63 venereo

1423 876 135 59 dabit
1513 876 165 59 operam.
1632 876 90 59 si
1677 876 135 59 autem
1767 876 135 59 semel
1857 876 135 59 dedit
1947 876 75 59 /
1977 876 105 59 iam
2036 876 150 59 ablata
2126 876 75 59 est

1429 926 219 50 virginitas,
1605 926 88 50 ex
1649 926 146 50 dictis
1751 926 88 50 in
1795 926 161 50 distin.
1912 926 117 50 xxx.
1985 926 175 50 remanent
2102 926 102 50 tamen

1432 969 113 60 ilii
1503 969 128 60 actus
1588 969 198 60 possibiles
1744 969 71 60 a
1772 969 142 60 quibus
1871 969 113 60 ipsa
1942 969 184 60 abstinere
2069 969 128 60 potest.

1429 1009 101 66 Hic
1486 1009 159 66 notetur
1602 1009 115 66 illa
1674 1009 144 66 regula
1775 1009 144 66 iuris.
1875 1009 86 66 Si
1919 1009 101 66 non
1976 1009 130 66 valet
2063 1009 115 66 quod
2135 1009 101 66 ago

1428 1063 95 45 vt
1476 1063 126 45 ago,
1554 1063 158 45 valeat
1665 1063 95 45 vt
1712 1063 158 45 valere
1822 1063 173 45 potest.
1948 1063 79 45 â‹
1980 1063 158 45 Sexto.
2074 1063 126 45 Voueat

1420 1105 167 48 Sortes
1537 1105 200 48 existens
1687 1105 100 48 in
1737 1105 217 48 Britannia
1904 1105 150 48 adire
2004 1105 167 48 Romam.
2104 1105 100 48 post

1428 1151 181 54 quatuor
1559 1151 148 54 annos
1658 1151 115 54 non
1724 1151 214 54 aduertens
1889 1151 99 54 ad
1938 1151 115 54 hoc
2004 1151 148 54 votum
2087 1151 115 54 trans

1412 1195 116 56 eat
1479 1195 166 56 gratia
1595 1195 166 56 studii
1711 1195 166 56 Paduam
1827 1195 116 56 vel
1893 1195 216 56 Bononiam:
2059 1195 83 56 &
2076 1195 116 56 illio

1423 1232 194 56 aliquamdiu
1576 1232 167 56 studeat:
1701 1232 139 56 deinde
1798 1232 167 56 transeat
1923 1232 139 56 Romam,
2020 1232 69 56 &
2048 1232 139 56 illinc
2131 1232 56 56 ad

1428 1277 213 60 Britanniam
1595 1277 167 60 redeat:
1717 1277 76 60 &
1747 1277 106 60 tum
1808 1277 137 60 primo
1899 1277 152 60 faciat
1990 1277 213 60 conscientiam

1423 1321 102 57 de
1474 1321 119 57 suo
1542 1321 137 57 voto
1628 1321 256 57 adimplendo.
1833 1321 119 57 Hoc
1901 1321 222 57 supposito
2054 1321 137 57 argui-

1429 1371 102 48 tur
1487 1371 116 48 sic.
1559 1371 145 48 Sortes
1661 1371 102 48 qui
1719 1371 87 48 in
1762 1371 203 48 Britanniam
1922 1371 174 48 reuersus
2052 1371 102 48 est
2096 1371 102 48 vouit

1425 1418 187 50 visitare
1566 1418 156 50 limina
1675 1418 140 50 Petri
1768 1418 78 50 &
1799 1418 140 50 Pauli
1893 1418 156 50 Romae:
2002 1418 78 50 &
2033 1418 140 50 tamen
2111 1418 78 50 non

1412 1460 180 47 tenetur
1542 1460 147 47 illud
1640 1460 147 47 votum
1738 1460 212 47 adimplere
1901 1460 114 47 cum
1967 1460 147 47 Romam
2064 1460 114 47 iam
2113 1460 82 47 vi-

1422 1499 216 73 sitauerit.
1591 1499 92 73 Si
1637 1499 154 73 dicas.
1745 1499 216 73 adimpleuit
1915 1499 108 73 hoc
1976 1499 123 73 quod
2038 1499 154 73 promisit

1424 1548 156 47 vtpote
1534 1548 125 47 iuit
1612 1548 140 47 Romam
1705 1548 140 47 sicut
1799 1548 203 47 promisit.
1955 1548 156 47 Contra
2064 1548 109 47 hoc
2126 1548 109 47 ar-

1430 1594 158 53 guitur.
1545 1594 173 53 Sequitur
1674 1594 115 53 ergo
1746 1594 115 53 quod
1818 1594 86 53 si
1861 1594 86 53 ad
1904 1594 245 53 imaginationem
2091 1594 101 53 fuis-

1419 1637 115 48 set
1484 1637 180 48 delatus
1615 1637 98 48 in
1664 1637 147 48 somno
1762 1637 147 48 Romam
1860 1637 98 48 in
1909 1637 196 48 spiritu:
2057 1637 115 48 vel
2106 1637 98 48 pone

1420 1686 153 50 casum
1522 1686 102 50 de
1573 1686 136 50 loco
1657 1686 237 50 propinquo,
1844 1686 153 50 votum
1929 1686 271 50 adimpleuisset.

1418 1723 130 54 quod
1499 1723 113 54 non
1564 1723 113 54 est
1628 1723 210 54 dicendum.
1790 1723 227 54 Praeterea.
1968 1723 194 54 dormiens
2098 1723 97 54 vnum

1420 1747 116 83 diem
1493 1747 102 83 quo
1551 1747 204 83 praeceptum
1712 1747 102 83 est
1770 1747 189 83 ieiunare,
1915 1747 102 83 non
1974 1747 189 83 praescius
2105 1747 87 83 diei

1415 1810 139 52 illius
1512 1810 111 52 ante
1581 1810 139 52 tempus
1678 1810 152 52 ieiunii
1789 1810 97 52 non
1845 1810 194 52 satisfacit
1997 1810 180 52 praecepto
2122 1810 69 52 ec-

1421 1857 186 46 clesiae:
1561 1857 124 46 ergo
1639 1857 109 46 nec
1701 1857 124 46 iste
1778 1857 93 46 de
1825 1857 109 46 quo
1887 1857 202 46 loquimur.
2042 1857 78 46 â‹
2057 1857 140 46 Respon-

1416 1898 150 64 detur.
1521 1898 150 64 certum
1627 1898 105 64 est
1687 1898 90 64 si
1732 1898 120 64 quis
1807 1898 90 64 ab
1852 1898 150 64 initio
1957 1898 150 64 habeat
2048 1898 150 64 proposi-

1417 1949 108 57 tum
1478 1949 170 57 adeundi
1602 1949 139 57 locum
1694 1949 124 57 suae
1772 1949 293 57 peregrinationis
2019 1949 93 57 no
2050 1949 154 57 cogitan-

1413 1987 93 56 do
1460 1987 93 56 de
1507 1987 124 56 illo
1585 1987 124 56 loco
1662 1987 202 56 immediate
1818 1987 78 56 /
1849 1987 171 56 dummodo
1974 1987 124 56 eius
2036 1987 171 56 transitio

1409 2033 203 58 imperetur
1566 2033 94 58 ab
1612 2033 125 58 actu
1691 2033 203 58 interiore
1847 2033 94 58 ad
1894 2033 141 58 illum
1987 2033 141 58 locum
2081 2033 156 58 adeun-

1416 2075 130 60 dum:
1497 2075 130 60 quod
1578 2075 97 60 is
1627 2075 146 60 votum
1724 2075 211 60 adimplet.
1886 2075 97 60 Et
1935 2075 146 60 etiam
2032 2075 130 60 ille
2097 2075 114 60 votum

1407 2124 191 60 adimplet
1550 2124 111 60 qui
1614 2124 143 60 vadit
1709 2124 191 60 Bononiam
1852 2124 159 60 gratia
1964 2124 175 60 studii:
2091 2124 80 60 &
2107 2124 111 60 post.

1408 2171 104 55 ea
1460 2171 156 55 memor
1563 2171 138 55 voti
1650 2171 156 55 petit
1754 2171 173 55 Romam.
1875 2171 121 55 nam
1944 2171 156 55 vouit
2048 2171 156 55 adire
2135 2171 69 55 Ro

1398 2219 133 51 mam:
1481 2219 83 51 &
1515 2219 116 51 ita
1581 2219 150 51 facit
1681 2219 150 51 animo
1781 2219 249 51 deliberato.
1980 2219 100 51 Et
2030 2219 133 51 idem
2096 2219 100 51 reor

1419 2256 122 51 esse
1495 2256 92 51 si
1541 2256 122 51 iuit
1617 2256 153 51 gratia
1724 2256 168 51 habendi
1846 2256 214 51 beneficii,
2014 2256 168 51 dummodo
2121 2256 76 51 Ro-

1409 2303 112 57 mae
1473 2303 112 57 sit
1537 2303 144 57 memor
1633 2303 112 57 sui
1697 2303 128 57 voti
1777 2303 96 57 in
1824 2303 208 57 Britannia
1984 2303 176 57 emissi.
2096 2303 112 57 Forte

1401 2350 148 53 etiam
1499 2350 131 53 idem
1581 2350 115 53 est
1647 2350 98 53 si
1696 2350 197 53 approbet
1843 2350 148 53 illud
1942 2350 131 53 Roma
2024 2350 213 53 redeundo:

1420 2395 105 47 vel
1480 2395 120 47 quod
1555 2395 165 47 amplius
1675 2395 105 47 est
1735 2395 105 47 cum
1795 2395 105 47 est
1855 2395 90 47 in
1900 2395 165 47 termino
2020 2395 90 47 ad
2065 2395 120 47 quem
2125 2395 75 47 re-

1396 2433 156 69 ditus
1500 2433 87 69 /
1534 2433 139 69 suum
1621 2433 225 69 transitum
1794 2433 260 69 approbando.
2002 2433 104 69 Ad
2054 2433 104 69 id
2106 2433 139 69 quod

1398 2476 184 68 tangitur
1536 2476 92 68 de
1582 2476 199 68 dormiente
1735 2476 92 68 in
1781 2476 107 68 die
1842 2476 184 68 ieiunii:
1980 2476 123 68 dico
2057 2476 123 68 quod
2133 2476 107 68 non

1410 2524 269 53 transgreditur
1631 2524 190 53 ieiunium
1774 2524 190 53 peccando
1916 2524 79 53 /
1947 2524 142 53 licet
2042 2524 111 53 non
2090 2524 126 53 merea-

1398 2569 122 50 tur.
1474 2569 107 50 sed
1535 2569 122 50 raro
1611 2569 107 50 hic
1673 2569 137 50 casus
1764 2569 199 50 occurrit,
1917 2569 137 50 quare
2008 2569 107 50 non
2054 2569 153 50 insisto.

1406 2608 81 62 â‹
1438 2608 179 62 Septimo
1569 2608 196 62 arguitur
1715 2608 98 62 de
1764 2608 179 62 votorum
1878 2608 326 62 incompossibilitate

1413 2661 174 54 ponendo
1540 2661 126 54 quod
1619 2661 158 54 sortes
1729 2661 174 54 vouerit
1855 2661 95 54 se
1903 2661 237 54 ieiunaturum
2092 2661 95 54 in
2124 2661 79 54 die

1407 2703 177 52 veneris
1535 2703 96 52 in
1584 2703 128 52 pane
1664 2703 80 52 &
1696 2703 145 52 aqua.
1792 2703 161 52 deinde
1905 2703 161 52 voueat
2017 2703 96 52 se
2065 2703 112 52 non
2114 2703 96 52 come

1403 2738 168 71 sturum
1521 2738 151 71 panem
1622 2738 101 71 in
1672 2738 118 71 die
1739 2738 151 71 beati
1840 2738 235 71 Laurentii:
2025 2738 118 71 qui
2092 2738 101 71 in
2126 2738 84 71 die

1404 2790 171 67 veneris
1529 2790 202 67 occurrit.
1684 2790 109 67 vel
1747 2790 171 67 ponatur
1871 2790 93 67 de
1918 2790 249 67 quibuscumque
2104 2790 109 67 aliis
