2365 3321
222 354 148 58 votis,
326 354 148 58 quorum
430 354 193 58 quodlibet
578 354 104 58 est
638 354 208 58 possibile:
801 354 104 58 sed
861 354 134 58 multa
935 354 74 58 il-

223 405 132 45 lorum
311 405 161 45 votorum
429 405 117 45 sunt
502 405 293 45 incompossibilia:
752 405 73 45 &
781 405 103 45 per
825 405 176 45 consequens

218 449 159 53 reddunt
333 449 130 53 inter
420 449 116 53 sese
492 449 304 53 impossibilitatem:
752 449 130 53 sicut
825 449 173 53 copulatiua

216 491 199 54 composita
369 491 92 54 ex
415 491 291 54 contradictoriis
661 491 291 54 contingentibus.
906 491 77 54 ⁋
921 491 77 54 Re-

213 540 215 45 spondetur,
382 540 154 45 quando
489 540 123 45 vota
566 540 123 45 sunt
643 540 261 45 compossibilia
859 540 77 45 &
874 540 123 45 vouens

213 579 177 53 intendit
346 579 118 53 illa
420 579 192 53 obseruare
567 579 74 53 &
597 579 162 53 potest:
715 579 162 53 tenetur
833 579 118 53 illa
892 579 103 53 simul

214 629 170 49 seruare.
341 629 85 49 Si
383 629 127 49 autem
468 629 113 49 sint
539 629 283 49 incompossibilia:
779 629 141 49 seruet
878 629 127 49 maius
949 629 42 49 &

221 668 154 49 melius.
333 668 84 49 Si
375 668 168 49 aequalis
500 668 182 49 bonitatis
640 668 70 49 /
668 668 140 49 seruet
766 668 126 49 illud
849 668 112 49 quod
905 668 98 49 prius

219 713 160 55 vouit.
331 713 160 55 semper
442 713 128 55 enim
522 713 96 55 in
570 713 287 55 promissionibus
810 713 144 55 prior
889 713 112 55 obli-

209 760 141 53 gatio
303 760 172 53 fortius
428 760 141 53 ligat
522 760 188 53 caeteris
663 760 188 53 paribus,
788 760 203 53 quemadmodum

206 803 101 53 in
257 803 237 53 matrimonio
443 803 203 53 superius
595 803 203 53 diximus,
747 803 101 53 de
781 803 220 53 contrahente

214 849 108 56 cum
275 849 154 56 duabus
383 849 216 56 sponsalia.
553 849 93 56 Si
600 849 124 56 vero
677 849 139 56 simul
769 849 124 56 illa
847 849 124 56 vota
908 849 93 56 emit

219 892 122 46 tat:
295 892 153 46 eligat
402 892 138 46 vtrum
494 892 138 46 eorum
585 892 168 46 seruare
708 892 199 46 maluerit.
860 892 76 46 ⁋
876 892 122 46 Octauo

209 938 209 55 arguitur.
370 938 129 55 Nemo
450 938 161 55 potest
563 938 193 55 obligari
708 938 97 55 ad
756 938 145 55 votum
836 938 161 55 superero

222 982 194 55 gationis.
372 982 105 55 nam
431 982 150 55 quando
536 982 209 55 obligatur,
701 982 105 55 non
761 982 105 55 est
805 982 180 55 supereroga

212 1026 132 52 tio.
294 1026 263 52 Respondetur.
508 1026 99 52 ad
557 1026 132 52 opus
639 1026 329 52 supererogationis
919 1026 115 52 ho-

215 1072 95 52 mo
263 1072 158 52 potest
373 1072 205 52 obligari:
530 1072 142 52 tamen
625 1072 110 52 non
688 1072 158 52 potest
798 1072 189 52 obligari
940 1072 95 52 ad

217 1116 114 54 opus
288 1116 299 54 supererogationis,
544 1116 100 54 nec
601 1116 100 54 est
658 1116 185 54 possibile
800 1116 114 54 quod
857 1116 128 54 oblige-

209 1162 109 56 tur
272 1162 93 56 ad
318 1162 124 56 opus
396 1162 326 56 supererogationis.
675 1162 233 56 intelligens
845 1162 140 56 logicam

213 1203 108 51 vno
274 1203 139 51 verbo
367 1203 124 51 haec
444 1203 154 51 capit.
552 1203 77 51 ⁋
583 1203 139 51 Nono.
676 1203 154 51 Voueat
784 1203 154 51 sortes
877 1203 108 51 profi

221 1250 108 44 teri
288 1250 81 44 a.
328 1250 202 44 religionem:
490 1250 67 44 &
517 1250 81 44 a.
557 1250 148 44 religio
665 1250 94 44 non
718 1250 121 44 velit
799 1250 135 44 sortem
880 1250 121 44 recipe-

219 1291 103 49 re.
278 1291 118 49 illa
352 1291 118 49 enim
426 1291 133 49 simul
514 1291 148 49 stant.
618 1291 118 49 Tunc
691 1291 103 49 sic
750 1291 192 49 arguitur.
883 1291 118 49 Sortes

220 1337 151 52 emisit
326 1337 136 52 votum
417 1337 212 52 profitendi
583 1337 91 52 a.
629 1337 227 52 religionem:
810 1337 76 52 &
841 1337 106 52 non
886 1337 106 52 tene-

213 1382 112 48 tur
277 1382 96 48 ad
325 1382 159 48 illud:
436 1382 128 48 ergo
516 1382 207 48 conclusio
675 1382 159 48 falsa.
771 1382 223 48 Respondetur.

214 1424 104 58 non
273 1424 104 58 est
333 1424 148 58 contra
436 1424 251 58 conclusionem.
643 1424 148 58 vouens
747 1424 133 58 tamen
835 1424 133 58 debet
909 1424 89 58 face

213 1473 84 57 re
255 1473 113 57 quod
326 1473 84 57 in
368 1473 84 57 se
410 1473 99 57 est
466 1473 84 57 ad
508 1473 211 57 profitendum
677 1473 84 57 a.
720 1473 211 57 religionem.
888 1473 70 57 &
903 1473 84 57 quia

207 1515 102 59 per
266 1515 102 59 eum
324 1515 102 59 non
382 1515 116 59 stat
455 1515 116 59 quin
528 1515 87 59 a.
571 1515 204 59 religionem
732 1515 233 59 profiteatur:
906 1515 73 59 nor

207 1563 163 56 peccat.
326 1563 119 56 Ipse
400 1563 134 56 autem
489 1563 148 56 vouens
593 1563 148 56 potest
697 1563 193 56 intendere
831 1563 163 56 profiteri

209 1604 85 55 a.
251 1604 70 55 &
279 1604 99 55 non
336 1604 183 55 intendere
477 1604 183 55 profiteri
618 1604 127 55 aliam
702 1604 197 55 religionem
857 1604 113 55 nisi
928 1604 85 55 a.
956 1604 42 55 &

208 1644 122 59 tunc
284 1644 91 59 si
329 1644 91 59 a.
375 1644 167 59 religio
497 1644 182 59 noluerit
633 1644 106 59 eum
694 1644 198 59 recipere:
846 1644 91 59 ad
876 1644 122 59 nullam

204 1691 216 50 religionem
373 1691 185 50 tenetur:
512 1691 108 50 nec
574 1691 170 50 tenetur
698 1691 170 50 seruare
821 1691 185 50 regulam.
945 1691 46 50 a

207 1737 210 52 religionis
372 1737 90 52 in
417 1737 180 52 saeculo:
552 1737 120 52 quia
628 1737 105 52 non
688 1737 135 52 vouit
778 1737 135 52 illam
853 1737 135 52 regulam

211 1782 116 50 nisi
284 1782 102 50 cum
342 1782 116 50 illa
415 1782 203 50 conditione
574 1782 174 50 adiecta,
705 1782 87 50 si
748 1782 87 50 a.
792 1782 160 50 religio
893 1782 102 50 velit

207 1830 108 45 eum
268 1830 216 45 suscipere.
438 1830 139 45 sicut
530 1830 200 45 transiens
684 1830 92 45 ad
730 1830 169 45 ordines
853 1830 77 45 /
869 1830 123 45 putans

201 1873 201 48 suscipere
355 1873 170 48 ordinem
478 1873 154 48 sacrum
587 1873 77 48 /
617 1873 77 48 &
648 1873 108 48 non
710 1873 216 48 suscipiens
880 1873 77 48 /
895 1873 93 48 quia

201 1919 141 48 alter
295 1919 110 48 non
358 1919 157 48 potest
467 1919 172 48 ordinem
593 1919 203 48 conferre:
749 1919 110 48 non
812 1919 172 48 tenetur
921 1919 63 48 ad

201 1963 273 52 continentiam:
426 1963 128 52 quia
506 1963 112 52 non
570 1963 225 52 intendebat
746 1963 96 52 se
795 1963 193 52 obligare
923 1963 64 52 ad

198 2007 247 51 continentiam
399 2007 124 51 nisi
476 2007 170 51 ordinem
600 2007 232 51 susciperet.
785 2007 108 51 Sed
847 2007 93 51 si
893 2007 93 51 is
924 2007 62 51 de

191 2051 112 46 quo
255 2051 192 46 loquimur
399 2051 144 46 vouit
495 2051 208 46 profiteri
656 2051 224 46 religionem
816 2051 176 46 principa-

188 2097 157 58 liter,
298 2097 79 58 &
330 2097 220 58 determinet
502 2097 94 58 se
549 2097 220 58 secundario
722 2097 94 58 ad
769 2097 126 58 hanc
832 2097 157 58 religio-

190 2142 123 44 nem:
266 2142 123 44 tunc
343 2142 92 44 si
389 2142 200 44 religiosi
543 2142 154 44 nolint
651 2142 108 44 eum
712 2142 200 44 recipere:
851 2142 138 44 tenetur

185 2183 118 54 pro
253 2183 236 54 impletione
438 2183 118 54 sui
506 2183 135 54 voti
590 2183 152 54 omnia
691 2183 236 54 religionis
860 2183 135 54 coeno-

198 2229 106 54 bia
259 2229 137 54 adire
350 2229 182 54 quousque
487 2229 228 54 recipiatur:
669 2229 91 54 vt
714 2229 106 54 per
775 2229 106 54 eum
836 2229 106 54 non
882 2229 106 54 stet.

189 2276 88 53 ⁋
225 2276 140 53 Ecce
312 2276 193 53 quomodo
452 2276 158 53 votum
557 2276 123 53 est
627 2276 298 53 obligatorium:
872 2276 123 53 cui
925 2276 70 53 ho

174 2313 107 55 mo
228 2313 178 55 potest
352 2313 267 55 satisfacere
565 2313 178 55 multis
690 2313 178 55 modis.
814 2313 124 55 Vno
885 2313 142 55 modo

184 2363 203 51 implendo
337 2363 119 51 hoc
404 2363 136 51 quod
489 2363 170 51 vouit.
608 2363 187 51 Secundo
744 2363 187 51 petendo
862 2363 136 51 commu-

178 2407 184 51 tationem
316 2407 108 51 sui
377 2407 123 51 voti
454 2407 77 51 /
485 2407 92 51 vt
531 2407 215 51 commutetur
700 2407 92 51 in
746 2407 138 51 aliud
838 2407 108 51 deo
884 2407 108 51 magis

179 2450 180 59 gratum.
309 2450 163 59 Tertio
424 2450 114 59 cum
489 2450 114 59 est
554 2450 261 59 rationabilis
766 2450 147 59 causa
864 2450 114 59 non
913 2450 82 59 im-

179 2496 180 58 plendi.
310 2496 98 58 vt
359 2496 98 58 si
408 2496 131 58 quis
490 2496 148 58 vouit
589 2496 98 58 se
638 2496 164 58 quando
752 2496 197 58 robustus
884 2496 98 58 erat

174 2542 155 46 aliqua
282 2542 217 46 executurum
452 2542 124 46 quae
530 2542 124 46 nunc
607 2542 170 46 debilis
731 2542 186 46 effectus
855 2542 124 46 facere

173 2587 115 50 non
238 2587 164 50 potest
353 2587 131 50 sine
435 2587 197 50 corporis
582 2587 197 50 iactura:
730 2587 131 50 tunc
812 2587 115 50 cum
861 2587 131 50 habeat

170 2625 235 63 praeceptum
355 2625 184 63 diuinum
489 2625 101 63 de
539 2625 201 63 seruanda
690 2625 151 63 vita:
791 2625 117 63 non
841 2625 151 63 tenetur

172 2680 182 47 seruare
305 2680 165 47 votum.
420 2680 83 47 &
453 2680 116 47 vbi
519 2680 149 47 casus
619 2680 116 47 est
685 2680 198 47 euidens:
833 2680 116 47 non
883 2680 99 47 opus

180 2720 107 61 est
241 2720 275 61 dispensatione:
470 2720 122 61 nisi
546 2720 107 61 pro
607 2720 244 61 conscientiae
791 2720 199 61 scrupulosae

171 2764 242 66 soliditate.
364 2764 113 66 vbi
428 2764 129 66 vero
509 2764 113 66 est
573 2764 177 66 dubium,
702 2764 177 66 petatur
815 2764 177 66 dispensa

1052 362 130 54 tio:
1133 362 114 54 vel
1198 362 98 54 de
1247 362 130 54 voto
1328 362 195 54 tollendo
1474 362 81 54 /
1507 362 114 54 vel
1572 362 228 54 commutando
1734 362 114 54 prout

1061 407 211 58 superiori
1223 407 179 58 aequius
1353 407 227 58 videbitur.
1531 407 162 58 Regula
1645 407 162 58 autem,
1759 407 130 58 Quod

1067 452 127 59 semel
1151 452 155 59 placuit
1264 452 70 59 /
1292 452 155 59 amplius
1405 452 197 59 displicere
1560 452 99 59 non
1616 452 155 59 potest,
1715 452 141 59 intelli-

1059 496 137 53 gitur
1150 496 91 53 in
1196 496 228 53 necessariis
1378 496 91 53 ad
1424 496 182 53 salutem:
1560 496 106 53 vel
1621 496 152 53 quando
1727 496 106 53 non
1773 496 76 53 oc-

1063 538 180 58 currit
1189 538 162 58 causa
1279 538 235 58 commutandi.

1064 633 113 88 ⁋
1110 633 385 88 Distinctionis
1404 633 431 88 Trigesimaeoctauae

1240 698 311 87 Quaestio
1447 698 259 87 Quarta.-

1453 775 207 89 Varto
1591 775 207 89 circa
1706 775 138 89 hanc

1443 852 200 51 materiam
1594 852 234 51 quaeritur.
1777 852 100 51 An

1448 896 131 54 opus
1529 896 163 54 factum
1644 896 98 54 ex
1693 896 131 54 voto
1758 896 82 54 sit

1434 936 170 63 melius
1553 936 136 63 quam
1638 936 136 63 opus
1706 936 136 63 factum

1442 984 139 56 sine
1528 984 156 56 voto.
1615 984 226 56 Respondetur

1435 1019 70 68 n
1463 1019 225 68 affirmatiue.
1646 1019 168 68 probatur
1758 1019 84 68 sic.

1420 1064 192 68 quicquid
1564 1064 128 68 boni
1645 1064 112 68 est
1709 1064 96 68 in
1741 1064 96 68 ope-

1428 1115 99 58 re
1478 1115 149 58 facto
1577 1115 132 58 sine
1660 1115 132 58 voto
1743 1115 83 58 /
1759 1115 83 58 hoc

1432 1163 107 59 vest
1499 1163 81 59 in
1539 1163 121 59 opere
1620 1163 121 59 voti:
1700 1163 67 59 &
1727 1163 148 59 aliquid

1053 1205 161 52 aliud.
1165 1205 129 52 ergo
1246 1205 209 52 conclusio
1406 1205 145 52 vera.
1503 1205 225 52 Antecedens
1663 1205 177 52 probatur:

1060 1251 118 56 quia
1134 1251 147 56 vouens
1237 1251 74 56 /
1266 1251 88 56 se
1310 1251 177 56 obligare
1443 1251 177 56 intendit
1575 1251 88 56 ad
1619 1251 118 56 hoc:
1693 1251 118 56 sine
1752 1251 88 56 voto

1048 1296 156 53 autem
1152 1296 121 53 hoc
1221 1296 121 53 non
1290 1296 208 53 oportet.
1446 1296 87 53 ⁋
1480 1296 173 53 Beatus
1602 1296 173 53 Thomas
1723 1296 87 53 &
1740 1296 104 53 Mid-

1052 1338 187 59 diltonus
1193 1338 140 59 alias
1286 1338 187 59 rationes
1426 1338 93 59 ad
1473 1338 125 59 hanc
1551 1338 249 59 conclusionem
1754 1338 125 59 addu

1052 1388 144 43 cunt.
1148 1388 160 43 quarum
1261 1388 144 43 prima
1357 1388 128 43 est.
1437 1388 128 43 Opus
1517 1388 225 43 inferioris
1678 1388 160 43 virtutis

1049 1429 216 47 imperatum
1216 1429 83 47 a
1249 1429 216 47 superiore
1415 1429 183 47 virtute
1548 1429 116 47 est
1614 1429 150 47 magis
1697 1429 150 47 merito-

1053 1474 127 46 rium
1132 1474 127 46 quam
1212 1474 95 46 ab
1259 1474 206 46 inferiori
1418 1474 222 46 imperatum.
1592 1474 95 46 vt
1640 1474 143 46 actus
1719 1474 127 46 tempe-

1054 1520 150 46 rantiae
1163 1520 95 46 est
1218 1520 136 46 melior
1313 1520 177 46 imperatus
1449 1520 68 46 a
1476 1520 177 46 charitate
1613 1520 109 46 quam
1681 1520 68 46 a
1708 1520 109 46 sola
1762 1520 82 46 tem-

1063 1560 179 59 perantia.
1201 1560 96 59 sed
1256 1560 124 59 actus
1338 1560 151 59 ieiunii
1448 1560 82 59 in
1489 1560 110 59 illo
1558 1560 96 59 qui
1613 1560 124 59 vouet
1695 1560 69 59 /
1722 1560 69 59 a
1736 1560 110 59 latria

1054 1613 215 46 imperatur:
1223 1613 108 46 non
1284 1613 138 46 autem
1377 1613 92 46 in
1423 1613 123 46 alio
1500 1613 108 46 qui
1561 1613 108 46 non
1623 1613 154 46 vouet.
1715 1613 123 46 Secun-

1045 1651 119 49 do,
1113 1651 119 49 per
1181 1651 152 49 votum
1282 1651 135 49 quis
1367 1651 254 49 immobiliter
1570 1651 203 49 firmatur
1722 1651 102 49 in
1756 1651 85 49 bo-

1046 1693 109 48 no:
1109 1693 109 48 non
1171 1693 141 48 autem
1265 1693 125 48 sine
1344 1693 141 48 voto.
1437 1693 172 48 Tertio,
1562 1693 109 48 qui
1625 1693 141 48 vouet
1719 1693 78 48 /
1735 1693 109 48 magis

1048 1741 85 55 se
1090 1741 99 55 dat
1147 1741 99 55 deo
1203 1741 113 55 quam
1274 1741 113 55 ille
1345 1741 99 55 qui
1401 1741 99 55 non
1458 1741 141 55 vouet:
1557 1741 113 55 ergo
1628 1741 127 55 actus
1713 1741 113 55 eius
1769 1741 71 55 est

1047 1796 183 46 gratior.
1184 1796 107 46 Per
1245 1796 259 46 comparationem
1458 1796 152 46 namque
1564 1796 137 46 beati
1655 1796 167 46 Anselmi
1777 1796 91 46 in

1053 1829 135 46 libro
1143 1829 90 46 de
1188 1829 300 46 similitudinibus:
1443 1829 120 46 plus
1517 1829 105 46 dat
1577 1829 150 46 alicui
1682 1829 120 46 dans
1757 1829 105 46 ar-

1046 1873 146 57 borem
1143 1873 114 57 cum
1208 1873 162 57 fructu
1322 1873 130 57 quam
1403 1873 146 57 solum
1500 1873 130 57 dans
1581 1873 195 57 fructus.
1727 1873 81 57 ⁋
1760 1873 114 57 Sed

1055 1921 113 53 dico
1125 1921 113 53 quod
1196 1921 99 53 hae
1252 1921 169 53 rationes
1379 1921 99 53 non
1435 1921 113 53 sunt
1505 1921 197 53 efficaces.
1660 1921 70 53 &
1688 1921 84 53 si
1716 1921 127 53 conclu-

1053 1964 135 48 dant,
1143 1964 105 48 pro
1203 1964 210 48 religiosis
1368 1964 75 48 &
1398 1964 105 48 pro
1459 1964 240 48 saecularibus
1639 1964 195 48 concludunt.

1051 2008 138 58 quod
1137 2008 190 58 patebit
1276 2008 260 58 respondendo
1483 2008 104 58 ad
1535 2008 225 58 singulas.
1709 2008 104 58 Ad
1743 2008 104 58 pri-

1051 2050 120 46 mam
1120 2050 206 46 rationem
1274 2050 189 46 concedo
1412 2050 189 46 maiorem
1549 2050 86 46 &
1583 2050 189 46 negatur
1704 2050 137 46 minor.

1040 2101 113 51 non
1105 2101 130 51 enim
1186 2101 178 51 oportet
1315 2101 195 51 vouentem
1461 2101 130 51 plus
1542 2101 227 51 actualiter
1704 2101 130 51 refer-

1051 2140 92 60 re
1097 2140 138 60 actum
1188 2140 245 60 temperantiae
1387 2140 77 60 /
1418 2140 214 60 castitatis
1586 2140 107 60 vel
1632 2140 199 60 cuiuscunque

1037 2187 186 47 alterius
1177 2187 186 47 virtutis
1317 2187 93 47 in
1363 2187 124 47 deum
1441 2187 124 47 quam
1519 2187 109 47 non
1581 2187 202 47 vouentem.
1736 2187 78 47 &
1751 2187 78 47 sic

1041 2230 134 44 actus
1131 2230 209 44 inferioris
1294 2230 179 44 virtutis
1429 2230 104 44 qui
1488 2230 194 44 elicitiue
1637 2230 104 44 est
1697 2230 89 44 ab
1727 2230 104 44 infe-

1050 2273 142 48 riore
1145 2273 190 48 virtute,
1287 2273 79 48 &
1319 2273 221 48 imperatiue
1492 2273 221 48 producitur
1666 2273 79 48 a
1682 2273 158 48 superio-

1048 2323 87 47 re
1091 2323 159 47 virtute
1206 2323 72 47 /
1235 2323 202 47 aequaliter
1394 2323 101 47 tam
1452 2323 87 47 in
1495 2323 159 47 vouente
1610 2323 115 47 quam
1682 2323 87 47 in
1726 2323 101 47 non
1769 2323 72 47 vo-

1053 2362 143 54 uente
1148 2362 223 54 imperatur.
1323 2362 79 54 &
1355 2362 95 54 si
1403 2362 95 54 ad
1451 2362 207 54 virtualem
1609 2362 223 54 relationem
1768 2362 64 54 ob

1053 2408 146 55 tutum
1150 2408 163 55 figas:
1264 2408 130 55 idem
1345 2408 130 55 erit
1427 2408 98 55 in
1475 2408 114 55 non
1540 2408 179 55 vouente
1654 2408 179 55 prudente.

1052 2452 95 51 Ad
1100 2452 190 51 secundam
1242 2452 190 51 rationem
1385 2452 127 51 dico
1464 2452 79 51 /
1496 2452 127 51 quod
1575 2452 143 51 ratio
1670 2452 95 51 si
1702 2452 127 51 probet

1052 2499 193 60 intentum
1196 2499 80 60 /
1228 2499 144 60 solum
1325 2499 209 60 concludit
1485 2499 96 60 de
1533 2499 176 60 actibus
1662 2499 112 60 qui
1726 2499 80 60 a
1742 2499 96 60 pro-

1051 2541 181 49 fessione
1187 2541 212 49 religionis
1353 2541 181 49 emanant,
1489 2541 76 49 &
1520 2541 106 49 non
1580 2541 91 49 de
1625 2541 136 49 aliis
1701 2541 136 49 actibus

1050 2588 140 52 bonis
1144 2588 93 52 ad
1190 2588 217 52 religionem
1361 2588 109 52 non
1423 2588 279 52 pertinentibus.
1655 2588 124 52 Dico
1717 2588 109 52 secun

1054 2633 90 50 do
1099 2633 121 50 quod
1175 2633 106 50 nec
1235 2633 90 50 de
1280 2633 136 50 illis
1371 2633 211 50 concludit:
1536 2633 121 50 quia
1612 2633 106 50 non
1672 2633 151 50 vouens
1763 2633 75 50 po-

1053 2682 125 49 test
1132 2682 141 49 aeque
1226 2682 188 49 firmiter
1367 2682 94 49 in
1414 2682 141 49 animo
1508 2682 204 49 proponere
1665 2682 94 49 se
1712 2682 110 49 hoc
1759 2682 78 49 fa-

1056 2722 158 50 cturum
1167 2722 79 50 /
1198 2722 95 50 ac
1245 2722 173 50 vouens.
1371 2722 126 50 quia
1450 2722 95 50 ad
1497 2722 205 50 bonitatem
1655 2722 142 50 actus
1749 2722 95 50 ex
1781 2722 63 50 se

1054 2763 128 81 cundo
1139 2763 185 81 Ethicorum
1282 2763 200 81 requiritur
1439 2763 114 81 quod
1510 2763 100 81 sit
1567 2763 171 81 firmiter
1695 2763 71 81 &
1710 2763 128 81 propter
