2362 3319
235 434 137 53 gione.
331 434 96 53 hoc
386 434 124 53 autem
469 434 82 53 ab
510 434 151 53 omnibus
620 434 151 53 habetur
729 434 151 53 falsum.
839 434 69 53 &
853 434 151 53 consequen

239 477 94 50 tia
292 477 134 50 patet:
386 477 107 50 quia
453 477 94 50 non
507 477 161 50 deberent
628 477 148 50 homines
735 477 94 50 sic
788 477 134 50 mundum
869 477 134 50 deserere

230 523 67 43 &
256 523 81 43 ad
297 523 189 43 religionem
445 523 135 43 volare
540 523 81 43 si
580 523 135 43 status
674 523 189 43 saecularis
823 523 108 43 esse
877 523 121 43 potior-

230 565 149 52 Tertio
335 565 239 52 oculatissimi
529 565 149 52 patres
633 565 105 52 has
693 565 209 52 religionum
843 565 164 52 cisternas

222 608 177 48 foderunt
355 608 89 48 vt
400 608 163 48 homines
518 608 192 48 prudenter
666 608 74 48 &
695 608 133 48 caute
784 608 89 48 ad
828 608 163 48 patriam
932 608 59 48 du

230 656 138 55 cerent.
331 656 101 55 ergo
394 656 126 55 status
482 656 176 55 religionis
620 656 113 55 statu
695 656 138 55 saeculi
796 656 88 55 est
834 656 163 55 perfectior.

241 698 143 53 Quarto
341 698 171 53 arguitur
469 698 114 53 sic.
540 698 228 53 beneficiatos
726 698 200 53 saeculares
883 698 86 53 in
911 698 86 53 simo

231 741 108 47 nia:
298 741 215 47 beneficiorum
473 741 215 47 pluralitate:
648 741 148 47 prodiga
756 741 162 47 fructuum
863 741 135 47 ecclesia

224 785 169 54 sticorum
351 785 240 54 dissipatione:
548 785 71 54 &
577 785 113 54 male
647 785 113 54 suis
718 785 169 54 officiis
831 785 169 54 incumbendo

223 830 158 57 peccare
338 830 173 57 videmus.
467 830 158 57 milites
583 830 72 57 /
611 830 202 57 mercatores
770 830 72 57 /
798 830 187 57 agricolas
942 830 72 57 /
957 830 43 57 &

236 880 121 43 omnis
316 880 135 43 sortis
411 880 148 43 homines
519 880 148 43 videmus
627 880 94 43 pro
681 880 135 43 terris
775 880 94 43 aut
816 880 175 43 possessioni

226 919 100 54 bus
283 919 200 54 litigantes
440 919 71 54 /
469 919 229 54 fraudulenter
654 919 143 54 crebro
754 919 71 54 &
783 919 100 54 non
826 919 171 54 fraternali

232 963 115 50 ter:
304 963 202 50 incidentes
462 963 86 50 in
505 963 202 50 adulteria:
664 963 101 50 nam
721 963 130 50 luxus
808 963 158 50 plurimi
909 963 86 50 sunt

222 1005 176 48 cogniti.
354 1005 73 48 &
384 1005 88 48 ab
428 1005 103 48 his
486 1005 161 48 omnibus
604 1005 88 48 in
648 1005 117 48 bona
721 1005 191 48 religione
853 1005 147 48 cauetur.

223 1052 184 53 Praeterea
364 1052 127 53 dicit
449 1052 141 53 Petrus
548 1052 198 53 Blesensis.
704 1052 85 53 Si
746 1052 184 53 paradisus
888 1052 99 53 est
944 1052 85 53 in

225 1097 137 57 terris,
324 1097 87 57 est
374 1097 74 57 in
411 1097 161 57 religione
535 1097 87 57 aut
584 1097 74 57 in
622 1097 137 57 studio.
721 1097 74 57 in
758 1097 161 57 religione
870 1097 124 57 vtrumque

218 1137 168 54 habebis.
344 1137 98 54 cui
400 1137 112 54 enim
470 1137 112 54 plus
540 1137 112 54 ocii
610 1137 126 54 datur
695 1137 168 54 studendi
821 1137 112 54 quam
877 1137 126 54 religio

223 1182 90 49 so
268 1182 75 49 a
298 1182 166 49 tumultu
419 1182 166 49 saeculi
539 1182 211 49 segregato?
705 1182 166 49 Literas
825 1182 136 49 autem
901 1182 90 49 Maro

219 1228 90 48 in
264 1228 150 48 primis
369 1228 150 48 elegit
475 1228 105 48 cum
535 1228 90 48 in
580 1228 165 48 secundo
700 1228 226 48 Georgicorum
866 1228 135 48 inquit.

228 1270 90 53 Me
273 1270 120 53 vero
348 1270 150 53 primum
452 1270 150 53 dulces
557 1270 120 53 ante
632 1270 135 53 omnia
722 1270 150 53 musae,
826 1270 150 53 Quarum
916 1270 75 53 sa-

223 1315 101 49 cra
280 1315 116 49 fero
353 1315 159 49 ingenti
468 1315 188 49 perculsus
613 1315 144 49 amore,
714 1315 202 49 Accipiant.
858 1315 130 49 Religio

222 1358 94 56 sus
275 1358 134 56 itaque
369 1358 134 56 sacrae
462 1358 187 56 scripturae
609 1358 160 56 intendit
730 1358 107 56 quae
796 1358 94 56 eum
850 1358 120 56 mores
930 1358 67 56 &
944 1358 53 56 sa

226 1406 183 55 pientiam
363 1406 152 55 docet.
470 1406 137 55 dicit
561 1406 152 55 namque
668 1406 198 55 Apostolus
820 1406 91 55 ad
851 1406 137 55 Romanos

225 1454 94 50 xv.
278 1454 188 50 Quaecumque
426 1454 148 50 scripta
533 1454 107 50 sunt
600 1454 67 50 /
627 1454 80 50 ad
667 1454 148 50 nostram
774 1454 174 50 doctrinam
895 1454 94 50 scri-

217 1493 95 59 pta
271 1493 122 59 sunt:
352 1493 81 59 vt
392 1493 95 59 per
446 1493 189 59 patientiam
595 1493 68 59 &
622 1493 230 59 consolationem
797 1493 189 59 scripturarum

216 1538 122 49 spem
292 1538 198 49 habeamus.
445 1538 92 49 Et
490 1538 168 49 Esaiae.
613 1538 168 49 xlviii.
735 1538 107 49 Ego
796 1538 168 49 dominus
902 1538 92 49 deus

215 1584 115 57 tuus
287 1584 144 57 docens
387 1584 86 57 te
431 1584 158 57 vtilia.
546 1584 72 57 &
575 1584 86 57 ad
618 1584 187 57 Hebraeos.
762 1584 130 57 iiii.
848 1584 130 57 Viuus
920 1584 72 57 est

211 1624 108 48 enim
279 1624 122 48 sermo
360 1624 95 48 dei
415 1624 68 48 /
442 1624 68 48 &
469 1624 149 48 efficax
577 1624 68 48 /
604 1624 68 48 &
631 1624 230 48 penetrabilior
821 1624 108 48 omni
875 1624 108 48 gladio

218 1666 211 56 ancipiti.
380 1666 81 56 &
413 1666 292 56 Psalmographus.
656 1666 130 56 Quam
737 1666 162 56 dulcia
835 1666 162 56 faucibus

224 1722 116 48 meis
296 1722 160 48 eloquia
412 1722 102 48 tua
470 1722 131 48 super
557 1722 102 48 mel
615 1722 102 48 ori
673 1722 116 48 meo.
746 1722 131 48 psal.
833 1722 160 48 cxviii.
934 1722 58 48 Et

224 1765 120 52 psal.
303 1765 133 52 xviii.
397 1765 226 52 Desiderabilia
583 1765 120 52 super
663 1765 120 52 aurum
742 1765 66 52 &
769 1765 146 52 lapidem
862 1765 133 52 praecio-

219 1805 112 51 sum
283 1805 176 51 multum:
411 1805 80 51 &
443 1805 192 51 dulciora
587 1805 144 51 super
684 1805 112 51 mel
748 1805 80 51 &
780 1805 160 51 fauum.
876 1805 112 51 Apec-

218 1849 111 52 cato
287 1849 166 52 siquidem
412 1849 138 52 sacrae
508 1849 193 52 scripturae
660 1849 138 52 lectio
757 1849 207 52 praeseruat.
909 1849 83 52 vnde

212 1896 112 47 rex
276 1896 80 47 &
308 1896 144 47 vates
404 1896 193 47 dicebat.
549 1896 96 47 Me
597 1896 273 47 expectauerunt
806 1896 193 47 peccatores

218 1939 86 52 vt
261 1939 186 52 perderent
403 1939 100 52 me:
461 1939 100 52 sed
518 1939 100 52 non
575 1939 257 52 praeualuerunt,
789 1939 114 52 quia
846 1939 143 52 testimo-

219 1984 103 54 nia
278 1984 103 54 tua
337 1984 206 54 intellexi.
498 1984 73 54 &
528 1984 132 54 psal.
616 1984 132 54 xxii.
704 1984 132 54 Posui
792 1984 88 54 in
821 1984 162 54 conspectu

213 2033 110 52 meo
276 2033 158 52 mensam
387 2033 189 52 aduersus
528 2033 110 52 eos
591 2033 110 52 qui
654 2033 205 52 tribulant
812 2033 110 52 me.
859 2033 126 52 sacrae

217 2073 204 44 scripturae
378 2073 175 44 lectioni
509 2073 204 44 intendens.
669 2073 116 44 Nunc
742 2073 131 44 vitas
829 2073 146 44 patrum
916 2073 73 44 re-

210 2117 182 47 ligiosus
346 2117 182 47 reuoluit
482 2117 91 47 vt
528 2117 106 47 eos
588 2117 167 47 imitari
709 2117 182 47 conetur:
846 2117 121 47 nunc
906 2117 76 47 ca-

214 2159 100 56 sus
271 2159 229 56 conscientiae
457 2159 186 56 sapientum
600 2159 186 56 perlegit:
743 2159 86 56 vt
786 2159 143 56 mentem
886 2159 114 56 suam
943 2159 43 56 &

210 2203 176 54 aliorum
338 2203 176 54 purget:
465 2203 144 54 horis
561 2203 192 54 statutis
705 2203 160 54 hymnos
816 2203 80 54 &
848 2203 112 54 dei
896 2203 96 54 lau-

211 2250 108 44 des
272 2250 200 44 hilariter
426 2250 200 44 depromit:
581 2250 77 44 &
612 2250 139 44 mente
704 2250 93 44 in
750 2250 154 44 caelum
843 2250 154 44 rapitur:

210 2292 122 53 nunc
286 2292 91 53 in
332 2292 167 53 cellula
453 2292 152 53 orando
560 2292 107 53 cum
621 2292 107 53 deo
681 2292 198 53 mussitat.
834 2292 107 53 sic
879 2292 122 53 sancte

214 2348 189 42 occupatus
360 2348 73 42 /
389 2348 73 42 a
418 2348 189 42 fluctibus
564 2348 160 42 saeculi
680 2348 160 42 prorsus
797 2348 102 42 est
840 2348 146 42 semotus.

217 2385 137 56 parce
308 2385 91 56 in
354 2385 213 56 refectorio
521 2385 167 56 comedit
642 2385 76 56 &
673 2385 152 56 bibit:
779 2385 152 56 modico
870 2385 122 56 quoque

211 2428 137 44 somno
302 2428 198 44 indulget.
455 2428 122 44 Ecce
531 2428 122 44 boni
608 2428 198 44 religiosi
760 2428 153 44 vitam:
867 2428 107 44 vel
913 2428 76 44 pau

207 2471 98 60 ca
256 2471 213 60 exercitia
419 2471 164 60 quibus
534 2471 131 60 sese
616 2471 98 60 in
665 2471 131 60 vita
747 2471 196 60 occupat.
877 2471 115 60 Longe

201 2514 132 54 autem
289 2514 88 54 ab
334 2514 103 54 his
392 2514 162 54 diuersa
510 2514 88 54 in
554 2514 162 54 saeculo
671 2514 191 54 eueniunt.
818 2514 132 54 quare
892 2514 88 54 con-

199 2556 137 62 clusio
295 2556 123 62 vera,
377 2556 164 62 scilicet
500 2556 109 62 quod
568 2556 137 62 status
664 2556 191 62 religionis
814 2556 82 62 in
855 2556 96 62 qua
896 2556 96 62 regu-

194 2601 86 57 la
237 2601 71 57 a
265 2601 186 57 fratribus
408 2601 186 57 seruatur,
551 2601 100 57 est
608 2601 129 57 statu
694 2601 186 57 saeculari
837 2601 171 57 securior
951 2601 43 57 &

199 2644 131 59 longe
287 2644 248 59 praestantior.
520 2644 160 59 Secunda
636 2644 204 59 conclusio.
797 2644 131 59 Multi
884 2644 87 59 in
913 2644 73 59 sae

203 2682 110 57 culo
272 2682 192 57 saluantur.
423 2682 137 57 patet.
519 2682 96 57 nam
574 2682 137 57 aliqui
670 2682 110 57 sunt
738 2682 110 57 boni
807 2682 123 57 laici
889 2682 69 57 &
903 2682 82 57 plu-

194 2733 99 54 res
250 2733 225 54 comparatiue:
433 2733 197 54 sacerdotes
588 2733 141 54 quoque
687 2733 141 54 paucis
786 2733 183 54 contenti,
913 2733 70 54 ver

194 2776 82 50 bo
235 2776 69 50 &
263 2776 151 50 exemplo
373 2776 124 50 vitae
455 2776 124 50 alios
538 2776 220 50 instituentes
716 2776 69 50 &
744 2776 234 50 aedificantes:
922 2776 69 50 ca-

192 2820 104 70 sti,
257 2820 91 70 non
309 2820 130 70 auari:
401 2820 91 70 nec
453 2820 117 70 aliis
531 2820 130 70 vitiis
623 2820 170 70 irretiti.
753 2820 91 70 qui
805 2820 183 70 existentes
949 2820 78 70 in

1066 437 153 54 mundo,
1173 437 153 54 mundum
1280 437 107 54 non
1341 437 169 54 curant:
1464 437 107 54 sed
1525 437 138 54 legem
1617 437 107 54 dei
1678 437 184 54 quaerunt
1801 437 46 54 &

1079 481 188 51 quaesitam
1223 481 202 51 obseruant.
1410 481 144 51 Tertia
1512 481 202 51 conclusio.
1670 481 130 51 Multi
1742 481 87 51 sunt

1072 522 194 47 religiosi
1221 522 179 47 vulgares
1355 522 89 47 in
1400 522 209 47 periculoso
1564 522 134 47 statu
1653 522 89 47 ex
1698 522 104 47 sua
1743 522 104 47 culpa

1081 565 163 45 viuentes
1204 565 163 45 probatur
1326 565 109 45 sic.
1393 565 122 45 multi
1475 565 149 45 illorum
1583 565 95 45 non
1638 565 176 45 obseruant
1760 565 81 45 regu

1068 606 108 50 las
1129 606 123 50 quas
1206 606 200 50 vouerunt:
1360 606 108 50 sed
1422 606 123 50 sunt
1499 606 200 50 religiosi
1638 606 200 50 mathematici

1064 653 70 47 &
1092 653 155 47 habitu.
1205 653 155 47 malitia
1317 653 127 47 autem
1402 653 99 47 non
1458 653 169 47 prouenit
1585 653 70 47 a
1613 653 169 47 regulis:
1739 653 99 47 sed
1782 653 56 47 ex

1073 700 144 47 eorum
1169 700 176 47 culpis.
1296 700 128 47 Hinc
1376 700 160 47 beatus
1488 700 223 47 Augustinus
1664 700 192 47 scribens
1807 700 96 47 ad

1069 740 203 52 Vincentium
1228 740 203 52 Donatistam
1388 740 145 52 dicit.
1489 740 131 52 Sicut
1576 740 189 52 difficile
1721 740 102 52 sum
1765 740 73 52 ex-

1076 786 135 59 pertus
1170 786 162 59 meliores
1291 786 108 59 quam
1359 786 94 59 qui
1413 786 81 59 in
1453 786 189 59 monasterio
1602 786 216 59 profecerunt:
1764 786 67 59 ita

1072 830 104 51 non
1132 830 104 51 sum
1191 830 208 51 deteriores
1355 830 179 51 expertus
1489 830 119 51 quam
1563 830 104 51 qui
1623 830 89 51 in
1652 830 179 51 monasterio

1074 872 200 51 defecerunt.
1234 872 67 51 &
1260 872 160 51 citatur.
1380 872 133 51 xlvii.
1474 872 120 51 dist.
1554 872 80 51 c.
1594 872 147 51 Quantum
1701 872 133 51 libet.
1781 872 53 51 Hi

1060 922 95 56 cum
1115 922 162 56 vouerint
1236 922 216 56 paupertatem,
1412 922 203 56 obedientiam
1574 922 95 56 cum
1628 922 189 56 castitate,
1763 922 68 56 sae

1063 972 133 50 culum
1152 972 222 50 deserentes:
1330 972 163 50 iterato
1448 972 118 50 more
1522 972 133 50 canum
1611 972 89 50 ad
1655 972 163 50 vomitum
1759 972 74 50 re-

1065 1010 141 57 deunt
1159 1010 78 57 &
1191 1010 94 57 ad
1237 1010 203 57 saeculum.
1394 1010 110 57 Sed
1457 1010 94 57 vt
1503 1010 141 57 dicit
1597 1010 188 57 Eugenius
1722 1010 110 57 papa,

1058 1056 65 59 &
1084 1056 182 59 recitatur.
1227 1056 104 59 xvi.
1292 1056 78 59 q.
1331 1056 78 59 i.
1370 1056 78 59 c.
1409 1056 156 59 Placuit.
1525 1056 117 59 Sicut
1603 1056 130 59 piscis
1694 1056 104 59 sine
1759 1056 104 59 aqua

1062 1094 144 55 caret
1158 1094 144 55 vita:
1254 1094 112 55 ita
1317 1094 128 55 sine
1397 1094 223 55 monasterio
1573 1094 207 55 monachus.
1716 1094 112 55 Porro

1060 1139 179 48 coenobio
1194 1139 164 48 relicto
1313 1139 164 48 saeculo
1433 1139 119 48 sese
1507 1139 209 48 ingerentes
1671 1139 104 48 non
1716 1139 119 48 relin-

1063 1185 132 54 quunt
1151 1185 175 54 sindonem
1283 1185 102 54 cum
1341 1185 117 54 illo
1414 1185 102 54 qui
1473 1185 175 54 Christum
1604 1185 175 54 instante
1721 1185 117 54 passio

1060 1229 90 47 ne
1105 1229 225 47 sequebatur:
1285 1229 105 47 non
1345 1229 165 47 hydriam
1465 1229 105 47 cum
1525 1229 225 47 Samaritana:
1705 1229 105 47 non
1750 1229 90 47 rete

1061 1275 101 48 cum
1118 1275 144 48 petro:
1219 1275 101 48 non
1276 1275 173 48 telonium
1406 1275 101 48 cum
1463 1275 187 48 Matthaeo:
1607 1275 101 48 non
1664 1275 158 48 pallium
1765 1275 72 48 cum

1063 1316 148 54 Ioseph
1167 1316 222 54 aegyptiacae
1344 1316 177 54 mulieri:
1477 1316 103 54 sed
1536 1316 177 54 conantur
1669 1316 89 54 ab
1699 1316 133 54 itinere

1050 1369 88 48 ad
1094 1369 147 48 terram
1197 1369 235 48 promissionis
1388 1369 147 48 redire
1491 1369 88 48 ad
1535 1369 191 48 aegyptum,
1682 1369 73 48 &
1697 1369 132 48 comede-

1051 1409 84 44 re
1093 1409 141 44 carnes
1191 1409 112 44 more
1262 1409 267 44 recalcitrantium
1487 1409 211 44 Hebraeorum:
1655 1409 98 44 qui
1712 1409 84 44 vt
1740 1409 98 44 scri-

1059 1448 133 52 bitur
1148 1448 162 52 Numeri.
1265 1448 103 52 xi.
1324 1448 191 52 dicebant.
1472 1448 118 52 Quis
1545 1448 133 52 dabit
1634 1448 133 52 nobis
1722 1448 88 52 ad
1751 1448 74 52 ve-

1061 1494 176 60 scendum
1189 1494 176 60 carnes?
1317 1494 224 60 recordamur
1493 1494 176 60 piscium
1621 1494 128 60 quos
1685 1494 144 60 comede-

1059 1540 143 49 bamus
1154 1540 95 49 in
1202 1540 174 49 aegypto
1329 1540 174 49 gratis:
1456 1540 95 49 in
1503 1540 159 49 mentem
1614 1540 143 49 nobis
1693 1540 143 49 veniunt

1056 1586 223 57 cucumeres,
1231 1586 80 57 &
1263 1586 191 57 pepones,
1406 1586 207 57 porrique,
1565 1586 80 57 &
1597 1586 143 57 cepe,
1693 1586 80 57 &
1709 1586 127 57 allia.

1063 1626 131 59 Anima
1151 1626 146 59 nostra
1253 1626 131 59 arida
1340 1626 117 59 est.
1413 1626 131 59 nihil
1501 1626 131 59 aliud
1588 1626 204 59 respiciunt
1734 1626 102 59 oculi

1051 1680 148 57 nostri
1155 1680 119 57 nisi
1229 1680 119 57 man.
1303 1680 119 57 Isti
1378 1680 193 57 moraliter
1526 1680 119 57 sunt
1600 1680 193 57 religiosi
1734 1680 89 57 Aegy

1054 1721 127 57 ptum.
1139 1721 85 57 i.
1181 1721 141 57 mundum
1280 1721 241 57 relinquentes:
1478 1721 85 57 ad
1521 1721 198 57 religionem
1676 1721 127 57 locum
1747 1721 85 57 poe-

1051 1761 181 62 nitentiae
1190 1761 70 62 &
1218 1761 223 62 arctitudinis
1399 1761 181 62 pergentes
1539 1761 84 62 vt
1580 1761 84 62 ad
1622 1761 139 62 terram
1706 1761 125 62 promis-

1055 1805 155 51 sionis:
1168 1805 99 51 hoc
1224 1805 99 51 est
1281 1805 85 51 ad
1323 1805 183 51 paradisum
1464 1805 183 51 caelestem
1605 1805 212 51 perueniant.
1775 1805 85 51 in

1053 1853 109 49 qua
1116 1853 202 49 religione
1271 1853 140 49 manna
1364 1853 217 49 manducant,
1534 1853 109 49 hoc
1596 1853 109 49 est
1643 1853 186 49 deuotionem

1054 1895 139 46 sacrae
1151 1895 208 46 scripturae:
1318 1895 69 46 &
1346 1895 83 46 ea
1387 1895 111 46 quae
1457 1895 83 46 in
1499 1895 208 46 conclusione
1651 1895 181 46 praecedente

1051 1941 199 56 citauimus.
1207 1941 100 56 sed
1264 1941 100 56 hoc
1321 1941 114 56 isti
1392 1941 213 56 contemnunt:
1563 1941 142 56 carnes
1648 1941 185 56 desiderant,

1046 1984 100 45 hoc
1103 1984 100 45 est
1160 1984 171 45 carnales
1288 1984 171 45 delicias
1416 1984 85 45 in
1458 1984 142 45 mundo.
1558 1984 156 45 Haerbae
1672 1984 128 45 autem
1743 1984 85 45 fri-

1045 2036 123 52 gidae
1127 2036 109 52 quae
1196 2036 150 52 tanquam
1305 2036 191 52 salsamenta
1455 2036 96 52 eis
1510 2036 178 52 dabantur,
1633 2036 191 52 frigiditatem

1055 2077 201 57 deuotionis,
1215 2077 67 57 &
1242 2077 201 57 spiritualis
1402 2077 174 57 laetitiae
1536 2077 214 57 significant:
1710 2077 107 57 quae
1763 2077 67 57 cum

1039 2113 135 58 illis
1129 2113 209 58 carnalibus
1293 2113 239 58 voluptatibus
1488 2113 195 58 miscetur.
1638 2113 150 58 potri,
1727 2113 105 58 cepe,

1047 2161 74 48 &
1077 2161 133 48 allia
1165 2161 148 48 suapte
1269 2161 148 48 natura
1372 2161 148 48 calida
1475 2161 221 48 appetuntur,
1652 2161 118 48 quae
1711 2161 118 48 chole-

1045 2209 102 51 ram
1104 2209 73 51 &
1133 2209 189 51 auaritiae
1278 2209 160 51 ardorem
1394 2209 189 51 generant.
1539 2209 131 51 Anima
1627 2209 102 51 est
1685 2209 131 51 arida
1757 2209 73 51 cha

1048 2250 146 60 ritate
1150 2250 73 60 &
1180 2250 204 60 deuotione:
1340 2250 102 60 nec
1398 2250 131 60 sapit
1485 2250 87 60 ei
1529 2250 160 60 dulcedo
1646 2250 175 60 sacrarum
1762 2250 73 60 li-

1044 2291 175 54 terarum.
1176 2291 131 54 sicut
1263 2291 146 54 palato
1365 2291 102 54 non
1424 2291 117 54 sano
1497 2291 131 54 cibus
1584 2291 160 54 optimus
1701 2291 102 54 est
1744 2291 88 54 poe-

1052 2339 85 50 na
1094 2339 114 50 quam
1166 2339 114 50 sano
1237 2339 100 50 est
1294 2339 156 50 suauis.
1407 2339 114 50 hinc
1479 2339 156 50 dicitur
1592 2339 171 50 Prouerb.
1706 2339 114 50 xxvii.

1049 2382 140 48 Anima
1143 2382 186 48 saturata
1282 2382 186 48 calcabit
1422 2382 155 48 fauum.
1531 2382 124 48 more
1593 2382 233 48 febricitantis

1052 2431 165 46 contraria
1179 2431 152 46 sanitati
1293 2431 203 46 affectantis.
1458 2431 101 46 Isti
1522 2431 127 46 namque
1610 2431 152 46 febribus
1712 2431 114 46 calidis

1049 2471 122 63 simis
1131 2471 176 63 laborant:
1267 2471 68 63 &
1294 2471 176 63 contraria
1429 2471 109 63 suae
1497 2471 136 63 saluti
1592 2471 149 63 petunt.
1687 2471 136 63 Postquam

1053 2515 115 62 autem
1130 2515 140 62 dominus
1231 2515 115 62 dedit
1308 2515 89 62 eis
1359 2515 127 62 carnes
1448 2515 191 62 coturnicum,
1601 2515 102 62 quid
1664 2515 140 62 secutum
1753 2515 64 62 sit

1052 2558 137 52 litera
1148 2558 151 52 sequens
1258 2558 82 52 in
1299 2558 110 52 fine
1368 2558 110 52 cap.
1436 2558 137 52 natrat
1532 2558 151 52 dicens.
1642 2558 123 52 Adhuc
1710 2558 110 52 carnes

1051 2604 129 49 erant
1137 2604 86 49 in
1179 2604 172 49 dentibus
1308 2604 143 49 eorum:
1408 2604 100 49 nec
1465 2604 186 49 defecerat
1608 2604 215 49 huiuscemodi
1766 2604 57 49 ci

1039 2647 111 54 bus:
1109 2647 69 54 &
1136 2647 111 54 ecce
1206 2647 125 54 furor
1289 2647 139 54 domini
1386 2647 195 54 concitatus
1539 2647 83 54 in
1581 2647 153 54 populum
1678 2647 153 54 percussit

1043 2695 111 48 eum
1107 2695 143 48 plaga
1202 2695 143 48 magna
1297 2695 159 48 nimis.
1408 2695 222 48 vocatusque
1582 2695 111 48 est
1646 2695 127 48 ille
1709 2695 111 48 locus

1050 2739 191 45 sepulchra
1197 2739 294 45 concupiscentiae,
1447 2739 103 45 ibi
1506 2739 118 45 enim
1579 2739 220 45 sepelierunt
1741 2739 88 45 popu

1046 2781 96 62 lum
1101 2781 96 62 qui
1156 2781 234 62 desiderauerat
1349 2781 151 62 carnes.
1459 2781 96 62 Sic
1514 2781 110 62 isti
1583 2781 179 62 religiosi
1721 2781 83 62 in
1748 2781 83 62 con-

1055 2826 231 67 cupiscentiis
1242 2826 202 67 carnalibus
1401 2826 72 67 &
1430 2826 188 67 ardoribus
1575 2826 145 67 crebro
1676 2826 87 67 in
1705 2826 130 67 saeculo
