<?xml version="1.0" encoding="UTF-8"?>
<alto xmlns:xsi="http://www.w3.org/2001/XMLSchema-instance"
      xmlns="http://www.loc.gov/standards/alto/ns-v2#"
      xmlns:page="http://schema.primaresearch.org/PAGE/gts/pagecontent/2013-07-15"
      xsi:schemaLocation="http://www.loc.gov/standards/alto/ns-v2# http://www.loc.gov/standards/alto/alto.xsd">
   <Description>
      <MeasurementUnit>pixel</MeasurementUnit>
      <OCRProcessing ID="IdOcr">
         <ocrProcessingStep>
            <processingDateTime>2020-06-19T10:10:34.253-04:00</processingDateTime>
            <processingSoftware>
               <softwareCreator>READ COOP</softwareCreator>
               <softwareName>Transkribus</softwareName>
            </processingSoftware>
         </ocrProcessingStep>
      </OCRProcessing>
   </Description>
   <Tags/>
   <Layout>
      <Page ID="Page1" PHYSICAL_IMG_NR="1" HEIGHT="3312" WIDTH="2344">
         <TopMargin HEIGHT="0" WIDTH="2344" VPOS="0" HPOS="0"/>
         <LeftMargin HEIGHT="3312" WIDTH="0" VPOS="0" HPOS="0"/>
         <RightMargin HEIGHT="3312" WIDTH="0" VPOS="0" HPOS="2344"/>
         <BottomMargin HEIGHT="0" WIDTH="2344" VPOS="3312" HPOS="0"/>
         <PrintSpace HEIGHT="3312" WIDTH="2344" VPOS="0" HPOS="0">
            <TextBlock ID="TextRegion_1592248003706_672"
                       HEIGHT="2521"
                       WIDTH="842"
                       VPOS="231"
                       HPOS="458">
               <Shape>
                  <Polygon POINTS="458,231 1300,231 1300,2752 458,2752"/>
               </Shape>
               <TextLine ID="r1l2"
                         BASELINE="346"
                         HEIGHT="55"
                         WIDTH="746"
                         VPOS="291"
                         HPOS="498">
                  <String HEIGHT="55"
                          WIDTH="213"
                          VPOS="291"
                          HPOS="483"
                          CONTENT="Timotheum."/>
                  <SP HEIGHT="55" WIDTH="15" VPOS="291" HPOS="696"/>
                  <String HEIGHT="55" WIDTH="107" VPOS="291" HPOS="650" CONTENT="vi."/>
                  <SP HEIGHT="55" WIDTH="15" VPOS="291" HPOS="757"/>
                  <String HEIGHT="55" WIDTH="107" VPOS="291" HPOS="711" CONTENT="Qui"/>
                  <SP HEIGHT="55" WIDTH="15" VPOS="291" HPOS="818"/>
                  <String HEIGHT="55"
                          WIDTH="152"
                          VPOS="291"
                          HPOS="772"
                          CONTENT="volunt"/>
                  <SP HEIGHT="55" WIDTH="15" VPOS="291" HPOS="924"/>
                  <String HEIGHT="55"
                          WIDTH="137"
                          VPOS="291"
                          HPOS="879"
                          CONTENT="fieri"/>
                  <SP HEIGHT="55" WIDTH="15" VPOS="291" HPOS="1016"/>
                  <String HEIGHT="55"
                          WIDTH="183"
                          VPOS="291"
                          HPOS="970"
                          CONTENT="diuites,"/>
                  <SP HEIGHT="55" WIDTH="15" VPOS="291" HPOS="1153"/>
                  <String HEIGHT="55"
                          WIDTH="152"
                          VPOS="291"
                          HPOS="1092"
                          CONTENT="incidunt"/>
               </TextLine>
               <TextLine ID="r1l4"
                         BASELINE="392"
                         HEIGHT="47"
                         WIDTH="755"
                         VPOS="345"
                         HPOS="495">
                  <String HEIGHT="47" WIDTH="85" VPOS="345" HPOS="481" CONTENT="in"/>
                  <SP HEIGHT="47" WIDTH="14" VPOS="345" HPOS="566"/>
                  <String HEIGHT="47"
                          WIDTH="214"
                          VPOS="345"
                          HPOS="523"
                          CONTENT="tentationem"/>
                  <SP HEIGHT="47" WIDTH="14" VPOS="345" HPOS="737"/>
                  <String HEIGHT="47" WIDTH="71" VPOS="345" HPOS="694" CONTENT="&amp;"/>
                  <SP HEIGHT="47" WIDTH="14" VPOS="345" HPOS="766"/>
                  <String HEIGHT="47" WIDTH="85" VPOS="345" HPOS="723" CONTENT="in"/>
                  <SP HEIGHT="47" WIDTH="14" VPOS="345" HPOS="808"/>
                  <String HEIGHT="47"
                          WIDTH="157"
                          VPOS="345"
                          HPOS="766"
                          CONTENT="laqueum"/>
                  <SP HEIGHT="47" WIDTH="14" VPOS="345" HPOS="922"/>
                  <String HEIGHT="47"
                          WIDTH="171"
                          VPOS="345"
                          HPOS="880"
                          CONTENT="diaboli."/>
                  <SP HEIGHT="47" WIDTH="14" VPOS="345" HPOS="1051"/>
                  <String HEIGHT="47" WIDTH="71" VPOS="345" HPOS="1008" CONTENT="&amp;"/>
                  <SP HEIGHT="47" WIDTH="14" VPOS="345" HPOS="1079"/>
                  <String HEIGHT="47"
                          WIDTH="142"
                          VPOS="345"
                          HPOS="1036"
                          CONTENT="Lucae."/>
                  <SP HEIGHT="47" WIDTH="14" VPOS="345" HPOS="1179"/>
                  <String HEIGHT="47"
                          WIDTH="100"
                          VPOS="345"
                          HPOS="1136"
                          CONTENT="vi."/>
                  <SP HEIGHT="47" WIDTH="14" VPOS="345" HPOS="1236"/>
                  <String HEIGHT="47" WIDTH="71" VPOS="345" HPOS="1179" CONTENT="Vae"/>
               </TextLine>
               <TextLine ID="r1l6"
                         BASELINE="440"
                         HEIGHT="49"
                         WIDTH="763"
                         VPOS="391"
                         HPOS="496">
                  <String HEIGHT="49"
                          WIDTH="143"
                          VPOS="391"
                          HPOS="480"
                          CONTENT="vobis"/>
                  <SP HEIGHT="49" WIDTH="16" VPOS="391" HPOS="623"/>
                  <String HEIGHT="49"
                          WIDTH="223"
                          VPOS="391"
                          HPOS="575"
                          CONTENT="diuitibus."/>
                  <SP HEIGHT="49" WIDTH="16" VPOS="391" HPOS="798"/>
                  <String HEIGHT="49" WIDTH="95" VPOS="391" HPOS="750" CONTENT="Et"/>
                  <SP HEIGHT="49" WIDTH="16" VPOS="391" HPOS="846"/>
                  <String HEIGHT="49"
                          WIDTH="159"
                          VPOS="391"
                          HPOS="798"
                          CONTENT="Matth."/>
                  <SP HEIGHT="49" WIDTH="16" VPOS="391" HPOS="957"/>
                  <String HEIGHT="49"
                          WIDTH="127"
                          VPOS="391"
                          HPOS="909"
                          CONTENT="xix."/>
                  <SP HEIGHT="49" WIDTH="16" VPOS="391" HPOS="1036"/>
                  <String HEIGHT="49"
                          WIDTH="191"
                          VPOS="391"
                          HPOS="989"
                          CONTENT="Facilius"/>
                  <SP HEIGHT="49" WIDTH="16" VPOS="391" HPOS="1180"/>
                  <String HEIGHT="49"
                          WIDTH="111"
                          VPOS="391"
                          HPOS="1132"
                          CONTENT="est"/>
                  <SP HEIGHT="49" WIDTH="16" VPOS="391" HPOS="1243"/>
                  <String HEIGHT="49"
                          WIDTH="79"
                          VPOS="391"
                          HPOS="1180"
                          CONTENT="ca"
                          SUBS_TYPE="HypPart1"
                          SUBS_CONTENT="camelum"/>
                  <HYP CONTENT="-"/>
               </TextLine>
               <TextLine ID="r1l8"
                         BASELINE="478"
                         HEIGHT="47"
                         WIDTH="757"
                         VPOS="431"
                         HPOS="496">
                  <String HEIGHT="47"
                          WIDTH="117"
                          VPOS="431"
                          HPOS="483"
                          CONTENT="melum"
                          SUBS_TYPE="HypPart2"
                          SUBS_CONTENT="camelum"/>
                  <SP HEIGHT="47" WIDTH="13" VPOS="431" HPOS="600"/>
                  <String HEIGHT="47" WIDTH="91" VPOS="431" HPOS="561" CONTENT="per"/>
                  <SP HEIGHT="47" WIDTH="13" VPOS="431" HPOS="653"/>
                  <String HEIGHT="47"
                          WIDTH="144"
                          VPOS="431"
                          HPOS="613"
                          CONTENT="foramen"/>
                  <SP HEIGHT="47" WIDTH="13" VPOS="431" HPOS="757"/>
                  <String HEIGHT="47"
                          WIDTH="104"
                          VPOS="431"
                          HPOS="718"
                          CONTENT="acus"/>
                  <SP HEIGHT="47" WIDTH="13" VPOS="431" HPOS="822"/>
                  <String HEIGHT="47"
                          WIDTH="157"
                          VPOS="431"
                          HPOS="783"
                          CONTENT="transire"/>
                  <SP HEIGHT="47" WIDTH="13" VPOS="431" HPOS="940"/>
                  <String HEIGHT="47"
                          WIDTH="104"
                          VPOS="431"
                          HPOS="901"
                          CONTENT="quam"/>
                  <SP HEIGHT="47" WIDTH="13" VPOS="431" HPOS="1005"/>
                  <String HEIGHT="47"
                          WIDTH="144"
                          VPOS="431"
                          HPOS="966"
                          CONTENT="diuitem"/>
                  <SP HEIGHT="47" WIDTH="13" VPOS="431" HPOS="1109"/>
                  <String HEIGHT="47"
                          WIDTH="144"
                          VPOS="431"
                          HPOS="1070"
                          CONTENT="intrare"/>
                  <SP HEIGHT="47" WIDTH="13" VPOS="431" HPOS="1214"/>
                  <String HEIGHT="47" WIDTH="78" VPOS="431" HPOS="1175" CONTENT="in"/>
                  <SP HEIGHT="47" WIDTH="13" VPOS="431" HPOS="1253"/>
                  <String HEIGHT="47" WIDTH="52" VPOS="431" HPOS="1201" CONTENT="re"/>
               </TextLine>
               <TextLine ID="r1l10"
                         BASELINE="531"
                         HEIGHT="54"
                         WIDTH="746"
                         VPOS="477"
                         HPOS="503">
                  <String HEIGHT="54"
                          WIDTH="117"
                          VPOS="477"
                          HPOS="488"
                          CONTENT="gnum"/>
                  <SP HEIGHT="54" WIDTH="15" VPOS="477" HPOS="605"/>
                  <String HEIGHT="54"
                          WIDTH="190"
                          VPOS="477"
                          HPOS="562"
                          CONTENT="caelorum,"/>
                  <SP HEIGHT="54" WIDTH="15" VPOS="477" HPOS="752"/>
                  <String HEIGHT="54"
                          WIDTH="117"
                          VPOS="477"
                          HPOS="708"
                          CONTENT="quod"/>
                  <SP HEIGHT="54" WIDTH="15" VPOS="477" HPOS="825"/>
                  <String HEIGHT="54"
                          WIDTH="176"
                          VPOS="477"
                          HPOS="781"
                          CONTENT="exponens"/>
                  <SP HEIGHT="54" WIDTH="15" VPOS="477" HPOS="956"/>
                  <String HEIGHT="54"
                          WIDTH="146"
                          VPOS="477"
                          HPOS="913"
                          CONTENT="Mircus"/>
                  <SP HEIGHT="54" WIDTH="15" VPOS="477" HPOS="1059"/>
                  <String HEIGHT="54"
                          WIDTH="102"
                          VPOS="477"
                          HPOS="1015"
                          CONTENT="aut"/>
                  <SP HEIGHT="54" WIDTH="15" VPOS="477" HPOS="1117"/>
                  <String HEIGHT="54"
                          WIDTH="146"
                          VPOS="477"
                          HPOS="1073"
                          CONTENT="verius"/>
                  <SP HEIGHT="54" WIDTH="15" VPOS="477" HPOS="1220"/>
                  <String HEIGHT="54"
                          WIDTH="88"
                          VPOS="477"
                          HPOS="1161"
                          CONTENT="Chri"/>
               </TextLine>
               <TextLine ID="r1l12"
                         BASELINE="579"
                         HEIGHT="59"
                         WIDTH="758"
                         VPOS="520"
                         HPOS="498">
                  <String HEIGHT="59"
                          WIDTH="117"
                          VPOS="520"
                          HPOS="483"
                          CONTENT="stus"/>
                  <SP HEIGHT="59" WIDTH="15" VPOS="520" HPOS="600"/>
                  <String HEIGHT="59" WIDTH="102" VPOS="520" HPOS="556" CONTENT="per"/>
                  <SP HEIGHT="59" WIDTH="15" VPOS="520" HPOS="658"/>
                  <String HEIGHT="59" WIDTH="87" VPOS="520" HPOS="615" CONTENT="os"/>
                  <SP HEIGHT="59" WIDTH="15" VPOS="520" HPOS="702"/>
                  <String HEIGHT="59"
                          WIDTH="131"
                          VPOS="520"
                          HPOS="658"
                          CONTENT="Marci"/>
                  <SP HEIGHT="59" WIDTH="15" VPOS="520" HPOS="790"/>
                  <String HEIGHT="59"
                          WIDTH="146"
                          VPOS="520"
                          HPOS="746"
                          CONTENT="decimo"/>
                  <SP HEIGHT="59" WIDTH="15" VPOS="520" HPOS="892"/>
                  <String HEIGHT="59"
                          WIDTH="117"
                          VPOS="520"
                          HPOS="848"
                          CONTENT="cap."/>
                  <SP HEIGHT="59" WIDTH="15" VPOS="520" HPOS="964"/>
                  <String HEIGHT="59"
                          WIDTH="160"
                          VPOS="520"
                          HPOS="921"
                          CONTENT="inquit."/>
                  <SP HEIGHT="59" WIDTH="15" VPOS="520" HPOS="1081"/>
                  <String HEIGHT="59"
                          WIDTH="117"
                          VPOS="520"
                          HPOS="1037"
                          CONTENT="Quam"/>
                  <SP HEIGHT="59" WIDTH="15" VPOS="520" HPOS="1154"/>
                  <String HEIGHT="59"
                          WIDTH="160"
                          VPOS="520"
                          HPOS="1096"
                          CONTENT="difficile"/>
               </TextLine>
               <TextLine ID="r1l14"
                         BASELINE="628"
                         HEIGHT="57"
                         WIDTH="761"
                         VPOS="571"
                         HPOS="495">
                  <String HEIGHT="57" WIDTH="104" VPOS="571" HPOS="480" CONTENT="qui"/>
                  <SP HEIGHT="57" WIDTH="15" VPOS="571" HPOS="585"/>
                  <String HEIGHT="57"
                          WIDTH="179"
                          VPOS="571"
                          HPOS="540"
                          CONTENT="pecunias"/>
                  <SP HEIGHT="57" WIDTH="15" VPOS="571" HPOS="719"/>
                  <String HEIGHT="57"
                          WIDTH="164"
                          VPOS="571"
                          HPOS="674"
                          CONTENT="habent,"/>
                  <SP HEIGHT="57" WIDTH="15" VPOS="571" HPOS="838"/>
                  <String HEIGHT="57" WIDTH="90" VPOS="571" HPOS="793" CONTENT="in"/>
                  <SP HEIGHT="57" WIDTH="15" VPOS="571" HPOS="883"/>
                  <String HEIGHT="57"
                          WIDTH="149"
                          VPOS="571"
                          HPOS="838"
                          CONTENT="regnum"/>
                  <SP HEIGHT="57" WIDTH="15" VPOS="571" HPOS="987"/>
                  <String HEIGHT="57" WIDTH="104" VPOS="571" HPOS="943" CONTENT="dei"/>
                  <SP HEIGHT="57" WIDTH="15" VPOS="571" HPOS="1047"/>
                  <String HEIGHT="57"
                          WIDTH="224"
                          VPOS="571"
                          HPOS="1002"
                          CONTENT="introibunt."/>
                  <SP HEIGHT="57" WIDTH="15" VPOS="571" HPOS="1226"/>
                  <String HEIGHT="57" WIDTH="75" VPOS="571" HPOS="1181" CONTENT="â‹"/>
                  <SP HEIGHT="57" WIDTH="15" VPOS="571" HPOS="1256"/>
                  <String HEIGHT="57" WIDTH="60" VPOS="571" HPOS="1196" CONTENT="Se"/>
               </TextLine>
               <TextLine ID="r1l16"
                         BASELINE="669"
                         HEIGHT="54"
                         WIDTH="749"
                         VPOS="615"
                         HPOS="507">
                  <String HEIGHT="54"
                          WIDTH="138"
                          VPOS="615"
                          HPOS="492"
                          CONTENT="cunda"/>
                  <SP HEIGHT="54" WIDTH="15" VPOS="615" HPOS="629"/>
                  <String HEIGHT="54"
                          WIDTH="214"
                          VPOS="615"
                          HPOS="583"
                          CONTENT="conclusio."/>
                  <SP HEIGHT="54" WIDTH="15" VPOS="615" HPOS="797"/>
                  <String HEIGHT="54"
                          WIDTH="214"
                          VPOS="615"
                          HPOS="752"
                          CONTENT="Voluntatia"/>
                  <SP HEIGHT="54" WIDTH="15" VPOS="615" HPOS="966"/>
                  <String HEIGHT="54"
                          WIDTH="199"
                          VPOS="615"
                          HPOS="920"
                          CONTENT="paupertas"/>
                  <SP HEIGHT="54" WIDTH="15" VPOS="615" HPOS="1118"/>
                  <String HEIGHT="54"
                          WIDTH="107"
                          VPOS="615"
                          HPOS="1073"
                          CONTENT="est"/>
                  <SP HEIGHT="54" WIDTH="15" VPOS="615" HPOS="1180"/>
                  <String HEIGHT="54"
                          WIDTH="138"
                          VPOS="615"
                          HPOS="1118"
                          CONTENT="apprime"/>
               </TextLine>
               <TextLine ID="r1l18"
                         BASELINE="717"
                         HEIGHT="63"
                         WIDTH="739"
                         VPOS="654"
                         HPOS="504">
                  <String HEIGHT="63" WIDTH="89" VPOS="654" HPOS="489" CONTENT="ab"/>
                  <SP HEIGHT="63" WIDTH="15" VPOS="654" HPOS="578"/>
                  <String HEIGHT="63"
                          WIDTH="163"
                          VPOS="654"
                          HPOS="534"
                          CONTENT="omnibus"/>
                  <SP HEIGHT="63" WIDTH="15" VPOS="654" HPOS="696"/>
                  <String HEIGHT="63"
                          WIDTH="222"
                          VPOS="654"
                          HPOS="652"
                          CONTENT="sapientibus"/>
                  <SP HEIGHT="63" WIDTH="15" VPOS="654" HPOS="874"/>
                  <String HEIGHT="63"
                          WIDTH="177"
                          VPOS="654"
                          HPOS="829"
                          CONTENT="laudata."/>
                  <SP HEIGHT="63" WIDTH="15" VPOS="654" HPOS="1007"/>
                  <String HEIGHT="63" WIDTH="103" VPOS="654" HPOS="962" CONTENT="hoc"/>
                  <SP HEIGHT="63" WIDTH="15" VPOS="654" HPOS="1066"/>
                  <String HEIGHT="63"
                          WIDTH="118"
                          VPOS="654"
                          HPOS="1021"
                          CONTENT="est:"/>
                  <SP HEIGHT="63" WIDTH="15" VPOS="654" HPOS="1140"/>
                  <String HEIGHT="63"
                          WIDTH="148"
                          VPOS="654"
                          HPOS="1095"
                          CONTENT="habere"/>
                  <SP HEIGHT="63" WIDTH="15" VPOS="654" HPOS="1243"/>
                  <String HEIGHT="63" WIDTH="59" VPOS="654" HPOS="1184" CONTENT="ne"/>
               </TextLine>
               <TextLine ID="r1l20"
                         BASELINE="756"
                         HEIGHT="56"
                         WIDTH="758"
                         VPOS="700"
                         HPOS="498">
                  <String HEIGHT="56"
                          WIDTH="172"
                          VPOS="700"
                          HPOS="484"
                          CONTENT="cessaria"/>
                  <SP HEIGHT="56" WIDTH="14" VPOS="700" HPOS="655"/>
                  <String HEIGHT="56"
                          WIDTH="129"
                          VPOS="700"
                          HPOS="612"
                          CONTENT="vitae"/>
                  <SP HEIGHT="56" WIDTH="14" VPOS="700" HPOS="741"/>
                  <String HEIGHT="56" WIDTH="72" VPOS="700" HPOS="698" CONTENT="&amp;"/>
                  <SP HEIGHT="56" WIDTH="14" VPOS="700" HPOS="770"/>
                  <String HEIGHT="56" WIDTH="100" VPOS="700" HPOS="727" CONTENT="non"/>
                  <SP HEIGHT="56" WIDTH="14" VPOS="700" HPOS="827"/>
                  <String HEIGHT="56"
                          WIDTH="143"
                          VPOS="700"
                          HPOS="784"
                          CONTENT="habere"/>
                  <SP HEIGHT="56" WIDTH="14" VPOS="700" HPOS="927"/>
                  <String HEIGHT="56"
                          WIDTH="257"
                          VPOS="700"
                          HPOS="884"
                          CONTENT="sollicitudinem"/>
                  <SP HEIGHT="56" WIDTH="14" VPOS="700" HPOS="1142"/>
                  <String HEIGHT="56"
                          WIDTH="172"
                          VPOS="700"
                          HPOS="1084"
                          CONTENT="acquirenda"/>
               </TextLine>
               <TextLine ID="r1l22"
                         BASELINE="795"
                         HEIGHT="53"
                         WIDTH="746"
                         VPOS="742"
                         HPOS="500">
                  <String HEIGHT="53" WIDTH="111" VPOS="742" HPOS="484" CONTENT="rum"/>
                  <SP HEIGHT="53" WIDTH="16" VPOS="742" HPOS="595"/>
                  <String HEIGHT="53"
                          WIDTH="143"
                          VPOS="742"
                          HPOS="548"
                          CONTENT="opum."/>
                  <SP HEIGHT="53" WIDTH="16" VPOS="742" HPOS="690"/>
                  <String HEIGHT="53"
                          WIDTH="127"
                          VPOS="742"
                          HPOS="643"
                          CONTENT="Hinc"/>
                  <SP HEIGHT="53" WIDTH="16" VPOS="742" HPOS="770"/>
                  <String HEIGHT="53"
                          WIDTH="143"
                          VPOS="742"
                          HPOS="722"
                          CONTENT="dixit"/>
                  <SP HEIGHT="53" WIDTH="16" VPOS="742" HPOS="865"/>
                  <String HEIGHT="53"
                          WIDTH="222"
                          VPOS="742"
                          HPOS="817"
                          CONTENT="luuenalis."/>
                  <SP HEIGHT="53" WIDTH="16" VPOS="742" HPOS="1040"/>
                  <String HEIGHT="53"
                          WIDTH="190"
                          VPOS="742"
                          HPOS="992"
                          CONTENT="Cantabit"/>
                  <SP HEIGHT="53" WIDTH="16" VPOS="742" HPOS="1183"/>
                  <String HEIGHT="53"
                          WIDTH="127"
                          VPOS="742"
                          HPOS="1119"
                          CONTENT="vacuu"
                          SUBS_TYPE="HypPart1"
                          SUBS_CONTENT="vacuucoram"/>
                  <HYP CONTENT="-"/>
               </TextLine>
               <TextLine ID="r1l24"
                         BASELINE="843"
                         HEIGHT="50"
                         WIDTH="752"
                         VPOS="793"
                         HPOS="504">
                  <String HEIGHT="50"
                          WIDTH="135"
                          VPOS="793"
                          HPOS="489"
                          CONTENT="coram"
                          SUBS_TYPE="HypPart2"
                          SUBS_CONTENT="vacuucoram"/>
                  <SP HEIGHT="50" WIDTH="15" VPOS="793" HPOS="624"/>
                  <String HEIGHT="50"
                          WIDTH="165"
                          VPOS="793"
                          HPOS="579"
                          CONTENT="latrone"/>
                  <SP HEIGHT="50" WIDTH="15" VPOS="793" HPOS="745"/>
                  <String HEIGHT="50"
                          WIDTH="165"
                          VPOS="793"
                          HPOS="700"
                          CONTENT="viator."/>
                  <SP HEIGHT="50" WIDTH="15" VPOS="793" HPOS="865"/>
                  <String HEIGHT="50"
                          WIDTH="180"
                          VPOS="793"
                          HPOS="820"
                          CONTENT="Socrates"/>
                  <SP HEIGHT="50" WIDTH="15" VPOS="793" HPOS="1000"/>
                  <String HEIGHT="50"
                          WIDTH="165"
                          VPOS="793"
                          HPOS="955"
                          CONTENT="namque,"/>
                  <SP HEIGHT="50" WIDTH="15" VPOS="793" HPOS="1121"/>
                  <String HEIGHT="50"
                          WIDTH="180"
                          VPOS="793"
                          HPOS="1076"
                          CONTENT="Diogenes"/>
                  <SP HEIGHT="50" WIDTH="15" VPOS="793" HPOS="1256"/>
                  <String HEIGHT="50" WIDTH="60" VPOS="793" HPOS="1196" CONTENT="do"/>
               </TextLine>
               <TextLine ID="r1l26"
                         BASELINE="890"
                         HEIGHT="59"
                         WIDTH="752"
                         VPOS="831"
                         HPOS="501">
                  <String HEIGHT="59" WIDTH="105" VPOS="831" HPOS="486" CONTENT="lio"/>
                  <SP HEIGHT="59" WIDTH="15" VPOS="831" HPOS="591"/>
                  <String HEIGHT="59" WIDTH="105" VPOS="831" HPOS="546" CONTENT="pro"/>
                  <SP HEIGHT="59" WIDTH="15" VPOS="831" HPOS="651"/>
                  <String HEIGHT="59"
                          WIDTH="165"
                          VPOS="831"
                          HPOS="606"
                          CONTENT="palatio"/>
                  <SP HEIGHT="59" WIDTH="15" VPOS="831" HPOS="772"/>
                  <String HEIGHT="59"
                          WIDTH="211"
                          VPOS="831"
                          HPOS="727"
                          CONTENT="contentus,"/>
                  <SP HEIGHT="59" WIDTH="15" VPOS="831" HPOS="937"/>
                  <String HEIGHT="59"
                          WIDTH="226"
                          VPOS="831"
                          HPOS="892"
                          CONTENT="Anaxagoras,"/>
                  <SP HEIGHT="59" WIDTH="15" VPOS="831" HPOS="1118"/>
                  <String HEIGHT="59"
                          WIDTH="165"
                          VPOS="831"
                          HPOS="1073"
                          CONTENT="Crates,"/>
                  <SP HEIGHT="59" WIDTH="15" VPOS="831" HPOS="1238"/>
                  <String HEIGHT="59" WIDTH="75" VPOS="831" HPOS="1178" CONTENT="Ari"/>
               </TextLine>
               <TextLine ID="r1l28"
                         BASELINE="920"
                         HEIGHT="46"
                         WIDTH="762"
                         VPOS="874"
                         HPOS="497">
                  <String HEIGHT="46"
                          WIDTH="175"
                          VPOS="874"
                          HPOS="481"
                          CONTENT="stides,"/>
                  <SP HEIGHT="46" WIDTH="16" VPOS="874" HPOS="656"/>
                  <String HEIGHT="46"
                          WIDTH="191"
                          VPOS="874"
                          HPOS="608"
                          CONTENT="Homerus,"/>
                  <SP HEIGHT="46" WIDTH="16" VPOS="874" HPOS="799"/>
                  <String HEIGHT="46" WIDTH="79" VPOS="874" HPOS="751" CONTENT="&amp;"/>
                  <SP HEIGHT="46" WIDTH="16" VPOS="874" HPOS="830"/>
                  <String HEIGHT="46"
                          WIDTH="206"
                          VPOS="874"
                          HPOS="783"
                          CONTENT="huiusmodi"/>
                  <SP HEIGHT="46" WIDTH="16" VPOS="874" HPOS="989"/>
                  <String HEIGHT="46"
                          WIDTH="191"
                          VPOS="874"
                          HPOS="942"
                          CONTENT="gentiles"/>
                  <SP HEIGHT="46" WIDTH="16" VPOS="874" HPOS="1132"/>
                  <String HEIGHT="46"
                          WIDTH="159"
                          VPOS="874"
                          HPOS="1084"
                          CONTENT="paucis"/>
                  <SP HEIGHT="46" WIDTH="16" VPOS="874" HPOS="1243"/>
                  <String HEIGHT="46" WIDTH="79" VPOS="874" HPOS="1180" CONTENT="com"/>
               </TextLine>
               <TextLine ID="r1l30"
                         BASELINE="972"
                         HEIGHT="54"
                         WIDTH="754"
                         VPOS="918"
                         HPOS="504">
                  <String HEIGHT="54"
                          WIDTH="128"
                          VPOS="918"
                          HPOS="490"
                          CONTENT="tenti"/>
                  <SP HEIGHT="54" WIDTH="14" VPOS="918" HPOS="618"/>
                  <String HEIGHT="54" WIDTH="85" VPOS="918" HPOS="575" CONTENT="ad"/>
                  <SP HEIGHT="54" WIDTH="14" VPOS="918" HPOS="660"/>
                  <String HEIGHT="54"
                          WIDTH="128"
                          VPOS="918"
                          HPOS="618"
                          CONTENT="astra"/>
                  <SP HEIGHT="54" WIDTH="14" VPOS="918" HPOS="746"/>
                  <String HEIGHT="54" WIDTH="71" VPOS="918" HPOS="703" CONTENT="a"/>
                  <SP HEIGHT="54" WIDTH="14" VPOS="918" HPOS="774"/>
                  <String HEIGHT="54"
                          WIDTH="213"
                          VPOS="918"
                          HPOS="732"
                          CONTENT="sapientibus"/>
                  <SP HEIGHT="54" WIDTH="14" VPOS="918" HPOS="945"/>
                  <String HEIGHT="54"
                          WIDTH="213"
                          VPOS="918"
                          HPOS="902"
                          CONTENT="efferuntur."/>
                  <SP HEIGHT="54" WIDTH="14" VPOS="918" HPOS="1116"/>
                  <String HEIGHT="54"
                          WIDTH="199"
                          VPOS="918"
                          HPOS="1059"
                          CONTENT="Philostratus"/>
               </TextLine>
               <TextLine ID="r1l32"
                         BASELINE="1024"
                         HEIGHT="61"
                         WIDTH="757"
                         VPOS="963"
                         HPOS="498">
                  <String HEIGHT="61"
                          WIDTH="148"
                          VPOS="963"
                          HPOS="482"
                          CONTENT="primo"/>
                  <SP HEIGHT="61" WIDTH="16" VPOS="963" HPOS="630"/>
                  <String HEIGHT="61"
                          WIDTH="148"
                          VPOS="963"
                          HPOS="580"
                          CONTENT="libro"/>
                  <SP HEIGHT="61" WIDTH="16" VPOS="963" HPOS="728"/>
                  <String HEIGHT="61"
                          WIDTH="148"
                          VPOS="963"
                          HPOS="679"
                          CONTENT="vitae"/>
                  <SP HEIGHT="61" WIDTH="16" VPOS="963" HPOS="827"/>
                  <String HEIGHT="61"
                          WIDTH="214"
                          VPOS="963"
                          HPOS="778"
                          CONTENT="Apollonii"/>
                  <SP HEIGHT="61" WIDTH="16" VPOS="963" HPOS="992"/>
                  <String HEIGHT="61"
                          WIDTH="165"
                          VPOS="963"
                          HPOS="942"
                          CONTENT="Tyanei"/>
                  <SP HEIGHT="61" WIDTH="16" VPOS="963" HPOS="1107"/>
                  <String HEIGHT="61"
                          WIDTH="181"
                          VPOS="963"
                          HPOS="1058"
                          CONTENT="recitat"/>
                  <SP HEIGHT="61" WIDTH="16" VPOS="963" HPOS="1239"/>
                  <String HEIGHT="61" WIDTH="82" VPOS="963" HPOS="1173" CONTENT="quo"/>
               </TextLine>
               <TextLine ID="r1l34"
                         BASELINE="1064"
                         HEIGHT="61"
                         WIDTH="760"
                         VPOS="1003"
                         HPOS="496">
                  <String HEIGHT="61"
                          WIDTH="145"
                          VPOS="1003"
                          HPOS="478"
                          CONTENT="modo"/>
                  <SP HEIGHT="61" WIDTH="18" VPOS="1003" HPOS="623"/>
                  <String HEIGHT="61"
                          WIDTH="163"
                          VPOS="1003"
                          HPOS="568"
                          CONTENT="Damis"/>
                  <SP HEIGHT="61" WIDTH="18" VPOS="1003" HPOS="731"/>
                  <String HEIGHT="61"
                          WIDTH="199"
                          VPOS="1003"
                          HPOS="677"
                          CONTENT="audiuit"/>
                  <SP HEIGHT="61" WIDTH="18" VPOS="1003" HPOS="876"/>
                  <String HEIGHT="61"
                          WIDTH="253"
                          VPOS="1003"
                          HPOS="822"
                          CONTENT="Apollonium"/>
                  <SP HEIGHT="61" WIDTH="18" VPOS="1003" HPOS="1075"/>
                  <String HEIGHT="61"
                          WIDTH="127"
                          VPOS="1003"
                          HPOS="1021"
                          CONTENT="sic"/>
                  <SP HEIGHT="61" WIDTH="18" VPOS="1003" HPOS="1147"/>
                  <String HEIGHT="61"
                          WIDTH="181"
                          VPOS="1003"
                          HPOS="1075"
                          CONTENT="orantem."/>
               </TextLine>
               <TextLine ID="r1l36"
                         BASELINE="1113"
                         HEIGHT="58"
                         WIDTH="758"
                         VPOS="1055"
                         HPOS="504">
                  <String HEIGHT="58"
                          WIDTH="126"
                          VPOS="1055"
                          HPOS="488"
                          CONTENT="Odii"/>
                  <SP HEIGHT="58" WIDTH="16" VPOS="1055" HPOS="615"/>
                  <String HEIGHT="58"
                          WIDTH="205"
                          VPOS="1055"
                          HPOS="567"
                          CONTENT="concedite"/>
                  <SP HEIGHT="58" WIDTH="16" VPOS="1055" HPOS="772"/>
                  <String HEIGHT="58"
                          WIDTH="126"
                          VPOS="1055"
                          HPOS="725"
                          CONTENT="mihi"/>
                  <SP HEIGHT="58" WIDTH="16" VPOS="1055" HPOS="851"/>
                  <String HEIGHT="58"
                          WIDTH="142"
                          VPOS="1055"
                          HPOS="804"
                          CONTENT="pauca"/>
                  <SP HEIGHT="58" WIDTH="16" VPOS="1055" HPOS="946"/>
                  <String HEIGHT="58"
                          WIDTH="174"
                          VPOS="1055"
                          HPOS="899"
                          CONTENT="habere:"/>
                  <SP HEIGHT="58" WIDTH="16" VPOS="1055" HPOS="1073"/>
                  <String HEIGHT="58" WIDTH="79" VPOS="1055" HPOS="1025" CONTENT="&amp;"/>
                  <SP HEIGHT="58" WIDTH="16" VPOS="1055" HPOS="1104"/>
                  <String HEIGHT="58"
                          WIDTH="174"
                          VPOS="1055"
                          HPOS="1057"
                          CONTENT="nullius"/>
                  <SP HEIGHT="58" WIDTH="16" VPOS="1055" HPOS="1230"/>
                  <String HEIGHT="58"
                          WIDTH="95"
                          VPOS="1055"
                          HPOS="1167"
                          CONTENT="indi"/>
               </TextLine>
               <TextLine ID="r1l38"
                         BASELINE="1156"
                         HEIGHT="57"
                         WIDTH="760"
                         VPOS="1099"
                         HPOS="495">
                  <String HEIGHT="57"
                          WIDTH="134"
                          VPOS="1099"
                          HPOS="480"
                          CONTENT="gere."/>
                  <SP HEIGHT="57" WIDTH="15" VPOS="1099" HPOS="614"/>
                  <String HEIGHT="57" WIDTH="89" VPOS="1099" HPOS="570" CONTENT="Et"/>
                  <SP HEIGHT="57" WIDTH="15" VPOS="1099" HPOS="659"/>
                  <String HEIGHT="57"
                          WIDTH="179"
                          VPOS="1099"
                          HPOS="614"
                          CONTENT="Lucanus."/>
                  <SP HEIGHT="57" WIDTH="15" VPOS="1099" HPOS="793"/>
                  <String HEIGHT="57" WIDTH="89" VPOS="1099" HPOS="748" CONTENT="v."/>
                  <SP HEIGHT="57" WIDTH="15" VPOS="1099" HPOS="838"/>
                  <String HEIGHT="57"
                          WIDTH="224"
                          VPOS="1099"
                          HPOS="793"
                          CONTENT="Pharsaliae,"/>
                  <SP HEIGHT="57" WIDTH="15" VPOS="1099" HPOS="1017"/>
                  <String HEIGHT="57"
                          WIDTH="104"
                          VPOS="1099"
                          HPOS="972"
                          CONTENT="cum"/>
                  <SP HEIGHT="57" WIDTH="15" VPOS="1099" HPOS="1076"/>
                  <String HEIGHT="57"
                          WIDTH="149"
                          VPOS="1099"
                          HPOS="1031"
                          CONTENT="Caesar"/>
                  <SP HEIGHT="57" WIDTH="15" VPOS="1099" HPOS="1180"/>
                  <String HEIGHT="57"
                          WIDTH="134"
                          VPOS="1099"
                          HPOS="1121"
                          CONTENT="curarum"/>
               </TextLine>
               <TextLine ID="r1l40"
                         BASELINE="1203"
                         HEIGHT="66"
                         WIDTH="748"
                         VPOS="1137"
                         HPOS="501">
                  <String HEIGHT="66"
                          WIDTH="159"
                          VPOS="1137"
                          HPOS="485"
                          CONTENT="plenus"/>
                  <SP HEIGHT="66" WIDTH="16" VPOS="1137" HPOS="644"/>
                  <String HEIGHT="66"
                          WIDTH="191"
                          VPOS="1137"
                          HPOS="596"
                          CONTENT="accessit"/>
                  <SP HEIGHT="66" WIDTH="16" VPOS="1137" HPOS="787"/>
                  <String HEIGHT="66"
                          WIDTH="143"
                          VPOS="1137"
                          HPOS="740"
                          CONTENT="domum"/>
                  <SP HEIGHT="66" WIDTH="16" VPOS="1137" HPOS="883"/>
                  <String HEIGHT="66"
                          WIDTH="191"
                          VPOS="1137"
                          HPOS="835"
                          CONTENT="Amyclae,"/>
                  <SP HEIGHT="66" WIDTH="16" VPOS="1137" HPOS="1026"/>
                  <String HEIGHT="66"
                          WIDTH="191"
                          VPOS="1137"
                          HPOS="978"
                          CONTENT="ostendit"/>
                  <SP HEIGHT="66" WIDTH="16" VPOS="1137" HPOS="1169"/>
                  <String HEIGHT="66"
                          WIDTH="143"
                          VPOS="1137"
                          HPOS="1106"
                          CONTENT="quomodo"/>
               </TextLine>
               <TextLine ID="r1l42"
                         BASELINE="1241"
                         HEIGHT="51"
                         WIDTH="757"
                         VPOS="1190"
                         HPOS="501">
                  <String HEIGHT="51"
                          WIDTH="205"
                          VPOS="1190"
                          HPOS="485"
                          CONTENT="paupertas"/>
                  <SP HEIGHT="51" WIDTH="16" VPOS="1190" HPOS="690"/>
                  <String HEIGHT="51"
                          WIDTH="110"
                          VPOS="1190"
                          HPOS="643"
                          CONTENT="sit"/>
                  <SP HEIGHT="51" WIDTH="16" VPOS="1190" HPOS="753"/>
                  <String HEIGHT="51"
                          WIDTH="142"
                          VPOS="1190"
                          HPOS="706"
                          CONTENT="munus"/>
                  <SP HEIGHT="51" WIDTH="16" VPOS="1190" HPOS="848"/>
                  <String HEIGHT="51"
                          WIDTH="158"
                          VPOS="1190"
                          HPOS="801"
                          CONTENT="deorum"/>
                  <SP HEIGHT="51" WIDTH="16" VPOS="1190" HPOS="958"/>
                  <String HEIGHT="51"
                          WIDTH="237"
                          VPOS="1190"
                          HPOS="911"
                          CONTENT="immortalium"/>
                  <SP HEIGHT="51" WIDTH="16" VPOS="1190" HPOS="1148"/>
                  <String HEIGHT="51"
                          WIDTH="110"
                          VPOS="1190"
                          HPOS="1100"
                          CONTENT="vix"/>
                  <SP HEIGHT="51" WIDTH="16" VPOS="1190" HPOS="1211"/>
                  <String HEIGHT="51"
                          WIDTH="110"
                          VPOS="1190"
                          HPOS="1148"
                          CONTENT="satis"/>
               </TextLine>
               <TextLine ID="r1l44"
                         BASELINE="1274"
                         HEIGHT="39"
                         WIDTH="767"
                         VPOS="1235"
                         HPOS="492">
                  <String HEIGHT="39"
                          WIDTH="123"
                          VPOS="1235"
                          HPOS="477"
                          CONTENT="notu"/>
                  <SP HEIGHT="39" WIDTH="15" VPOS="1235" HPOS="599"/>
                  <String HEIGHT="39"
                          WIDTH="169"
                          VPOS="1235"
                          HPOS="553"
                          CONTENT="dicens."/>
                  <SP HEIGHT="39" WIDTH="15" VPOS="1235" HPOS="722"/>
                  <String HEIGHT="39"
                          WIDTH="169"
                          VPOS="1235"
                          HPOS="676"
                          CONTENT="Securus"/>
                  <SP HEIGHT="39" WIDTH="15" VPOS="1235" HPOS="845"/>
                  <String HEIGHT="39"
                          WIDTH="138"
                          VPOS="1235"
                          HPOS="799"
                          CONTENT="belli"/>
                  <SP HEIGHT="39" WIDTH="15" VPOS="1235" HPOS="937"/>
                  <String HEIGHT="39"
                          WIDTH="169"
                          VPOS="1235"
                          HPOS="891"
                          CONTENT="praedam"/>
                  <SP HEIGHT="39" WIDTH="15" VPOS="1235" HPOS="1060"/>
                  <String HEIGHT="39"
                          WIDTH="199"
                          VPOS="1235"
                          HPOS="1014"
                          CONTENT="ciuilibus"/>
                  <SP HEIGHT="39" WIDTH="15" VPOS="1235" HPOS="1213"/>
                  <String HEIGHT="39"
                          WIDTH="107"
                          VPOS="1235"
                          HPOS="1152"
                          CONTENT="armis"/>
               </TextLine>
               <TextLine ID="r1l46"
                         BASELINE="1331"
                         HEIGHT="48"
                         WIDTH="751"
                         VPOS="1283"
                         HPOS="508">
                  <String HEIGHT="48"
                          WIDTH="118"
                          VPOS="1283"
                          HPOS="493"
                          CONTENT="Scit"/>
                  <SP HEIGHT="48" WIDTH="15" VPOS="1283" HPOS="611"/>
                  <String HEIGHT="48"
                          WIDTH="103"
                          VPOS="1283"
                          HPOS="567"
                          CONTENT="non"/>
                  <SP HEIGHT="48" WIDTH="15" VPOS="1283" HPOS="670"/>
                  <String HEIGHT="48"
                          WIDTH="118"
                          VPOS="1283"
                          HPOS="626"
                          CONTENT="esse"/>
                  <SP HEIGHT="48" WIDTH="15" VPOS="1283" HPOS="744"/>
                  <String HEIGHT="48"
                          WIDTH="147"
                          VPOS="1283"
                          HPOS="699"
                          CONTENT="casam:"/>
                  <SP HEIGHT="48" WIDTH="15" VPOS="1283" HPOS="847"/>
                  <String HEIGHT="48" WIDTH="74" VPOS="1283" HPOS="803" CONTENT="o"/>
                  <SP HEIGHT="48" WIDTH="15" VPOS="1283" HPOS="876"/>
                  <String HEIGHT="48"
                          WIDTH="133"
                          VPOS="1283"
                          HPOS="832"
                          CONTENT="vitae"/>
                  <SP HEIGHT="48" WIDTH="15" VPOS="1283" HPOS="964"/>
                  <String HEIGHT="48"
                          WIDTH="118"
                          VPOS="1283"
                          HPOS="920"
                          CONTENT="tuta"/>
                  <SP HEIGHT="48" WIDTH="15" VPOS="1283" HPOS="1038"/>
                  <String HEIGHT="48"
                          WIDTH="177"
                          VPOS="1283"
                          HPOS="994"
                          CONTENT="facultas"/>
                  <SP HEIGHT="48" WIDTH="15" VPOS="1283" HPOS="1171"/>
                  <String HEIGHT="48"
                          WIDTH="147"
                          VPOS="1283"
                          HPOS="1112"
                          CONTENT="Pauperis"/>
               </TextLine>
               <TextLine ID="r1l48"
                         BASELINE="1377"
                         HEIGHT="59"
                         WIDTH="751"
                         VPOS="1318"
                         HPOS="507">
                  <String HEIGHT="59"
                          WIDTH="210"
                          VPOS="1318"
                          HPOS="492"
                          CONTENT="angustique"/>
                  <SP HEIGHT="59" WIDTH="15" VPOS="1318" HPOS="702"/>
                  <String HEIGHT="59"
                          WIDTH="150"
                          VPOS="1318"
                          HPOS="657"
                          CONTENT="laris,"/>
                  <SP HEIGHT="59" WIDTH="15" VPOS="1318" HPOS="807"/>
                  <String HEIGHT="59" WIDTH="75" VPOS="1318" HPOS="762" CONTENT="O"/>
                  <SP HEIGHT="59" WIDTH="15" VPOS="1318" HPOS="837"/>
                  <String HEIGHT="59"
                          WIDTH="150"
                          VPOS="1318"
                          HPOS="792"
                          CONTENT="munera"/>
                  <SP HEIGHT="59" WIDTH="15" VPOS="1318" HPOS="943"/>
                  <String HEIGHT="59"
                          WIDTH="150"
                          VPOS="1318"
                          HPOS="898"
                          CONTENT="nondum"/>
                  <SP HEIGHT="59" WIDTH="15" VPOS="1318" HPOS="1048"/>
                  <String HEIGHT="59"
                          WIDTH="210"
                          VPOS="1318"
                          HPOS="1003"
                          CONTENT="Intellecta"/>
                  <SP HEIGHT="59" WIDTH="15" VPOS="1318" HPOS="1213"/>
                  <String HEIGHT="59"
                          WIDTH="105"
                          VPOS="1318"
                          HPOS="1153"
                          CONTENT="deum."/>
               </TextLine>
               <TextLine ID="r1l50"
                         BASELINE="1411"
                         HEIGHT="49"
                         WIDTH="747"
                         VPOS="1362"
                         HPOS="508">
                  <String HEIGHT="49"
                          WIDTH="111"
                          VPOS="1362"
                          HPOS="494"
                          CONTENT="ldem"/>
                  <SP HEIGHT="49" WIDTH="14" VPOS="1362" HPOS="605"/>
                  <String HEIGHT="49"
                          WIDTH="138"
                          VPOS="1362"
                          HPOS="563"
                          CONTENT="videre"/>
                  <SP HEIGHT="49" WIDTH="14" VPOS="1362" HPOS="702"/>
                  <String HEIGHT="49"
                          WIDTH="125"
                          VPOS="1362"
                          HPOS="660"
                          CONTENT="licet"/>
                  <SP HEIGHT="49" WIDTH="14" VPOS="1362" HPOS="785"/>
                  <String HEIGHT="49"
                          WIDTH="111"
                          VPOS="1362"
                          HPOS="743"
                          CONTENT="apud"/>
                  <SP HEIGHT="49" WIDTH="14" VPOS="1362" HPOS="854"/>
                  <String HEIGHT="49"
                          WIDTH="221"
                          VPOS="1362"
                          HPOS="812"
                          CONTENT="Philostratum"/>
                  <SP HEIGHT="49" WIDTH="14" VPOS="1362" HPOS="1034"/>
                  <String HEIGHT="49" WIDTH="97" VPOS="1362" HPOS="992" CONTENT="li."/>
                  <SP HEIGHT="49" WIDTH="14" VPOS="1362" HPOS="1089"/>
                  <String HEIGHT="49"
                          WIDTH="111"
                          VPOS="1362"
                          HPOS="1048"
                          CONTENT="iii."/>
                  <SP HEIGHT="49" WIDTH="14" VPOS="1362" HPOS="1158"/>
                  <String HEIGHT="49" WIDTH="83" VPOS="1362" HPOS="1117" CONTENT="de"/>
                  <SP HEIGHT="49" WIDTH="14" VPOS="1362" HPOS="1200"/>
                  <String HEIGHT="49"
                          WIDTH="111"
                          VPOS="1362"
                          HPOS="1144"
                          CONTENT="larcha"/>
               </TextLine>
               <TextLine ID="r1l52"
                         BASELINE="1453"
                         HEIGHT="46"
                         WIDTH="752"
                         VPOS="1407"
                         HPOS="507">
                  <String HEIGHT="46"
                          WIDTH="134"
                          VPOS="1407"
                          HPOS="490"
                          CONTENT="Indo"/>
                  <SP HEIGHT="46" WIDTH="17" VPOS="1407" HPOS="624"/>
                  <String HEIGHT="46" WIDTH="84" VPOS="1407" HPOS="574" CONTENT="&amp;"/>
                  <SP HEIGHT="46" WIDTH="17" VPOS="1407" HPOS="657"/>
                  <String HEIGHT="46"
                          WIDTH="217"
                          VPOS="1407"
                          HPOS="607"
                          CONTENT="Bragmanis"/>
                  <SP HEIGHT="46" WIDTH="17" VPOS="1407" HPOS="825"/>
                  <String HEIGHT="46"
                          WIDTH="267"
                          VPOS="1407"
                          HPOS="774"
                          CONTENT="philosophis."/>
                  <SP HEIGHT="46" WIDTH="17" VPOS="1407" HPOS="1042"/>
                  <String HEIGHT="46"
                          WIDTH="117"
                          VPOS="1407"
                          HPOS="992"
                          CONTENT="Hoc"/>
                  <SP HEIGHT="46" WIDTH="17" VPOS="1407" HPOS="1109"/>
                  <String HEIGHT="46"
                          WIDTH="150"
                          VPOS="1407"
                          HPOS="1058"
                          CONTENT="ipsum"/>
                  <SP HEIGHT="46" WIDTH="17" VPOS="1407" HPOS="1209"/>
                  <String HEIGHT="46"
                          WIDTH="117"
                          VPOS="1407"
                          HPOS="1142"
                          CONTENT="insi"
                          SUBS_TYPE="HypPart1"
                          SUBS_CONTENT="insinuat"/>
                  <HYP CONTENT="-"/>
               </TextLine>
               <TextLine ID="r1l54"
                         BASELINE="1500"
                         HEIGHT="50"
                         WIDTH="767"
                         VPOS="1450"
                         HPOS="498">
                  <String HEIGHT="50"
                          WIDTH="131"
                          VPOS="1450"
                          HPOS="482"
                          CONTENT="nuat"
                          SUBS_TYPE="HypPart2"
                          SUBS_CONTENT="insinuat"/>
                  <SP HEIGHT="50" WIDTH="16" VPOS="1450" HPOS="612"/>
                  <String HEIGHT="50"
                          WIDTH="196"
                          VPOS="1450"
                          HPOS="563"
                          CONTENT="apologus"/>
                  <SP HEIGHT="50" WIDTH="16" VPOS="1450" HPOS="759"/>
                  <String HEIGHT="50"
                          WIDTH="163"
                          VPOS="1450"
                          HPOS="710"
                          CONTENT="Aesopi"/>
                  <SP HEIGHT="50" WIDTH="16" VPOS="1450" HPOS="873"/>
                  <String HEIGHT="50" WIDTH="98" VPOS="1450" HPOS="824" CONTENT="de"/>
                  <SP HEIGHT="50" WIDTH="16" VPOS="1450" HPOS="922"/>
                  <String HEIGHT="50"
                          WIDTH="131"
                          VPOS="1450"
                          HPOS="873"
                          CONTENT="mure"/>
                  <SP HEIGHT="50" WIDTH="16" VPOS="1450" HPOS="1004"/>
                  <String HEIGHT="50"
                          WIDTH="180"
                          VPOS="1450"
                          HPOS="955"
                          CONTENT="rustico"/>
                  <SP HEIGHT="50" WIDTH="16" VPOS="1450" HPOS="1134"/>
                  <String HEIGHT="50"
                          WIDTH="180"
                          VPOS="1450"
                          HPOS="1085"
                          CONTENT="dicente"/>
                  <SP HEIGHT="50" WIDTH="16" VPOS="1450" HPOS="1265"/>
                  <String HEIGHT="50" WIDTH="65" VPOS="1450" HPOS="1200" CONTENT="ab"/>
               </TextLine>
               <TextLine ID="r1l56"
                         BASELINE="1541"
                         HEIGHT="47"
                         WIDTH="752"
                         VPOS="1494"
                         HPOS="504">
                  <String HEIGHT="47"
                          WIDTH="123"
                          VPOS="1494"
                          HPOS="489"
                          CONTENT="teri"/>
                  <SP HEIGHT="47" WIDTH="15" VPOS="1494" HPOS="611"/>
                  <String HEIGHT="47"
                          WIDTH="138"
                          VPOS="1494"
                          HPOS="565"
                          CONTENT="muri."/>
                  <SP HEIGHT="47" WIDTH="15" VPOS="1494" HPOS="704"/>
                  <String HEIGHT="47"
                          WIDTH="153"
                          VPOS="1494"
                          HPOS="657"
                          CONTENT="Rodere"/>
                  <SP HEIGHT="47" WIDTH="15" VPOS="1494" HPOS="811"/>
                  <String HEIGHT="47"
                          WIDTH="123"
                          VPOS="1494"
                          HPOS="765"
                          CONTENT="malo"/>
                  <SP HEIGHT="47" WIDTH="15" VPOS="1494" HPOS="888"/>
                  <String HEIGHT="47"
                          WIDTH="138"
                          VPOS="1494"
                          HPOS="842"
                          CONTENT="fabam"/>
                  <SP HEIGHT="47" WIDTH="15" VPOS="1494" HPOS="980"/>
                  <String HEIGHT="47"
                          WIDTH="123"
                          VPOS="1494"
                          HPOS="934"
                          CONTENT="quam"/>
                  <SP HEIGHT="47" WIDTH="15" VPOS="1494" HPOS="1056"/>
                  <String HEIGHT="47"
                          WIDTH="123"
                          VPOS="1494"
                          HPOS="1010"
                          CONTENT="cura"/>
                  <SP HEIGHT="47" WIDTH="15" VPOS="1494" HPOS="1133"/>
                  <String HEIGHT="47"
                          WIDTH="169"
                          VPOS="1494"
                          HPOS="1087"
                          CONTENT="perpete"/>
                  <SP HEIGHT="47" WIDTH="15" VPOS="1494" HPOS="1256"/>
                  <String HEIGHT="47" WIDTH="61" VPOS="1494" HPOS="1195" CONTENT="ro"/>
               </TextLine>
               <TextLine ID="r1l58"
                         BASELINE="1598"
                         HEIGHT="55"
                         WIDTH="766"
                         VPOS="1543"
                         HPOS="499">
                  <String HEIGHT="55" WIDTH="99" VPOS="1543" HPOS="485" CONTENT="di."/>
                  <SP HEIGHT="55" WIDTH="14" VPOS="1543" HPOS="584"/>
                  <String HEIGHT="55" WIDTH="99" VPOS="1543" HPOS="542" CONTENT="hoc"/>
                  <SP HEIGHT="55" WIDTH="14" VPOS="1543" HPOS="641"/>
                  <String HEIGHT="55"
                          WIDTH="113"
                          VPOS="1543"
                          HPOS="598"
                          CONTENT="est:"/>
                  <SP HEIGHT="55" WIDTH="14" VPOS="1543" HPOS="712"/>
                  <String HEIGHT="55"
                          WIDTH="142"
                          VPOS="1543"
                          HPOS="669"
                          CONTENT="habere"/>
                  <SP HEIGHT="55" WIDTH="14" VPOS="1543" HPOS="811"/>
                  <String HEIGHT="55"
                          WIDTH="128"
                          VPOS="1543"
                          HPOS="769"
                          CONTENT="pauca"/>
                  <SP HEIGHT="55" WIDTH="14" VPOS="1543" HPOS="896"/>
                  <String HEIGHT="55" WIDTH="85" VPOS="1543" HPOS="854" CONTENT="in"/>
                  <SP HEIGHT="55" WIDTH="14" VPOS="1543" HPOS="939"/>
                  <String HEIGHT="55"
                          WIDTH="156"
                          VPOS="1543"
                          HPOS="896"
                          CONTENT="quiete,"/>
                  <SP HEIGHT="55" WIDTH="14" VPOS="1543" HPOS="1052"/>
                  <String HEIGHT="55"
                          WIDTH="113"
                          VPOS="1543"
                          HPOS="1010"
                          CONTENT="quam"/>
                  <SP HEIGHT="55" WIDTH="14" VPOS="1543" HPOS="1123"/>
                  <String HEIGHT="55"
                          WIDTH="128"
                          VPOS="1543"
                          HPOS="1081"
                          CONTENT="multa"/>
                  <SP HEIGHT="55" WIDTH="14" VPOS="1543" HPOS="1208"/>
                  <String HEIGHT="55" WIDTH="85" VPOS="1543" HPOS="1166" CONTENT="in"/>
                  <SP HEIGHT="55" WIDTH="14" VPOS="1543" HPOS="1251"/>
                  <String HEIGHT="55"
                          WIDTH="71"
                          VPOS="1543"
                          HPOS="1194"
                          CONTENT="con"/>
               </TextLine>
               <TextLine ID="r1l60"
                         BASELINE="1637"
                         HEIGHT="53"
                         WIDTH="760"
                         VPOS="1584"
                         HPOS="499">
                  <String HEIGHT="53"
                          WIDTH="137"
                          VPOS="1584"
                          HPOS="484"
                          CONTENT="tinua"/>
                  <SP HEIGHT="53" WIDTH="15" VPOS="1584" HPOS="621"/>
                  <String HEIGHT="53"
                          WIDTH="274"
                          VPOS="1584"
                          HPOS="575"
                          CONTENT="sollicitudine."/>
                  <SP HEIGHT="53" WIDTH="15" VPOS="1584" HPOS="849"/>
                  <String HEIGHT="53"
                          WIDTH="122"
                          VPOS="1584"
                          HPOS="803"
                          CONTENT="ltem"/>
                  <SP HEIGHT="53" WIDTH="15" VPOS="1584" HPOS="925"/>
                  <String HEIGHT="53"
                          WIDTH="182"
                          VPOS="1584"
                          HPOS="879"
                          CONTENT="plebeius"/>
                  <SP HEIGHT="53" WIDTH="15" VPOS="1584" HPOS="1061"/>
                  <String HEIGHT="53"
                          WIDTH="106"
                          VPOS="1584"
                          HPOS="1016"
                          CONTENT="est"/>
                  <SP HEIGHT="53" WIDTH="15" VPOS="1584" HPOS="1122"/>
                  <String HEIGHT="53"
                          WIDTH="198"
                          VPOS="1584"
                          HPOS="1061"
                          CONTENT="versiculus."/>
               </TextLine>
               <TextLine ID="r1l62"
                         BASELINE="1685"
                         HEIGHT="53"
                         WIDTH="763"
                         VPOS="1632"
                         HPOS="508">
                  <String HEIGHT="53"
                          WIDTH="194"
                          VPOS="1632"
                          HPOS="493"
                          CONTENT="Paupertas"/>
                  <SP HEIGHT="53" WIDTH="15" VPOS="1632" HPOS="688"/>
                  <String HEIGHT="53" WIDTH="90" VPOS="1632" HPOS="643" CONTENT="si"/>
                  <SP HEIGHT="53" WIDTH="15" VPOS="1632" HPOS="732"/>
                  <String HEIGHT="53"
                          WIDTH="135"
                          VPOS="1632"
                          HPOS="688"
                          CONTENT="laeta"/>
                  <SP HEIGHT="53" WIDTH="15" VPOS="1632" HPOS="822"/>
                  <String HEIGHT="53"
                          WIDTH="135"
                          VPOS="1632"
                          HPOS="777"
                          CONTENT="venit"/>
                  <SP HEIGHT="53" WIDTH="15" VPOS="1632" HPOS="912"/>
                  <String HEIGHT="53"
                          WIDTH="194"
                          VPOS="1632"
                          HPOS="867"
                          CONTENT="ditissima"/>
                  <SP HEIGHT="53" WIDTH="15" VPOS="1632" HPOS="1062"/>
                  <String HEIGHT="53"
                          WIDTH="105"
                          VPOS="1632"
                          HPOS="1017"
                          CONTENT="res"/>
                  <SP HEIGHT="53" WIDTH="15" VPOS="1632" HPOS="1121"/>
                  <String HEIGHT="53"
                          WIDTH="120"
                          VPOS="1632"
                          HPOS="1077"
                          CONTENT="est."/>
                  <SP HEIGHT="53" WIDTH="15" VPOS="1632" HPOS="1196"/>
                  <String HEIGHT="53"
                          WIDTH="120"
                          VPOS="1632"
                          HPOS="1151"
                          CONTENT="Apud"/>
                  <SP HEIGHT="53" WIDTH="15" VPOS="1632" HPOS="1271"/>
                  <String HEIGHT="53" WIDTH="60" VPOS="1632" HPOS="1211" CONTENT="sa"/>
               </TextLine>
               <TextLine ID="r1l64"
                         BASELINE="1730"
                         HEIGHT="56"
                         WIDTH="757"
                         VPOS="1674"
                         HPOS="508">
                  <String HEIGHT="56"
                          WIDTH="121"
                          VPOS="1674"
                          HPOS="493"
                          CONTENT="cras"/>
                  <SP HEIGHT="56" WIDTH="15" VPOS="1674" HPOS="614"/>
                  <String HEIGHT="56"
                          WIDTH="151"
                          VPOS="1674"
                          HPOS="569"
                          CONTENT="quoque"/>
                  <SP HEIGHT="56" WIDTH="15" VPOS="1674" HPOS="720"/>
                  <String HEIGHT="56"
                          WIDTH="167"
                          VPOS="1674"
                          HPOS="675"
                          CONTENT="literas"/>
                  <SP HEIGHT="56" WIDTH="15" VPOS="1674" HPOS="841"/>
                  <String HEIGHT="56"
                          WIDTH="197"
                          VPOS="1674"
                          HPOS="796"
                          CONTENT="paupertas"/>
                  <SP HEIGHT="56" WIDTH="15" VPOS="1674" HPOS="992"/>
                  <String HEIGHT="56"
                          WIDTH="106"
                          VPOS="1674"
                          HPOS="947"
                          CONTENT="est"/>
                  <SP HEIGHT="56" WIDTH="15" VPOS="1674" HPOS="1053"/>
                  <String HEIGHT="56"
                          WIDTH="273"
                          VPOS="1674"
                          HPOS="992"
                          CONTENT="commendatissima."/>
               </TextLine>
               <TextLine ID="r1l66"
                         BASELINE="1775"
                         HEIGHT="58"
                         WIDTH="751"
                         VPOS="1717"
                         HPOS="505">
                  <String HEIGHT="58"
                          WIDTH="147"
                          VPOS="1717"
                          HPOS="489"
                          CONTENT="Edent"/>
                  <SP HEIGHT="58" WIDTH="16" VPOS="1717" HPOS="636"/>
                  <String HEIGHT="58"
                          WIDTH="196"
                          VPOS="1717"
                          HPOS="587"
                          CONTENT="pauperes"/>
                  <SP HEIGHT="58" WIDTH="16" VPOS="1717" HPOS="783"/>
                  <String HEIGHT="58" WIDTH="82" VPOS="1717" HPOS="734" CONTENT="&amp;"/>
                  <SP HEIGHT="58" WIDTH="16" VPOS="1717" HPOS="815"/>
                  <String HEIGHT="58"
                          WIDTH="261"
                          VPOS="1717"
                          HPOS="766"
                          CONTENT="saturabuntur"/>
                  <SP HEIGHT="58" WIDTH="16" VPOS="1717" HPOS="1027"/>
                  <String HEIGHT="58" WIDTH="82" VPOS="1717" HPOS="978" CONTENT="&amp;"/>
                  <SP HEIGHT="58" WIDTH="16" VPOS="1717" HPOS="1060"/>
                  <String HEIGHT="58"
                          WIDTH="212"
                          VPOS="1717"
                          HPOS="1011"
                          CONTENT="laudabunt"/>
                  <SP HEIGHT="58" WIDTH="16" VPOS="1717" HPOS="1223"/>
                  <String HEIGHT="58"
                          WIDTH="114"
                          VPOS="1717"
                          HPOS="1174"
                          CONTENT="do-"/>
                  <SP HEIGHT="58" WIDTH="16" VPOS="1717" HPOS="1289"/>
                  <String HEIGHT="58" WIDTH="33" VPOS="1717" HPOS="1223" CONTENT=""/>
               </TextLine>
               <TextLine ID="r1l68"
                         BASELINE="1816"
                         HEIGHT="54"
                         WIDTH="763"
                         VPOS="1762"
                         HPOS="507">
                  <String HEIGHT="54"
                          WIDTH="144"
                          VPOS="1762"
                          HPOS="493"
                          CONTENT="minum."/>
                  <SP HEIGHT="54" WIDTH="14" VPOS="1762" HPOS="637"/>
                  <String HEIGHT="54"
                          WIDTH="130"
                          VPOS="1762"
                          HPOS="593"
                          CONTENT="Psal."/>
                  <SP HEIGHT="54" WIDTH="14" VPOS="1762" HPOS="723"/>
                  <String HEIGHT="54"
                          WIDTH="115"
                          VPOS="1762"
                          HPOS="680"
                          CONTENT="xxi."/>
                  <SP HEIGHT="54" WIDTH="14" VPOS="1762" HPOS="795"/>
                  <String HEIGHT="54" WIDTH="72" VPOS="1762" HPOS="752" CONTENT="&amp;"/>
                  <SP HEIGHT="54" WIDTH="14" VPOS="1762" HPOS="824"/>
                  <String HEIGHT="54"
                          WIDTH="130"
                          VPOS="1762"
                          HPOS="781"
                          CONTENT="Psal."/>
                  <SP HEIGHT="54" WIDTH="14" VPOS="1762" HPOS="910"/>
                  <String HEIGHT="54"
                          WIDTH="101"
                          VPOS="1762"
                          HPOS="867"
                          CONTENT="ix."/>
                  <SP HEIGHT="54" WIDTH="14" VPOS="1762" HPOS="968"/>
                  <String HEIGHT="54"
                          WIDTH="187"
                          VPOS="1762"
                          HPOS="924"
                          CONTENT="Patientia"/>
                  <SP HEIGHT="54" WIDTH="14" VPOS="1762" HPOS="1112"/>
                  <String HEIGHT="54"
                          WIDTH="173"
                          VPOS="1762"
                          HPOS="1068"
                          CONTENT="pauperum"/>
                  <SP HEIGHT="54" WIDTH="14" VPOS="1762" HPOS="1241"/>
                  <String HEIGHT="54"
                          WIDTH="101"
                          VPOS="1762"
                          HPOS="1198"
                          CONTENT="non"/>
                  <SP HEIGHT="54" WIDTH="14" VPOS="1762" HPOS="1299"/>
                  <String HEIGHT="54" WIDTH="29" VPOS="1762" HPOS="1241" CONTENT=""/>
               </TextLine>
               <TextLine ID="r1l70"
                         BASELINE="1860"
                         HEIGHT="46"
                         WIDTH="740"
                         VPOS="1814"
                         HPOS="519">
                  <String HEIGHT="46"
                          WIDTH="166"
                          VPOS="1814"
                          HPOS="504"
                          CONTENT="peribit"/>
                  <SP HEIGHT="46" WIDTH="15" VPOS="1814" HPOS="670"/>
                  <String HEIGHT="46" WIDTH="91" VPOS="1814" HPOS="625" CONTENT="in"/>
                  <SP HEIGHT="46" WIDTH="15" VPOS="1814" HPOS="715"/>
                  <String HEIGHT="46"
                          WIDTH="151"
                          VPOS="1814"
                          HPOS="670"
                          CONTENT="finem."/>
                  <SP HEIGHT="46" WIDTH="15" VPOS="1814" HPOS="821"/>
                  <String HEIGHT="46" WIDTH="76" VPOS="1814" HPOS="776" CONTENT="&amp;"/>
                  <SP HEIGHT="46" WIDTH="15" VPOS="1814" HPOS="851"/>
                  <String HEIGHT="46"
                          WIDTH="211"
                          VPOS="1814"
                          HPOS="806"
                          CONTENT="desiderium"/>
                  <SP HEIGHT="46" WIDTH="15" VPOS="1814" HPOS="1017"/>
                  <String HEIGHT="46"
                          WIDTH="181"
                          VPOS="1814"
                          HPOS="972"
                          CONTENT="pauperum"/>
                  <SP HEIGHT="46" WIDTH="15" VPOS="1814" HPOS="1153"/>
                  <String HEIGHT="46"
                          WIDTH="166"
                          VPOS="1814"
                          HPOS="1093"
                          CONTENT="exaudiuit"/>
               </TextLine>
               <TextLine ID="r1l72"
                         BASELINE="1906"
                         HEIGHT="53"
                         WIDTH="761"
                         VPOS="1853"
                         HPOS="504">
                  <String HEIGHT="53"
                          WIDTH="169"
                          VPOS="1853"
                          HPOS="490"
                          CONTENT="dominus."/>
                  <SP HEIGHT="53" WIDTH="14" VPOS="1853" HPOS="659"/>
                  <String HEIGHT="53"
                          WIDTH="169"
                          VPOS="1853"
                          HPOS="617"
                          CONTENT="Christus"/>
                  <SP HEIGHT="53" WIDTH="14" VPOS="1853" HPOS="786"/>
                  <String HEIGHT="53"
                          WIDTH="113"
                          VPOS="1853"
                          HPOS="744"
                          CONTENT="ipsa"/>
                  <SP HEIGHT="53" WIDTH="14" VPOS="1853" HPOS="856"/>
                  <String HEIGHT="53"
                          WIDTH="169"
                          VPOS="1853"
                          HPOS="814"
                          CONTENT="veritas:"/>
                  <SP HEIGHT="53" WIDTH="14" VPOS="1853" HPOS="983"/>
                  <String HEIGHT="53"
                          WIDTH="183"
                          VPOS="1853"
                          HPOS="941"
                          CONTENT="Apostoli,"/>
                  <SP HEIGHT="53" WIDTH="14" VPOS="1853" HPOS="1124"/>
                  <String HEIGHT="53" WIDTH="70" VPOS="1853" HPOS="1082" CONTENT="&amp;"/>
                  <SP HEIGHT="53" WIDTH="14" VPOS="1853" HPOS="1152"/>
                  <String HEIGHT="53"
                          WIDTH="141"
                          VPOS="1853"
                          HPOS="1110"
                          CONTENT="patres"/>
                  <SP HEIGHT="53" WIDTH="14" VPOS="1853" HPOS="1251"/>
                  <String HEIGHT="53"
                          WIDTH="70"
                          VPOS="1853"
                          HPOS="1195"
                          CONTENT="cae"/>
               </TextLine>
               <TextLine ID="r1l74"
                         BASELINE="1944"
                         HEIGHT="47"
                         WIDTH="763"
                         VPOS="1897"
                         HPOS="502">
                  <String HEIGHT="47" WIDTH="85" VPOS="1897" HPOS="488" CONTENT="lo"/>
                  <SP HEIGHT="47" WIDTH="14" VPOS="1897" HPOS="573"/>
                  <String HEIGHT="47"
                          WIDTH="127"
                          VPOS="1897"
                          HPOS="530"
                          CONTENT="digni"/>
                  <SP HEIGHT="47" WIDTH="14" VPOS="1897" HPOS="657"/>
                  <String HEIGHT="47" WIDTH="99" VPOS="1897" HPOS="615" CONTENT="tam"/>
                  <SP HEIGHT="47" WIDTH="14" VPOS="1897" HPOS="714"/>
                  <String HEIGHT="47" WIDTH="85" VPOS="1897" HPOS="672" CONTENT="in"/>
                  <SP HEIGHT="47" WIDTH="14" VPOS="1897" HPOS="756"/>
                  <String HEIGHT="47"
                          WIDTH="141"
                          VPOS="1897"
                          HPOS="714"
                          CONTENT="veteri"/>
                  <SP HEIGHT="47" WIDTH="14" VPOS="1897" HPOS="855"/>
                  <String HEIGHT="47"
                          WIDTH="198"
                          VPOS="1897"
                          HPOS="813"
                          CONTENT="testamento"/>
                  <SP HEIGHT="47" WIDTH="14" VPOS="1897" HPOS="1011"/>
                  <String HEIGHT="47"
                          WIDTH="113"
                          VPOS="1897"
                          HPOS="968"
                          CONTENT="quam"/>
                  <SP HEIGHT="47" WIDTH="14" VPOS="1897" HPOS="1081"/>
                  <String HEIGHT="47" WIDTH="85" VPOS="1897" HPOS="1039" CONTENT="in"/>
                  <SP HEIGHT="47" WIDTH="14" VPOS="1897" HPOS="1124"/>
                  <String HEIGHT="47"
                          WIDTH="113"
                          VPOS="1897"
                          HPOS="1081"
                          CONTENT="nouo"/>
                  <SP HEIGHT="47" WIDTH="14" VPOS="1897" HPOS="1194"/>
                  <String HEIGHT="47"
                          WIDTH="113"
                          VPOS="1897"
                          HPOS="1152"
                          CONTENT="hanc"/>
                  <SP HEIGHT="47" WIDTH="14" VPOS="1897" HPOS="1265"/>
                  <String HEIGHT="47" WIDTH="57" VPOS="1897" HPOS="1208" CONTENT="co"/>
               </TextLine>
               <TextLine ID="r1l76"
                         BASELINE="1994"
                         HEIGHT="54"
                         WIDTH="760"
                         VPOS="1940"
                         HPOS="502">
                  <String HEIGHT="54"
                          WIDTH="179"
                          VPOS="1940"
                          HPOS="487"
                          CONTENT="luerunt."/>
                  <SP HEIGHT="54" WIDTH="15" VPOS="1940" HPOS="666"/>
                  <String HEIGHT="54"
                          WIDTH="149"
                          VPOS="1940"
                          HPOS="621"
                          CONTENT="Quanto"/>
                  <SP HEIGHT="54" WIDTH="15" VPOS="1940" HPOS="770"/>
                  <String HEIGHT="54"
                          WIDTH="134"
                          VPOS="1940"
                          HPOS="726"
                          CONTENT="autem"/>
                  <SP HEIGHT="54" WIDTH="15" VPOS="1940" HPOS="860"/>
                  <String HEIGHT="54"
                          WIDTH="119"
                          VPOS="1940"
                          HPOS="815"
                          CONTENT="quis"/>
                  <SP HEIGHT="54" WIDTH="15" VPOS="1940" HPOS="934"/>
                  <String HEIGHT="54"
                          WIDTH="119"
                          VPOS="1940"
                          HPOS="889"
                          CONTENT="plus"/>
                  <SP HEIGHT="54" WIDTH="15" VPOS="1940" HPOS="1009"/>
                  <String HEIGHT="54"
                          WIDTH="149"
                          VPOS="1940"
                          HPOS="964"
                          CONTENT="terrae"/>
                  <SP HEIGHT="54" WIDTH="15" VPOS="1940" HPOS="1113"/>
                  <String HEIGHT="54"
                          WIDTH="209"
                          VPOS="1940"
                          HPOS="1053"
                          CONTENT="appropinquat"/>
               </TextLine>
               <TextLine ID="r1l78"
                         BASELINE="2032"
                         HEIGHT="46"
                         WIDTH="751"
                         VPOS="1986"
                         HPOS="501">
                  <String HEIGHT="46"
                          WIDTH="118"
                          VPOS="1986"
                          HPOS="486"
                          CONTENT="opes"/>
                  <SP HEIGHT="46" WIDTH="15" VPOS="1986" HPOS="604"/>
                  <String HEIGHT="46"
                          WIDTH="221"
                          VPOS="1986"
                          HPOS="560"
                          CONTENT="acquirendo,"/>
                  <SP HEIGHT="46" WIDTH="15" VPOS="1986" HPOS="781"/>
                  <String HEIGHT="46"
                          WIDTH="133"
                          VPOS="1986"
                          HPOS="737"
                          CONTENT="licet"/>
                  <SP HEIGHT="46" WIDTH="15" VPOS="1986" HPOS="869"/>
                  <String HEIGHT="46"
                          WIDTH="103"
                          VPOS="1986"
                          HPOS="825"
                          CONTENT="sit"/>
                  <SP HEIGHT="46" WIDTH="15" VPOS="1986" HPOS="928"/>
                  <String HEIGHT="46" WIDTH="88" VPOS="1986" HPOS="884" CONTENT="in"/>
                  <SP HEIGHT="46" WIDTH="15" VPOS="1986" HPOS="972"/>
                  <String HEIGHT="46"
                          WIDTH="147"
                          VPOS="1986"
                          HPOS="928"
                          CONTENT="maiore"/>
                  <SP HEIGHT="46" WIDTH="15" VPOS="1986" HPOS="1075"/>
                  <String HEIGHT="46"
                          WIDTH="118"
                          VPOS="1986"
                          HPOS="1031"
                          CONTENT="fama"/>
                  <SP HEIGHT="46" WIDTH="15" VPOS="1986" HPOS="1149"/>
                  <String HEIGHT="46" WIDTH="88" VPOS="1986" HPOS="1105" CONTENT="in"/>
                  <SP HEIGHT="46" WIDTH="15" VPOS="1986" HPOS="1193"/>
                  <String HEIGHT="46"
                          WIDTH="118"
                          VPOS="1986"
                          HPOS="1134"
                          CONTENT="terra:"/>
               </TextLine>
               <TextLine ID="r1l80"
                         BASELINE="2084"
                         HEIGHT="53"
                         WIDTH="761"
                         VPOS="2031"
                         HPOS="501">
                  <String HEIGHT="53"
                          WIDTH="127"
                          VPOS="2031"
                          HPOS="487"
                          CONTENT="tanto"/>
                  <SP HEIGHT="53" WIDTH="14" VPOS="2031" HPOS="614"/>
                  <String HEIGHT="53"
                          WIDTH="197"
                          VPOS="2031"
                          HPOS="571"
                          CONTENT="distantior"/>
                  <SP HEIGHT="53" WIDTH="14" VPOS="2031" HPOS="769"/>
                  <String HEIGHT="53" WIDTH="99" VPOS="2031" HPOS="726" CONTENT="est"/>
                  <SP HEIGHT="53" WIDTH="14" VPOS="2031" HPOS="825"/>
                  <String HEIGHT="53" WIDTH="70" VPOS="2031" HPOS="783" CONTENT="a"/>
                  <SP HEIGHT="53" WIDTH="14" VPOS="2031" HPOS="853"/>
                  <String HEIGHT="53"
                          WIDTH="127"
                          VPOS="2031"
                          HPOS="811"
                          CONTENT="caelo"/>
                  <SP HEIGHT="53" WIDTH="14" VPOS="2031" HPOS="938"/>
                  <String HEIGHT="53" WIDTH="70" VPOS="2031" HPOS="896" CONTENT="&amp;"/>
                  <SP HEIGHT="53" WIDTH="14" VPOS="2031" HPOS="966"/>
                  <String HEIGHT="53"
                          WIDTH="127"
                          VPOS="2031"
                          HPOS="924"
                          CONTENT="minus"/>
                  <SP HEIGHT="53" WIDTH="14" VPOS="2031" HPOS="1051"/>
                  <String HEIGHT="53"
                          WIDTH="127"
                          VPOS="2031"
                          HPOS="1008"
                          CONTENT="illic"/>
                  <SP HEIGHT="53" WIDTH="14" VPOS="2031" HPOS="1135"/>
                  <String HEIGHT="53"
                          WIDTH="183"
                          VPOS="2031"
                          HPOS="1093"
                          CONTENT="cognitus,"/>
                  <SP HEIGHT="53" WIDTH="14" VPOS="2031" HPOS="1276"/>
                  <String HEIGHT="53" WIDTH="42" VPOS="2031" HPOS="1220" CONTENT="&amp;"/>
               </TextLine>
               <TextLine ID="r1l82"
                         BASELINE="2122"
                         HEIGHT="47"
                         WIDTH="748"
                         VPOS="2075"
                         HPOS="511">
                  <String HEIGHT="47"
                          WIDTH="218"
                          VPOS="2075"
                          HPOS="495"
                          CONTENT="econverso,"/>
                  <SP HEIGHT="47" WIDTH="16" VPOS="2075" HPOS="714"/>
                  <String HEIGHT="47"
                          WIDTH="234"
                          VPOS="2075"
                          HPOS="667"
                          CONTENT="quemadmodum"/>
                  <SP HEIGHT="47" WIDTH="16" VPOS="2075" HPOS="901"/>
                  <String HEIGHT="47"
                          WIDTH="140"
                          VPOS="2075"
                          HPOS="854"
                          CONTENT="luna,"/>
                  <SP HEIGHT="47" WIDTH="16" VPOS="2075" HPOS="994"/>
                  <String HEIGHT="47"
                          WIDTH="125"
                          VPOS="2075"
                          HPOS="947"
                          CONTENT="quae"/>
                  <SP HEIGHT="47" WIDTH="16" VPOS="2075" HPOS="1072"/>
                  <String HEIGHT="47"
                          WIDTH="156"
                          VPOS="2075"
                          HPOS="1025"
                          CONTENT="quanto"/>
                  <SP HEIGHT="47" WIDTH="16" VPOS="2075" HPOS="1181"/>
                  <String HEIGHT="47"
                          WIDTH="140"
                          VPOS="2075"
                          HPOS="1134"
                          CONTENT="magis"/>
                  <SP HEIGHT="47" WIDTH="16" VPOS="2075" HPOS="1275"/>
                  <String HEIGHT="47" WIDTH="47" VPOS="2075" HPOS="1212" CONTENT="a"/>
               </TextLine>
               <TextLine ID="r1l84"
                         BASELINE="2174"
                         HEIGHT="51"
                         WIDTH="756"
                         VPOS="2123"
                         HPOS="507">
                  <String HEIGHT="51"
                          WIDTH="126"
                          VPOS="2123"
                          HPOS="491"
                          CONTENT="sole"/>
                  <SP HEIGHT="51" WIDTH="16" VPOS="2123" HPOS="617"/>
                  <String HEIGHT="51"
                          WIDTH="221"
                          VPOS="2123"
                          HPOS="570"
                          CONTENT="elongatur,"/>
                  <SP HEIGHT="51" WIDTH="16" VPOS="2123" HPOS="791"/>
                  <String HEIGHT="51"
                          WIDTH="142"
                          VPOS="2123"
                          HPOS="743"
                          CONTENT="magis"/>
                  <SP HEIGHT="51" WIDTH="16" VPOS="2123" HPOS="885"/>
                  <String HEIGHT="51"
                          WIDTH="221"
                          VPOS="2123"
                          HPOS="838"
                          CONTENT="illuminata"/>
                  <SP HEIGHT="51" WIDTH="16" VPOS="2123" HPOS="1058"/>
                  <String HEIGHT="51" WIDTH="95" VPOS="2123" HPOS="1011" CONTENT="ab"/>
                  <SP HEIGHT="51" WIDTH="16" VPOS="2123" HPOS="1106"/>
                  <String HEIGHT="51"
                          WIDTH="205"
                          VPOS="2123"
                          HPOS="1058"
                          CONTENT="hominibus"/>
                  <SP HEIGHT="51" WIDTH="16" VPOS="2123" HPOS="1263"/>
                  <String HEIGHT="51" WIDTH="63" VPOS="2123" HPOS="1200" CONTENT="in"/>
               </TextLine>
               <TextLine ID="r1l86"
                         BASELINE="2212"
                         HEIGHT="50"
                         WIDTH="760"
                         VPOS="2162"
                         HPOS="502">
                  <String HEIGHT="50"
                          WIDTH="132"
                          VPOS="2162"
                          HPOS="487"
                          CONTENT="terra"/>
                  <SP HEIGHT="50" WIDTH="15" VPOS="2162" HPOS="619"/>
                  <String HEIGHT="50"
                          WIDTH="175"
                          VPOS="2162"
                          HPOS="575"
                          CONTENT="putatur:"/>
                  <SP HEIGHT="50" WIDTH="15" VPOS="2162" HPOS="750"/>
                  <String HEIGHT="50" WIDTH="73" VPOS="2162" HPOS="707" CONTENT="&amp;"/>
                  <SP HEIGHT="50" WIDTH="15" VPOS="2162" HPOS="780"/>
                  <String HEIGHT="50"
                          WIDTH="132"
                          VPOS="2162"
                          HPOS="736"
                          CONTENT="tamen"/>
                  <SP HEIGHT="50" WIDTH="15" VPOS="2162" HPOS="867"/>
                  <String HEIGHT="50"
                          WIDTH="146"
                          VPOS="2162"
                          HPOS="824"
                          CONTENT="reuera"/>
                  <SP HEIGHT="50" WIDTH="15" VPOS="2162" HPOS="970"/>
                  <String HEIGHT="50"
                          WIDTH="132"
                          VPOS="2162"
                          HPOS="926"
                          CONTENT="minus"/>
                  <SP HEIGHT="50" WIDTH="15" VPOS="2162" HPOS="1057"/>
                  <String HEIGHT="50"
                          WIDTH="234"
                          VPOS="2162"
                          HPOS="1014"
                          CONTENT="illuminatur:"/>
                  <SP HEIGHT="50" WIDTH="15" VPOS="2162" HPOS="1247"/>
                  <String HEIGHT="50"
                          WIDTH="73"
                          VPOS="2162"
                          HPOS="1189"
                          CONTENT="cum"/>
               </TextLine>
               <TextLine ID="r1l88"
                         BASELINE="2259"
                         HEIGHT="53"
                         WIDTH="752"
                         VPOS="2206"
                         HPOS="507">
                  <String HEIGHT="53"
                          WIDTH="133"
                          VPOS="2206"
                          HPOS="492"
                          CONTENT="magis"/>
                  <SP HEIGHT="53" WIDTH="15" VPOS="2206" HPOS="625"/>
                  <String HEIGHT="53"
                          WIDTH="147"
                          VPOS="2206"
                          HPOS="581"
                          CONTENT="distet"/>
                  <SP HEIGHT="53" WIDTH="15" VPOS="2206" HPOS="728"/>
                  <String HEIGHT="53" WIDTH="74" VPOS="2206" HPOS="684" CONTENT="a"/>
                  <SP HEIGHT="53" WIDTH="15" VPOS="2206" HPOS="758"/>
                  <String HEIGHT="53"
                          WIDTH="133"
                          VPOS="2206"
                          HPOS="713"
                          CONTENT="causa"/>
                  <SP HEIGHT="53" WIDTH="15" VPOS="2206" HPOS="846"/>
                  <String HEIGHT="53"
                          WIDTH="162"
                          VPOS="2206"
                          HPOS="802"
                          CONTENT="luminis"/>
                  <SP HEIGHT="53" WIDTH="15" VPOS="2206" HPOS="964"/>
                  <String HEIGHT="53"
                          WIDTH="221"
                          VPOS="2206"
                          HPOS="920"
                          CONTENT="productiua."/>
                  <SP HEIGHT="53" WIDTH="15" VPOS="2206" HPOS="1141"/>
                  <String HEIGHT="53" WIDTH="88" VPOS="2206" HPOS="1097" CONTENT="in"/>
                  <SP HEIGHT="53" WIDTH="15" VPOS="2206" HPOS="1185"/>
                  <String HEIGHT="53"
                          WIDTH="133"
                          VPOS="2206"
                          HPOS="1126"
                          CONTENT="coniunt"/>
               </TextLine>
               <TextLine ID="r1l90"
                         BASELINE="2304"
                         HEIGHT="49"
                         WIDTH="754"
                         VPOS="2255"
                         HPOS="505">
                  <String HEIGHT="49"
                          WIDTH="148"
                          VPOS="2255"
                          HPOS="490"
                          CONTENT="ctione"/>
                  <SP HEIGHT="49" WIDTH="15" VPOS="2255" HPOS="638"/>
                  <String HEIGHT="49"
                          WIDTH="118"
                          VPOS="2255"
                          HPOS="594"
                          CONTENT="enim"/>
                  <SP HEIGHT="49" WIDTH="15" VPOS="2255" HPOS="712"/>
                  <String HEIGHT="49"
                          WIDTH="133"
                          VPOS="2255"
                          HPOS="668"
                          CONTENT="nihil"/>
                  <SP HEIGHT="49" WIDTH="15" VPOS="2255" HPOS="801"/>
                  <String HEIGHT="49"
                          WIDTH="163"
                          VPOS="2255"
                          HPOS="756"
                          CONTENT="luminis"/>
                  <SP HEIGHT="49" WIDTH="15" VPOS="2255" HPOS="919"/>
                  <String HEIGHT="49"
                          WIDTH="118"
                          VPOS="2255"
                          HPOS="875"
                          CONTENT="eius"/>
                  <SP HEIGHT="49" WIDTH="15" VPOS="2255" HPOS="993"/>
                  <String HEIGHT="49"
                          WIDTH="207"
                          VPOS="2255"
                          HPOS="949"
                          CONTENT="percipitur"/>
                  <SP HEIGHT="49" WIDTH="15" VPOS="2255" HPOS="1156"/>
                  <String HEIGHT="49" WIDTH="89" VPOS="2255" HPOS="1111" CONTENT="in"/>
                  <SP HEIGHT="49" WIDTH="15" VPOS="2255" HPOS="1200"/>
                  <String HEIGHT="49"
                          WIDTH="118"
                          VPOS="2255"
                          HPOS="1141"
                          CONTENT="terras"/>
               </TextLine>
               <TextLine ID="r1l92"
                         BASELINE="2346"
                         HEIGHT="51"
                         WIDTH="755"
                         VPOS="2295"
                         HPOS="507">
                  <String HEIGHT="51" WIDTH="69" VPOS="2295" HPOS="493" CONTENT="&amp;"/>
                  <SP HEIGHT="51" WIDTH="14" VPOS="2295" HPOS="562"/>
                  <String HEIGHT="51"
                          WIDTH="124"
                          VPOS="2295"
                          HPOS="521"
                          CONTENT="tamen"/>
                  <SP HEIGHT="51" WIDTH="14" VPOS="2295" HPOS="644"/>
                  <String HEIGHT="51"
                          WIDTH="110"
                          VPOS="2295"
                          HPOS="603"
                          CONTENT="vere"/>
                  <SP HEIGHT="51" WIDTH="14" VPOS="2295" HPOS="713"/>
                  <String HEIGHT="51"
                          WIDTH="124"
                          VPOS="2295"
                          HPOS="672"
                          CONTENT="magis"/>
                  <SP HEIGHT="51" WIDTH="14" VPOS="2295" HPOS="795"/>
                  <String HEIGHT="51"
                          WIDTH="206"
                          VPOS="2295"
                          HPOS="754"
                          CONTENT="illuminatur"/>
                  <SP HEIGHT="51" WIDTH="14" VPOS="2295" HPOS="960"/>
                  <String HEIGHT="51"
                          WIDTH="124"
                          VPOS="2295"
                          HPOS="919"
                          CONTENT="etiam"/>
                  <SP HEIGHT="51" WIDTH="14" VPOS="2295" HPOS="1042"/>
                  <String HEIGHT="51"
                          WIDTH="137"
                          VPOS="2295"
                          HPOS="1001"
                          CONTENT="versus"/>
                  <SP HEIGHT="51" WIDTH="14" VPOS="2295" HPOS="1138"/>
                  <String HEIGHT="51"
                          WIDTH="151"
                          VPOS="2295"
                          HPOS="1097"
                          CONTENT="caelum."/>
                  <SP HEIGHT="51" WIDTH="14" VPOS="2295" HPOS="1248"/>
                  <String HEIGHT="51"
                          WIDTH="69"
                          VPOS="2295"
                          HPOS="1193"
                          CONTENT="Sic"/>
               </TextLine>
               <TextLine ID="r1l94"
                         BASELINE="2389"
                         HEIGHT="49"
                         WIDTH="748"
                         VPOS="2340"
                         HPOS="511">
                  <String HEIGHT="49"
                          WIDTH="103"
                          VPOS="2340"
                          HPOS="496"
                          CONTENT="est"/>
                  <SP HEIGHT="49" WIDTH="15" VPOS="2340" HPOS="599"/>
                  <String HEIGHT="49" WIDTH="88" VPOS="2340" HPOS="555" CONTENT="de"/>
                  <SP HEIGHT="49" WIDTH="15" VPOS="2340" HPOS="643"/>
                  <String HEIGHT="49"
                          WIDTH="147"
                          VPOS="2340"
                          HPOS="599"
                          CONTENT="homine"/>
                  <SP HEIGHT="49" WIDTH="15" VPOS="2340" HPOS="746"/>
                  <String HEIGHT="49"
                          WIDTH="117"
                          VPOS="2340"
                          HPOS="702"
                          CONTENT="opes"/>
                  <SP HEIGHT="49" WIDTH="15" VPOS="2340" HPOS="819"/>
                  <String HEIGHT="49" WIDTH="73" VPOS="2340" HPOS="775" CONTENT="&amp;"/>
                  <SP HEIGHT="49" WIDTH="15" VPOS="2340" HPOS="848"/>
                  <String HEIGHT="49"
                          WIDTH="161"
                          VPOS="2340"
                          HPOS="804"
                          CONTENT="terrena"/>
                  <SP HEIGHT="49" WIDTH="15" VPOS="2340" HPOS="966"/>
                  <String HEIGHT="49"
                          WIDTH="220"
                          VPOS="2340"
                          HPOS="922"
                          CONTENT="conculcante"/>
                  <SP HEIGHT="49" WIDTH="15" VPOS="2340" HPOS="1142"/>
                  <String HEIGHT="49"
                          WIDTH="103"
                          VPOS="2340"
                          HPOS="1098"
                          CONTENT="per"/>
                  <SP HEIGHT="49" WIDTH="15" VPOS="2340" HPOS="1200"/>
                  <String HEIGHT="49"
                          WIDTH="117"
                          VPOS="2340"
                          HPOS="1142"
                          CONTENT="respe"
                          SUBS_TYPE="HypPart1"
                          SUBS_CONTENT="respectum"/>
                  <HYP CONTENT="-"/>
               </TextLine>
               <TextLine ID="r1l96"
                         BASELINE="2440"
                         HEIGHT="55"
                         WIDTH="761"
                         VPOS="2385"
                         HPOS="501">
                  <String HEIGHT="55"
                          WIDTH="107"
                          VPOS="2385"
                          HPOS="488"
                          CONTENT="ctum"
                          SUBS_TYPE="HypPart2"
                          SUBS_CONTENT="respectum"/>
                  <SP HEIGHT="55" WIDTH="13" VPOS="2385" HPOS="594"/>
                  <String HEIGHT="55" WIDTH="80" VPOS="2385" HPOS="554" CONTENT="ad"/>
                  <SP HEIGHT="55" WIDTH="13" VPOS="2385" HPOS="635"/>
                  <String HEIGHT="55"
                          WIDTH="134"
                          VPOS="2385"
                          HPOS="594"
                          CONTENT="mundum"/>
                  <SP HEIGHT="55" WIDTH="13" VPOS="2385" HPOS="728"/>
                  <String HEIGHT="55" WIDTH="67" VPOS="2385" HPOS="688" CONTENT="&amp;"/>
                  <SP HEIGHT="55" WIDTH="13" VPOS="2385" HPOS="755"/>
                  <String HEIGHT="55"
                          WIDTH="120"
                          VPOS="2385"
                          HPOS="715"
                          CONTENT="solem"/>
                  <SP HEIGHT="55" WIDTH="13" VPOS="2385" HPOS="835"/>
                  <String HEIGHT="55"
                          WIDTH="187"
                          VPOS="2385"
                          HPOS="795"
                          CONTENT="iustitiae."/>
                  <SP HEIGHT="55" WIDTH="13" VPOS="2385" HPOS="982"/>
                  <String HEIGHT="55" WIDTH="67" VPOS="2385" HPOS="942" CONTENT="&amp;"/>
                  <SP HEIGHT="55" WIDTH="13" VPOS="2385" HPOS="1008"/>
                  <String HEIGHT="55"
                          WIDTH="120"
                          VPOS="2385"
                          HPOS="968"
                          CONTENT="tamen"/>
                  <SP HEIGHT="55" WIDTH="13" VPOS="2385" HPOS="1088"/>
                  <String HEIGHT="55"
                          WIDTH="107"
                          VPOS="2385"
                          HPOS="1048"
                          CONTENT="homo"/>
                  <SP HEIGHT="55" WIDTH="13" VPOS="2385" HPOS="1155"/>
                  <String HEIGHT="55"
                          WIDTH="120"
                          VPOS="2385"
                          HPOS="1115"
                          CONTENT="debet"/>
                  <SP HEIGHT="55" WIDTH="13" VPOS="2385" HPOS="1235"/>
                  <String HEIGHT="55"
                          WIDTH="80"
                          VPOS="2385"
                          HPOS="1182"
                          CONTENT="cae"
                          SUBS_TYPE="HypPart1"
                          SUBS_CONTENT="caelum"/>
                  <HYP CONTENT="-"/>
               </TextLine>
               <TextLine ID="r1l98"
                         BASELINE="2476"
                         HEIGHT="47"
                         WIDTH="753"
                         VPOS="2429"
                         HPOS="505">
                  <String HEIGHT="47"
                          WIDTH="99"
                          VPOS="2429"
                          HPOS="491"
                          CONTENT="lum"
                          SUBS_TYPE="HypPart2"
                          SUBS_CONTENT="caelum"/>
                  <SP HEIGHT="47" WIDTH="14" VPOS="2429" HPOS="590"/>
                  <String HEIGHT="47"
                          WIDTH="128"
                          VPOS="2429"
                          HPOS="548"
                          CONTENT="terra"/>
                  <SP HEIGHT="47" WIDTH="14" VPOS="2429" HPOS="675"/>
                  <String HEIGHT="47"
                          WIDTH="199"
                          VPOS="2429"
                          HPOS="633"
                          CONTENT="posthabita"/>
                  <SP HEIGHT="47" WIDTH="14" VPOS="2429" HPOS="832"/>
                  <String HEIGHT="47"
                          WIDTH="185"
                          VPOS="2429"
                          HPOS="789"
                          CONTENT="inquirere"/>
                  <SP HEIGHT="47" WIDTH="14" VPOS="2429" HPOS="974"/>
                  <String HEIGHT="47"
                          WIDTH="142"
                          VPOS="2429"
                          HPOS="931"
                          CONTENT="suapte"/>
                  <SP HEIGHT="47" WIDTH="14" VPOS="2429" HPOS="1073"/>
                  <String HEIGHT="47"
                          WIDTH="156"
                          VPOS="2429"
                          HPOS="1031"
                          CONTENT="natura,"/>
                  <SP HEIGHT="47" WIDTH="14" VPOS="2429" HPOS="1187"/>
                  <String HEIGHT="47"
                          WIDTH="128"
                          VPOS="2429"
                          HPOS="1130"
                          CONTENT="dicente"/>
               </TextLine>
               <TextLine ID="r1l100"
                         BASELINE="2533"
                         HEIGHT="60"
                         WIDTH="755"
                         VPOS="2473"
                         HPOS="507">
                  <String HEIGHT="60"
                          WIDTH="177"
                          VPOS="2473"
                          HPOS="491"
                          CONTENT="OQuidio"/>
                  <SP HEIGHT="60" WIDTH="16" VPOS="2473" HPOS="668"/>
                  <String HEIGHT="60" WIDTH="96" VPOS="2473" HPOS="619" CONTENT="in"/>
                  <SP HEIGHT="60" WIDTH="16" VPOS="2473" HPOS="716"/>
                  <String HEIGHT="60"
                          WIDTH="145"
                          VPOS="2473"
                          HPOS="668"
                          CONTENT="primo"/>
                  <SP HEIGHT="60" WIDTH="16" VPOS="2473" HPOS="812"/>
                  <String HEIGHT="60"
                          WIDTH="193"
                          VPOS="2473"
                          HPOS="764"
                          CONTENT="Metamor."/>
                  <SP HEIGHT="60" WIDTH="16" VPOS="2473" HPOS="957"/>
                  <String HEIGHT="60"
                          WIDTH="193"
                          VPOS="2473"
                          HPOS="909"
                          CONTENT="Pronaque"/>
                  <SP HEIGHT="60" WIDTH="16" VPOS="2473" HPOS="1101"/>
                  <String HEIGHT="60"
                          WIDTH="112"
                          VPOS="2473"
                          HPOS="1053"
                          CONTENT="cum"/>
                  <SP HEIGHT="60" WIDTH="16" VPOS="2473" HPOS="1166"/>
                  <String HEIGHT="60"
                          WIDTH="161"
                          VPOS="2473"
                          HPOS="1101"
                          CONTENT="spectent"/>
               </TextLine>
               <TextLine ID="r1l102"
                         BASELINE="2571"
                         HEIGHT="54"
                         WIDTH="766"
                         VPOS="2517"
                         HPOS="502">
                  <String HEIGHT="54"
                          WIDTH="188"
                          VPOS="2517"
                          HPOS="486"
                          CONTENT="animalia"/>
                  <SP HEIGHT="54" WIDTH="16" VPOS="2517" HPOS="674"/>
                  <String HEIGHT="54"
                          WIDTH="172"
                          VPOS="2517"
                          HPOS="627"
                          CONTENT="caetera"/>
                  <SP HEIGHT="54" WIDTH="16" VPOS="2517" HPOS="799"/>
                  <String HEIGHT="54"
                          WIDTH="172"
                          VPOS="2517"
                          HPOS="752"
                          CONTENT="terram:"/>
                  <SP HEIGHT="54" WIDTH="16" VPOS="2517" HPOS="924"/>
                  <String HEIGHT="54" WIDTH="94" VPOS="2517" HPOS="877" CONTENT="Os"/>
                  <SP HEIGHT="54" WIDTH="16" VPOS="2517" HPOS="971"/>
                  <String HEIGHT="54"
                          WIDTH="156"
                          VPOS="2517"
                          HPOS="924"
                          CONTENT="homini"/>
                  <SP HEIGHT="54" WIDTH="16" VPOS="2517" HPOS="1080"/>
                  <String HEIGHT="54"
                          WIDTH="172"
                          VPOS="2517"
                          HPOS="1034"
                          CONTENT="sublime"/>
                  <SP HEIGHT="54" WIDTH="16" VPOS="2517" HPOS="1205"/>
                  <String HEIGHT="54"
                          WIDTH="125"
                          VPOS="2517"
                          HPOS="1143"
                          CONTENT="dedit,"/>
               </TextLine>
               <TextLine ID="r1l104"
                         BASELINE="2606"
                         HEIGHT="44"
                         WIDTH="757"
                         VPOS="2562"
                         HPOS="505">
                  <String HEIGHT="44"
                          WIDTH="189"
                          VPOS="2562"
                          HPOS="490"
                          CONTENT="caelumque"/>
                  <SP HEIGHT="44" WIDTH="15" VPOS="2562" HPOS="680"/>
                  <String HEIGHT="44"
                          WIDTH="146"
                          VPOS="2562"
                          HPOS="636"
                          CONTENT="videre"/>
                  <SP HEIGHT="44" WIDTH="15" VPOS="2562" HPOS="782"/>
                  <String HEIGHT="44"
                          WIDTH="160"
                          VPOS="2562"
                          HPOS="738"
                          CONTENT="lussit:"/>
                  <SP HEIGHT="44" WIDTH="15" VPOS="2562" HPOS="898"/>
                  <String HEIGHT="44" WIDTH="73" VPOS="2562" HPOS="854" CONTENT="&amp;"/>
                  <SP HEIGHT="44" WIDTH="15" VPOS="2562" HPOS="927"/>
                  <String HEIGHT="44"
                          WIDTH="160"
                          VPOS="2562"
                          HPOS="884"
                          CONTENT="erectos"/>
                  <SP HEIGHT="44" WIDTH="15" VPOS="2562" HPOS="1044"/>
                  <String HEIGHT="44" WIDTH="87" VPOS="2562" HPOS="1000" CONTENT="ad"/>
                  <SP HEIGHT="44" WIDTH="15" VPOS="2562" HPOS="1087"/>
                  <String HEIGHT="44"
                          WIDTH="146"
                          VPOS="2562"
                          HPOS="1044"
                          CONTENT="sydera"/>
                  <SP HEIGHT="44" WIDTH="15" VPOS="2562" HPOS="1189"/>
                  <String HEIGHT="44"
                          WIDTH="131"
                          VPOS="2562"
                          HPOS="1131"
                          CONTENT="tollere"/>
               </TextLine>
               <TextLine ID="r1l106"
                         BASELINE="2663"
                         HEIGHT="55"
                         WIDTH="758"
                         VPOS="2608"
                         HPOS="508">
                  <String HEIGHT="55"
                          WIDTH="163"
                          VPOS="2608"
                          HPOS="493"
                          CONTENT="vultus."/>
                  <SP HEIGHT="55" WIDTH="15" VPOS="2608" HPOS="657"/>
                  <String HEIGHT="55" WIDTH="74" VPOS="2608" HPOS="612" CONTENT="â‹"/>
                  <SP HEIGHT="55" WIDTH="15" VPOS="2608" HPOS="686"/>
                  <String HEIGHT="55"
                          WIDTH="178"
                          VPOS="2608"
                          HPOS="642"
                          CONTENT="Arguitur"/>
                  <SP HEIGHT="55" WIDTH="15" VPOS="2608" HPOS="820"/>
                  <String HEIGHT="55" WIDTH="89" VPOS="2608" HPOS="776" CONTENT="ad"/>
                  <SP HEIGHT="55" WIDTH="15" VPOS="2608" HPOS="865"/>
                  <String HEIGHT="55"
                          WIDTH="238"
                          VPOS="2608"
                          HPOS="820"
                          CONTENT="conclusionem"/>
                  <SP HEIGHT="55" WIDTH="15" VPOS="2608" HPOS="1058"/>
                  <String HEIGHT="55"
                          WIDTH="163"
                          VPOS="2608"
                          HPOS="1013"
                          CONTENT="duplici"/>
                  <SP HEIGHT="55" WIDTH="15" VPOS="2608" HPOS="1177"/>
                  <String HEIGHT="55"
                          WIDTH="149"
                          VPOS="2608"
                          HPOS="1117"
                          CONTENT="ratione."/>
               </TextLine>
               <TextLine ID="r1l108"
                         BASELINE="2703"
                         HEIGHT="56"
                         WIDTH="751"
                         VPOS="2647"
                         HPOS="511">
                  <String HEIGHT="56"
                          WIDTH="150"
                          VPOS="2647"
                          HPOS="494"
                          CONTENT="Primo"/>
                  <SP HEIGHT="56" WIDTH="17" VPOS="2647" HPOS="645"/>
                  <String HEIGHT="56" WIDTH="100" VPOS="2647" HPOS="594" CONTENT="ex"/>
                  <SP HEIGHT="56" WIDTH="17" VPOS="2647" HPOS="695"/>
                  <String HEIGHT="56"
                          WIDTH="167"
                          VPOS="2647"
                          HPOS="645"
                          CONTENT="regula"/>
                  <SP HEIGHT="56" WIDTH="17" VPOS="2647" HPOS="811"/>
                  <String HEIGHT="56"
                          WIDTH="250"
                          VPOS="2647"
                          HPOS="761"
                          CONTENT="Aristotelis"/>
                  <SP HEIGHT="56" WIDTH="17" VPOS="2647" HPOS="1012"/>
                  <String HEIGHT="56"
                          WIDTH="184"
                          VPOS="2647"
                          HPOS="962"
                          CONTENT="Topica."/>
                  <SP HEIGHT="56" WIDTH="17" VPOS="2647" HPOS="1145"/>
                  <String HEIGHT="56"
                          WIDTH="150"
                          VPOS="2647"
                          HPOS="1095"
                          CONTENT="Illud"/>
                  <SP HEIGHT="56" WIDTH="17" VPOS="2647" HPOS="1245"/>
                  <String HEIGHT="56"
                          WIDTH="83"
                          VPOS="2647"
                          HPOS="1179"
                          CONTENT="est"/>
               </TextLine>
               <TextLine ID="r1l110"
                         BASELINE="2769"
                         HEIGHT="83"
                         WIDTH="761"
                         VPOS="2686"
                         HPOS="507">
                  <String HEIGHT="83"
                          WIDTH="190"
                          VPOS="2686"
                          HPOS="492"
                          CONTENT="eligendum"/>
                  <SP HEIGHT="83" WIDTH="15" VPOS="2686" HPOS="683"/>
                  <String HEIGHT="83"
                          WIDTH="117"
                          VPOS="2686"
                          HPOS="639"
                          CONTENT="quod"/>
                  <SP HEIGHT="83" WIDTH="15" VPOS="2686" HPOS="756"/>
                  <String HEIGHT="83"
                          WIDTH="102"
                          VPOS="2686"
                          HPOS="712"
                          CONTENT="vir"/>
                  <SP HEIGHT="83" WIDTH="15" VPOS="2686" HPOS="814"/>
                  <String HEIGHT="83"
                          WIDTH="161"
                          VPOS="2686"
                          HPOS="770"
                          CONTENT="sapiens"/>
                  <SP HEIGHT="83" WIDTH="15" VPOS="2686" HPOS="931"/>
                  <String HEIGHT="83" WIDTH="88" VPOS="2686" HPOS="888" CONTENT="in"/>
                  <SP HEIGHT="83" WIDTH="15" VPOS="2686" HPOS="975"/>
                  <String HEIGHT="83"
                          WIDTH="117"
                          VPOS="2686"
                          HPOS="931"
                          CONTENT="omni"/>
                  <SP HEIGHT="83" WIDTH="15" VPOS="2686" HPOS="1048"/>
                  <String HEIGHT="83"
                          WIDTH="117"
                          VPOS="2686"
                          HPOS="1005"
                          CONTENT="lege"/>
                  <SP HEIGHT="83" WIDTH="15" VPOS="2686" HPOS="1122"/>
                  <String HEIGHT="83"
                          WIDTH="161"
                          VPOS="2686"
                          HPOS="1078"
                          CONTENT="peritus"/>
                  <SP HEIGHT="83" WIDTH="15" VPOS="2686" HPOS="1239"/>
                  <String HEIGHT="83"
                          WIDTH="88"
                          VPOS="2686"
                          HPOS="1180"
                          CONTENT="eli"/>
               </TextLine>
            </TextBlock>
            <TextBlock ID="TextRegion_1592248003706_671"
                       HEIGHT="2521"
                       WIDTH="815"
                       VPOS="231"
                       HPOS="1300">
               <Shape>
                  <Polygon POINTS="1300,231 2115,231 2115,2752 1300,2752"/>
               </Shape>
               <TextLine ID="r1l3"
                         BASELINE="354"
                         HEIGHT="55"
                         WIDTH="752"
                         VPOS="299"
                         HPOS="1338">
                  <String HEIGHT="55"
                          WIDTH="123"
                          VPOS="299"
                          HPOS="1323"
                          CONTENT="git,"/>
                  <SP HEIGHT="55" WIDTH="15" VPOS="299" HPOS="1445"/>
                  <String HEIGHT="55" WIDTH="77" VPOS="299" HPOS="1399" CONTENT="&amp;"/>
                  <SP HEIGHT="55" WIDTH="15" VPOS="299" HPOS="1476"/>
                  <String HEIGHT="55"
                          WIDTH="107"
                          VPOS="299"
                          HPOS="1430"
                          CONTENT="non"/>
                  <SP HEIGHT="55" WIDTH="15" VPOS="299" HPOS="1538"/>
                  <String HEIGHT="55"
                          WIDTH="123"
                          VPOS="299"
                          HPOS="1491"
                          CONTENT="quod"/>
                  <SP HEIGHT="55" WIDTH="15" VPOS="299" HPOS="1614"/>
                  <String HEIGHT="55"
                          WIDTH="169"
                          VPOS="299"
                          HPOS="1568"
                          CONTENT="stultus"/>
                  <SP HEIGHT="55" WIDTH="15" VPOS="299" HPOS="1737"/>
                  <String HEIGHT="55"
                          WIDTH="169"
                          VPOS="299"
                          HPOS="1691"
                          CONTENT="eligit."/>
                  <SP HEIGHT="55" WIDTH="15" VPOS="299" HPOS="1860"/>
                  <String HEIGHT="55"
                          WIDTH="107"
                          VPOS="299"
                          HPOS="1814"
                          CONTENT="sed"/>
                  <SP HEIGHT="55" WIDTH="15" VPOS="299" HPOS="1921"/>
                  <String HEIGHT="55"
                          WIDTH="230"
                          VPOS="299"
                          HPOS="1860"
                          CONTENT="mediocritatem"/>
               </TextLine>
               <TextLine ID="r1l5"
                         BASELINE="399"
                         HEIGHT="51"
                         WIDTH="765"
                         VPOS="348"
                         HPOS="1333">
                  <String HEIGHT="51" WIDTH="74" VPOS="348" HPOS="1318" CONTENT="&amp;"/>
                  <SP HEIGHT="51" WIDTH="15" VPOS="348" HPOS="1392"/>
                  <String HEIGHT="51"
                          WIDTH="235"
                          VPOS="348"
                          HPOS="1348"
                          CONTENT="frugalitatem"/>
                  <SP HEIGHT="51" WIDTH="15" VPOS="348" HPOS="1583"/>
                  <String HEIGHT="51"
                          WIDTH="132"
                          VPOS="348"
                          HPOS="1539"
                          CONTENT="vitae"/>
                  <SP HEIGHT="51" WIDTH="15" VPOS="348" HPOS="1671"/>
                  <String HEIGHT="51"
                          WIDTH="191"
                          VPOS="348"
                          HPOS="1627"
                          CONTENT="elegerunt"/>
                  <SP HEIGHT="51" WIDTH="15" VPOS="348" HPOS="1818"/>
                  <String HEIGHT="51"
                          WIDTH="118"
                          VPOS="348"
                          HPOS="1774"
                          CONTENT="isti"/>
                  <SP HEIGHT="51" WIDTH="15" VPOS="348" HPOS="1892"/>
                  <String HEIGHT="51"
                          WIDTH="206"
                          VPOS="348"
                          HPOS="1848"
                          CONTENT="prudentes."/>
                  <SP HEIGHT="51" WIDTH="15" VPOS="348" HPOS="2054"/>
                  <String HEIGHT="51"
                          WIDTH="118"
                          VPOS="348"
                          HPOS="2010"
                          CONTENT="ergo"/>
                  <SP HEIGHT="51" WIDTH="15" VPOS="348" HPOS="2127"/>
                  <String HEIGHT="51" WIDTH="29" VPOS="348" HPOS="2069" CONTENT=""/>
               </TextLine>
               <TextLine ID="r1l7"
                         BASELINE="440"
                         HEIGHT="46"
                         WIDTH="766"
                         VPOS="394"
                         HPOS="1324">
                  <String HEIGHT="46"
                          WIDTH="116"
                          VPOS="394"
                          HPOS="1310"
                          CONTENT="ipsa"/>
                  <SP HEIGHT="46" WIDTH="14" VPOS="394" HPOS="1425"/>
                  <String HEIGHT="46"
                          WIDTH="101"
                          VPOS="394"
                          HPOS="1382"
                          CONTENT="est"/>
                  <SP HEIGHT="46" WIDTH="14" VPOS="394" HPOS="1483"/>
                  <String HEIGHT="46"
                          WIDTH="173"
                          VPOS="394"
                          HPOS="1440"
                          CONTENT="eligenda"/>
                  <SP HEIGHT="46" WIDTH="14" VPOS="394" HPOS="1613"/>
                  <String HEIGHT="46"
                          WIDTH="101"
                          VPOS="394"
                          HPOS="1570"
                          CONTENT="non"/>
                  <SP HEIGHT="46" WIDTH="14" VPOS="394" HPOS="1671"/>
                  <String HEIGHT="46"
                          WIDTH="159"
                          VPOS="394"
                          HPOS="1628"
                          CONTENT="curando"/>
                  <SP HEIGHT="46" WIDTH="14" VPOS="394" HPOS="1786"/>
                  <String HEIGHT="46" WIDTH="87" VPOS="394" HPOS="1743" CONTENT="de"/>
                  <SP HEIGHT="46" WIDTH="14" VPOS="394" HPOS="1830"/>
                  <String HEIGHT="46"
                          WIDTH="188"
                          VPOS="394"
                          HPOS="1786"
                          CONTENT="stultorum"/>
                  <SP HEIGHT="46" WIDTH="14" VPOS="394" HPOS="1974"/>
                  <String HEIGHT="46"
                          WIDTH="173"
                          VPOS="394"
                          HPOS="1917"
                          CONTENT="electione."/>
               </TextLine>
               <TextLine ID="r1l9"
                         BASELINE="495"
                         HEIGHT="56"
                         WIDTH="764"
                         VPOS="439"
                         HPOS="1336">
                  <String HEIGHT="56"
                          WIDTH="168"
                          VPOS="439"
                          HPOS="1321"
                          CONTENT="Secundo"/>
                  <SP HEIGHT="56" WIDTH="15" VPOS="439" HPOS="1489"/>
                  <String HEIGHT="56"
                          WIDTH="107"
                          VPOS="439"
                          HPOS="1443"
                          CONTENT="sic"/>
                  <SP HEIGHT="56" WIDTH="15" VPOS="439" HPOS="1550"/>
                  <String HEIGHT="56"
                          WIDTH="199"
                          VPOS="439"
                          HPOS="1504"
                          CONTENT="arguitur."/>
                  <SP HEIGHT="56" WIDTH="15" VPOS="439" HPOS="1703"/>
                  <String HEIGHT="56"
                          WIDTH="153"
                          VPOS="439"
                          HPOS="1657"
                          CONTENT="quando"/>
                  <SP HEIGHT="56" WIDTH="15" VPOS="439" HPOS="1810"/>
                  <String HEIGHT="56"
                          WIDTH="122"
                          VPOS="439"
                          HPOS="1764"
                          CONTENT="sunt"/>
                  <SP HEIGHT="56" WIDTH="15" VPOS="439" HPOS="1886"/>
                  <String HEIGHT="56"
                          WIDTH="122"
                          VPOS="439"
                          HPOS="1840"
                          CONTENT="duae"/>
                  <SP HEIGHT="56" WIDTH="15" VPOS="439" HPOS="1962"/>
                  <String HEIGHT="56"
                          WIDTH="122"
                          VPOS="439"
                          HPOS="1917"
                          CONTENT="viae"/>
                  <SP HEIGHT="56" WIDTH="15" VPOS="439" HPOS="2039"/>
                  <String HEIGHT="56"
                          WIDTH="122"
                          VPOS="439"
                          HPOS="1978"
                          CONTENT="quarum"/>
               </TextLine>
               <TextLine ID="r1l11"
                         BASELINE="540"
                         HEIGHT="61"
                         WIDTH="760"
                         VPOS="479"
                         HPOS="1330">
                  <String HEIGHT="61" WIDTH="99" VPOS="479" HPOS="1316" CONTENT="vna"/>
                  <SP HEIGHT="61" WIDTH="14" VPOS="479" HPOS="1414"/>
                  <String HEIGHT="61"
                          WIDTH="169"
                          VPOS="479"
                          HPOS="1372"
                          CONTENT="securius"/>
                  <SP HEIGHT="61" WIDTH="14" VPOS="479" HPOS="1541"/>
                  <String HEIGHT="61" WIDTH="70" VPOS="479" HPOS="1499" CONTENT="&amp;"/>
                  <SP HEIGHT="61" WIDTH="14" VPOS="479" HPOS="1569"/>
                  <String HEIGHT="61"
                          WIDTH="169"
                          VPOS="479"
                          HPOS="1527"
                          CONTENT="solidius"/>
                  <SP HEIGHT="61" WIDTH="14" VPOS="479" HPOS="1696"/>
                  <String HEIGHT="61"
                          WIDTH="127"
                          VPOS="479"
                          HPOS="1654"
                          CONTENT="ducit"/>
                  <SP HEIGHT="61" WIDTH="14" VPOS="479" HPOS="1780"/>
                  <String HEIGHT="61" WIDTH="84" VPOS="479" HPOS="1738" CONTENT="ad"/>
                  <SP HEIGHT="61" WIDTH="14" VPOS="479" HPOS="1823"/>
                  <String HEIGHT="61"
                          WIDTH="169"
                          VPOS="479"
                          HPOS="1780"
                          CONTENT="terminum"/>
                  <SP HEIGHT="61" WIDTH="14" VPOS="479" HPOS="1949"/>
                  <String HEIGHT="61" WIDTH="84" VPOS="479" HPOS="1907" CONTENT="ad"/>
                  <SP HEIGHT="61" WIDTH="14" VPOS="479" HPOS="1991"/>
                  <String HEIGHT="61"
                          WIDTH="113"
                          VPOS="479"
                          HPOS="1949"
                          CONTENT="quem"/>
                  <SP HEIGHT="61" WIDTH="14" VPOS="479" HPOS="2062"/>
                  <String HEIGHT="61"
                          WIDTH="84"
                          VPOS="479"
                          HPOS="2006"
                          CONTENT="quam"/>
               </TextLine>
               <TextLine ID="r1l13"
                         BASELINE="575"
                         HEIGHT="50"
                         WIDTH="769"
                         VPOS="525"
                         HPOS="1323">
                  <String HEIGHT="50"
                          WIDTH="166"
                          VPOS="525"
                          HPOS="1308"
                          CONTENT="altera:"/>
                  <SP HEIGHT="50" WIDTH="15" VPOS="525" HPOS="1474"/>
                  <String HEIGHT="50"
                          WIDTH="121"
                          VPOS="525"
                          HPOS="1429"
                          CONTENT="illa"/>
                  <SP HEIGHT="50" WIDTH="15" VPOS="525" HPOS="1549"/>
                  <String HEIGHT="50"
                          WIDTH="151"
                          VPOS="525"
                          HPOS="1504"
                          CONTENT="potius"/>
                  <SP HEIGHT="50" WIDTH="15" VPOS="525" HPOS="1655"/>
                  <String HEIGHT="50"
                          WIDTH="106"
                          VPOS="525"
                          HPOS="1609"
                          CONTENT="est"/>
                  <SP HEIGHT="50" WIDTH="15" VPOS="525" HPOS="1715"/>
                  <String HEIGHT="50"
                          WIDTH="196"
                          VPOS="525"
                          HPOS="1670"
                          CONTENT="eligenda."/>
                  <SP HEIGHT="50" WIDTH="15" VPOS="525" HPOS="1866"/>
                  <String HEIGHT="50"
                          WIDTH="106"
                          VPOS="525"
                          HPOS="1821"
                          CONTENT="hoc"/>
                  <SP HEIGHT="50" WIDTH="15" VPOS="525" HPOS="1926"/>
                  <String HEIGHT="50"
                          WIDTH="121"
                          VPOS="525"
                          HPOS="1881"
                          CONTENT="enim"/>
                  <SP HEIGHT="50" WIDTH="15" VPOS="525" HPOS="2002"/>
                  <String HEIGHT="50"
                          WIDTH="151"
                          VPOS="525"
                          HPOS="1941"
                          CONTENT="quilibet"/>
               </TextLine>
               <TextLine ID="r1l15"
                         BASELINE="622"
                         HEIGHT="48"
                         WIDTH="767"
                         VPOS="574"
                         HPOS="1326">
                  <String HEIGHT="48"
                          WIDTH="147"
                          VPOS="574"
                          HPOS="1310"
                          CONTENT="nouit"/>
                  <SP HEIGHT="48" WIDTH="16" VPOS="574" HPOS="1457"/>
                  <String HEIGHT="48" WIDTH="98" VPOS="574" HPOS="1408" CONTENT="in"/>
                  <SP HEIGHT="48" WIDTH="16" VPOS="574" HPOS="1506"/>
                  <String HEIGHT="48"
                          WIDTH="180"
                          VPOS="574"
                          HPOS="1457"
                          CONTENT="ratione"/>
                  <SP HEIGHT="48" WIDTH="16" VPOS="574" HPOS="1636"/>
                  <String HEIGHT="48"
                          WIDTH="212"
                          VPOS="574"
                          HPOS="1587"
                          CONTENT="naturali."/>
                  <SP HEIGHT="48" WIDTH="16" VPOS="574" HPOS="1799"/>
                  <String HEIGHT="48"
                          WIDTH="131"
                          VPOS="574"
                          HPOS="1750"
                          CONTENT="modo"/>
                  <SP HEIGHT="48" WIDTH="16" VPOS="574" HPOS="1881"/>
                  <String HEIGHT="48"
                          WIDTH="114"
                          VPOS="574"
                          HPOS="1832"
                          CONTENT="hic"/>
                  <SP HEIGHT="48" WIDTH="16" VPOS="574" HPOS="1946"/>
                  <String HEIGHT="48"
                          WIDTH="114"
                          VPOS="574"
                          HPOS="1897"
                          CONTENT="non"/>
                  <SP HEIGHT="48" WIDTH="16" VPOS="574" HPOS="2011"/>
                  <String HEIGHT="48"
                          WIDTH="147"
                          VPOS="574"
                          HPOS="1946"
                          CONTENT="habemus"/>
               </TextLine>
               <TextLine ID="r1l17"
                         BASELINE="672"
                         HEIGHT="54"
                         WIDTH="769"
                         VPOS="618"
                         HPOS="1327">
                  <String HEIGHT="54"
                          WIDTH="196"
                          VPOS="618"
                          HPOS="1311"
                          CONTENT="manentem"/>
                  <SP HEIGHT="54" WIDTH="16" VPOS="618" HPOS="1507"/>
                  <String HEIGHT="54"
                          WIDTH="229"
                          VPOS="618"
                          HPOS="1458"
                          CONTENT="ciuitatem,"/>
                  <SP HEIGHT="54" WIDTH="16" VPOS="618" HPOS="1687"/>
                  <String HEIGHT="54"
                          WIDTH="115"
                          VPOS="618"
                          HPOS="1638"
                          CONTENT="sed"/>
                  <SP HEIGHT="54" WIDTH="16" VPOS="618" HPOS="1752"/>
                  <String HEIGHT="54"
                          WIDTH="180"
                          VPOS="618"
                          HPOS="1703"
                          CONTENT="futuram"/>
                  <SP HEIGHT="54" WIDTH="16" VPOS="618" HPOS="1883"/>
                  <String HEIGHT="54"
                          WIDTH="245"
                          VPOS="618"
                          HPOS="1834"
                          CONTENT="inquirimus."/>
                  <SP HEIGHT="54" WIDTH="16" VPOS="618" HPOS="2080"/>
                  <String HEIGHT="54" WIDTH="98" VPOS="618" HPOS="2031" CONTENT="ad"/>
                  <SP HEIGHT="54" WIDTH="16" VPOS="618" HPOS="2129"/>
                  <String HEIGHT="54" WIDTH="33" VPOS="618" HPOS="2063" CONTENT=""/>
               </TextLine>
               <TextLine ID="r1l19"
                         BASELINE="708"
                         HEIGHT="49"
                         WIDTH="770"
                         VPOS="659"
                         HPOS="1329">
                  <String HEIGHT="49"
                          WIDTH="185"
                          VPOS="659"
                          HPOS="1314"
                          CONTENT="Hebraeos"/>
                  <SP HEIGHT="49" WIDTH="15" VPOS="659" HPOS="1498"/>
                  <String HEIGHT="49"
                          WIDTH="169"
                          VPOS="659"
                          HPOS="1452"
                          CONTENT="vltimo."/>
                  <SP HEIGHT="49" WIDTH="15" VPOS="659" HPOS="1622"/>
                  <String HEIGHT="49"
                          WIDTH="154"
                          VPOS="659"
                          HPOS="1575"
                          CONTENT="Tnmimn"/>
                  <SP HEIGHT="49" WIDTH="15" VPOS="659" HPOS="1729"/>
                  <String HEIGHT="49"
                          WIDTH="123"
                          VPOS="659"
                          HPOS="1683"
                          CONTENT="enim"/>
                  <SP HEIGHT="49" WIDTH="15" VPOS="659" HPOS="1806"/>
                  <String HEIGHT="49"
                          WIDTH="185"
                          VPOS="659"
                          HPOS="1760"
                          CONTENT="viatores"/>
                  <SP HEIGHT="49" WIDTH="15" VPOS="659" HPOS="1945"/>
                  <String HEIGHT="49"
                          WIDTH="154"
                          VPOS="659"
                          HPOS="1899"
                          CONTENT="sumus."/>
                  <SP HEIGHT="49" WIDTH="15" VPOS="659" HPOS="2053"/>
                  <String HEIGHT="49"
                          WIDTH="108"
                          VPOS="659"
                          HPOS="1991"
                          CONTENT="termi"/>
               </TextLine>
               <TextLine ID="r1l21"
                         BASELINE="754"
                         HEIGHT="51"
                         WIDTH="766"
                         VPOS="703"
                         HPOS="1330">
                  <String HEIGHT="51" WIDTH="99" VPOS="703" HPOS="1316" CONTENT="nus"/>
                  <SP HEIGHT="51" WIDTH="14" VPOS="703" HPOS="1415"/>
                  <String HEIGHT="51" WIDTH="85" VPOS="703" HPOS="1373" CONTENT="ad"/>
                  <SP HEIGHT="51" WIDTH="14" VPOS="703" HPOS="1458"/>
                  <String HEIGHT="51"
                          WIDTH="113"
                          VPOS="703"
                          HPOS="1415"
                          CONTENT="quem"/>
                  <SP HEIGHT="51" WIDTH="14" VPOS="703" HPOS="1529"/>
                  <String HEIGHT="51" WIDTH="99" VPOS="703" HPOS="1486" CONTENT="est"/>
                  <SP HEIGHT="51" WIDTH="14" VPOS="703" HPOS="1585"/>
                  <String HEIGHT="51"
                          WIDTH="170"
                          VPOS="703"
                          HPOS="1543"
                          CONTENT="caeleste"/>
                  <SP HEIGHT="51" WIDTH="14" VPOS="703" HPOS="1713"/>
                  <String HEIGHT="51"
                          WIDTH="156"
                          VPOS="703"
                          HPOS="1670"
                          CONTENT="regnum:"/>
                  <SP HEIGHT="51" WIDTH="14" VPOS="703" HPOS="1826"/>
                  <String HEIGHT="51" WIDTH="85" VPOS="703" HPOS="1784" CONTENT="ad"/>
                  <SP HEIGHT="51" WIDTH="14" VPOS="703" HPOS="1869"/>
                  <String HEIGHT="51"
                          WIDTH="113"
                          VPOS="703"
                          HPOS="1826"
                          CONTENT="quod"/>
                  <SP HEIGHT="51" WIDTH="14" VPOS="703" HPOS="1940"/>
                  <String HEIGHT="51"
                          WIDTH="184"
                          VPOS="703"
                          HPOS="1897"
                          CONTENT="paupertas"/>
                  <SP HEIGHT="51" WIDTH="14" VPOS="703" HPOS="2082"/>
                  <String HEIGHT="51"
                          WIDTH="71"
                          VPOS="703"
                          HPOS="2025"
                          CONTENT="se"
                          SUBS_TYPE="HypPart1"
                          SUBS_CONTENT="securius"/>
                  <HYP CONTENT="-"/>
               </TextLine>
               <TextLine ID="r1l23"
                         BASELINE="804"
                         HEIGHT="55"
                         WIDTH="770"
                         VPOS="749"
                         HPOS="1329">
                  <String HEIGHT="55"
                          WIDTH="145"
                          VPOS="749"
                          HPOS="1314"
                          CONTENT="curius"
                          SUBS_TYPE="HypPart2"
                          SUBS_CONTENT="securius"/>
                  <SP HEIGHT="55" WIDTH="15" VPOS="749" HPOS="1460"/>
                  <String HEIGHT="55"
                          WIDTH="131"
                          VPOS="749"
                          HPOS="1416"
                          CONTENT="ducit"/>
                  <SP HEIGHT="55" WIDTH="15" VPOS="749" HPOS="1547"/>
                  <String HEIGHT="55"
                          WIDTH="116"
                          VPOS="749"
                          HPOS="1503"
                          CONTENT="quam"/>
                  <SP HEIGHT="55" WIDTH="15" VPOS="749" HPOS="1620"/>
                  <String HEIGHT="55"
                          WIDTH="131"
                          VPOS="749"
                          HPOS="1576"
                          CONTENT="opes:"/>
                  <SP HEIGHT="55" WIDTH="15" VPOS="749" HPOS="1707"/>
                  <String HEIGHT="55"
                          WIDTH="160"
                          VPOS="749"
                          HPOS="1663"
                          CONTENT="igitur."/>
                  <SP HEIGHT="55" WIDTH="15" VPOS="749" HPOS="1823"/>
                  <String HEIGHT="55" WIDTH="87" VPOS="749" HPOS="1779" CONTENT="Et"/>
                  <SP HEIGHT="55" WIDTH="15" VPOS="749" HPOS="1867"/>
                  <String HEIGHT="55"
                          WIDTH="160"
                          VPOS="749"
                          HPOS="1823"
                          CONTENT="ostendo"/>
                  <SP HEIGHT="55" WIDTH="15" VPOS="749" HPOS="1983"/>
                  <String HEIGHT="55"
                          WIDTH="160"
                          VPOS="749"
                          HPOS="1939"
                          CONTENT="exemplo"/>
                  <SP HEIGHT="55" WIDTH="15" VPOS="749" HPOS="2099"/>
                  <String HEIGHT="55" WIDTH="58" VPOS="749" HPOS="2041" CONTENT="de"/>
               </TextLine>
               <TextLine ID="r1l25"
                         BASELINE="846"
                         HEIGHT="52"
                         WIDTH="769"
                         VPOS="794"
                         HPOS="1336">
                  <String HEIGHT="52"
                          WIDTH="154"
                          VPOS="794"
                          HPOS="1321"
                          CONTENT="quodam"/>
                  <SP HEIGHT="52" WIDTH="15" VPOS="794" HPOS="1474"/>
                  <String HEIGHT="52"
                          WIDTH="200"
                          VPOS="794"
                          HPOS="1428"
                          CONTENT="farcimina"/>
                  <SP HEIGHT="52" WIDTH="15" VPOS="794" HPOS="1628"/>
                  <String HEIGHT="52" WIDTH="92" VPOS="794" HPOS="1582" CONTENT="in"/>
                  <SP HEIGHT="52" WIDTH="15" VPOS="794" HPOS="1674"/>
                  <String HEIGHT="52"
                          WIDTH="215"
                          VPOS="794"
                          HPOS="1628"
                          CONTENT="abundantia"/>
                  <SP HEIGHT="52" WIDTH="15" VPOS="794" HPOS="1844"/>
                  <String HEIGHT="52"
                          WIDTH="185"
                          VPOS="794"
                          HPOS="1797"
                          CONTENT="portante"/>
                  <SP HEIGHT="52" WIDTH="15" VPOS="794" HPOS="1982"/>
                  <String HEIGHT="52"
                          WIDTH="108"
                          VPOS="794"
                          HPOS="1936"
                          CONTENT="per"/>
                  <SP HEIGHT="52" WIDTH="15" VPOS="794" HPOS="2043"/>
                  <String HEIGHT="52"
                          WIDTH="123"
                          VPOS="794"
                          HPOS="1982"
                          CONTENT="vrbem:"/>
               </TextLine>
               <TextLine ID="r1l27"
                         BASELINE="895"
                         HEIGHT="53"
                         WIDTH="764"
                         VPOS="842"
                         HPOS="1332">
                  <String HEIGHT="53" WIDTH="90" VPOS="842" HPOS="1317" CONTENT="ex"/>
                  <SP HEIGHT="53" WIDTH="15" VPOS="842" HPOS="1407"/>
                  <String HEIGHT="53"
                          WIDTH="150"
                          VPOS="842"
                          HPOS="1362"
                          CONTENT="quibus"/>
                  <SP HEIGHT="53" WIDTH="15" VPOS="842" HPOS="1512"/>
                  <String HEIGHT="53"
                          WIDTH="180"
                          VPOS="842"
                          HPOS="1467"
                          CONTENT="quilibet"/>
                  <SP HEIGHT="53" WIDTH="15" VPOS="842" HPOS="1647"/>
                  <String HEIGHT="53"
                          WIDTH="120"
                          VPOS="842"
                          HPOS="1602"
                          CONTENT="vnum"/>
                  <SP HEIGHT="53" WIDTH="15" VPOS="842" HPOS="1721"/>
                  <String HEIGHT="53"
                          WIDTH="105"
                          VPOS="842"
                          HPOS="1677"
                          CONTENT="vel"/>
                  <SP HEIGHT="53" WIDTH="15" VPOS="842" HPOS="1781"/>
                  <String HEIGHT="53"
                          WIDTH="135"
                          VPOS="842"
                          HPOS="1736"
                          CONTENT="vnius"/>
                  <SP HEIGHT="53" WIDTH="15" VPOS="842" HPOS="1871"/>
                  <String HEIGHT="53"
                          WIDTH="150"
                          VPOS="842"
                          HPOS="1826"
                          CONTENT="partem"/>
                  <SP HEIGHT="53" WIDTH="15" VPOS="842" HPOS="1976"/>
                  <String HEIGHT="53"
                          WIDTH="120"
                          VPOS="842"
                          HPOS="1931"
                          CONTENT="sine"/>
                  <SP HEIGHT="53" WIDTH="15" VPOS="842" HPOS="2051"/>
                  <String HEIGHT="53"
                          WIDTH="105"
                          VPOS="842"
                          HPOS="1991"
                          CONTENT="quie"
                          SUBS_TYPE="HypPart1"
                          SUBS_CONTENT="quiete"/>
                  <HYP CONTENT="-"/>
               </TextLine>
               <TextLine ID="r1l29"
                         BASELINE="929"
                         HEIGHT="46"
                         WIDTH="758"
                         VPOS="883"
                         HPOS="1335">
                  <String HEIGHT="46"
                          WIDTH="83"
                          VPOS="883"
                          HPOS="1321"
                          CONTENT="te"
                          SUBS_TYPE="HypPart2"
                          SUBS_CONTENT="quiete"/>
                  <SP HEIGHT="46" WIDTH="14" VPOS="883" HPOS="1404"/>
                  <String HEIGHT="46"
                          WIDTH="179"
                          VPOS="883"
                          HPOS="1363"
                          CONTENT="portantis"/>
                  <SP HEIGHT="46" WIDTH="14" VPOS="883" HPOS="1542"/>
                  <String HEIGHT="46"
                          WIDTH="152"
                          VPOS="883"
                          HPOS="1500"
                          CONTENT="rapuit:"/>
                  <SP HEIGHT="46" WIDTH="14" VPOS="883" HPOS="1652"/>
                  <String HEIGHT="46"
                          WIDTH="138"
                          VPOS="883"
                          HPOS="1611"
                          CONTENT="tandem"/>
                  <SP HEIGHT="46" WIDTH="14" VPOS="883" HPOS="1748"/>
                  <String HEIGHT="46"
                          WIDTH="152"
                          VPOS="883"
                          HPOS="1707"
                          CONTENT="omnibus"/>
                  <SP HEIGHT="46" WIDTH="14" VPOS="883" HPOS="1859"/>
                  <String HEIGHT="46"
                          WIDTH="165"
                          VPOS="883"
                          HPOS="1817"
                          CONTENT="abiectis"/>
                  <SP HEIGHT="46" WIDTH="14" VPOS="883" HPOS="1983"/>
                  <String HEIGHT="46"
                          WIDTH="152"
                          VPOS="883"
                          HPOS="1941"
                          CONTENT="quietus"/>
                  <SP HEIGHT="46" WIDTH="14" VPOS="883" HPOS="2093"/>
                  <String HEIGHT="46" WIDTH="55" VPOS="883" HPOS="2038" CONTENT="in"/>
               </TextLine>
               <TextLine ID="r1l31"
                         BASELINE="973"
                         HEIGHT="46"
                         WIDTH="767"
                         VPOS="927"
                         HPOS="1332">
                  <String HEIGHT="46"
                          WIDTH="159"
                          VPOS="927"
                          HPOS="1318"
                          CONTENT="cessit."/>
                  <SP HEIGHT="46" WIDTH="14" VPOS="927" HPOS="1477"/>
                  <String HEIGHT="46"
                          WIDTH="159"
                          VPOS="927"
                          HPOS="1433"
                          CONTENT="Paupere"/>
                  <SP HEIGHT="46" WIDTH="14" VPOS="927" HPOS="1592"/>
                  <String HEIGHT="46"
                          WIDTH="130"
                          VPOS="927"
                          HPOS="1549"
                          CONTENT="autem"/>
                  <SP HEIGHT="46" WIDTH="14" VPOS="927" HPOS="1679"/>
                  <String HEIGHT="46"
                          WIDTH="116"
                          VPOS="927"
                          HPOS="1636"
                          CONTENT="ante"/>
                  <SP HEIGHT="46" WIDTH="14" VPOS="927" HPOS="1752"/>
                  <String HEIGHT="46"
                          WIDTH="159"
                          VPOS="927"
                          HPOS="1708"
                          CONTENT="diuitis"/>
                  <SP HEIGHT="46" WIDTH="14" VPOS="927" HPOS="1867"/>
                  <String HEIGHT="46"
                          WIDTH="130"
                          VPOS="927"
                          HPOS="1824"
                          CONTENT="domum"/>
                  <SP HEIGHT="46" WIDTH="14" VPOS="927" HPOS="1954"/>
                  <String HEIGHT="46"
                          WIDTH="174"
                          VPOS="927"
                          HPOS="1911"
                          CONTENT="continuo"/>
                  <SP HEIGHT="46" WIDTH="14" VPOS="927" HPOS="2085"/>
                  <String HEIGHT="46" WIDTH="72" VPOS="927" HPOS="2027" CONTENT="can"/>
               </TextLine>
               <TextLine ID="r1l33"
                         BASELINE="1032"
                         HEIGHT="63"
                         WIDTH="755"
                         VPOS="969"
                         HPOS="1332">
                  <String HEIGHT="63"
                          WIDTH="133"
                          VPOS="969"
                          HPOS="1317"
                          CONTENT="tante"/>
                  <SP HEIGHT="63" WIDTH="15" VPOS="969" HPOS="1450"/>
                  <String HEIGHT="63"
                          WIDTH="104"
                          VPOS="969"
                          HPOS="1406"
                          CONTENT="cum"/>
                  <SP HEIGHT="63" WIDTH="15" VPOS="969" HPOS="1510"/>
                  <String HEIGHT="63"
                          WIDTH="133"
                          VPOS="969"
                          HPOS="1465"
                          CONTENT="diues"/>
                  <SP HEIGHT="63" WIDTH="15" VPOS="969" HPOS="1598"/>
                  <String HEIGHT="63" WIDTH="89" VPOS="969" HPOS="1554" CONTENT="ex"/>
                  <SP HEIGHT="63" WIDTH="15" VPOS="969" HPOS="1643"/>
                  <String HEIGHT="63"
                          WIDTH="192"
                          VPOS="969"
                          HPOS="1598"
                          CONTENT="industria"/>
                  <SP HEIGHT="63" WIDTH="15" VPOS="969" HPOS="1791"/>
                  <String HEIGHT="63"
                          WIDTH="148"
                          VPOS="969"
                          HPOS="1747"
                          CONTENT="magnum"/>
                  <SP HEIGHT="63" WIDTH="15" VPOS="969" HPOS="1895"/>
                  <String HEIGHT="63"
                          WIDTH="118"
                          VPOS="969"
                          HPOS="1850"
                          CONTENT="auri"/>
                  <SP HEIGHT="63" WIDTH="15" VPOS="969" HPOS="1969"/>
                  <String HEIGHT="63"
                          WIDTH="148"
                          VPOS="969"
                          HPOS="1924"
                          CONTENT="pondus"/>
                  <SP HEIGHT="63" WIDTH="15" VPOS="969" HPOS="2072"/>
                  <String HEIGHT="63" WIDTH="74" VPOS="969" HPOS="2013" CONTENT="pra"/>
               </TextLine>
               <TextLine ID="r1l35"
                         BASELINE="1063"
                         HEIGHT="52"
                         WIDTH="751"
                         VPOS="1011"
                         HPOS="1338">
                  <String HEIGHT="52"
                          WIDTH="178"
                          VPOS="1011"
                          HPOS="1324"
                          CONTENT="fenestram"/>
                  <SP HEIGHT="52" WIDTH="14" VPOS="1011" HPOS="1502"/>
                  <String HEIGHT="52"
                          WIDTH="137"
                          VPOS="1011"
                          HPOS="1461"
                          CONTENT="illius"/>
                  <SP HEIGHT="52" WIDTH="14" VPOS="1011" HPOS="1597"/>
                  <String HEIGHT="52"
                          WIDTH="178"
                          VPOS="1011"
                          HPOS="1556"
                          CONTENT="clanculum"/>
                  <SP HEIGHT="52" WIDTH="14" VPOS="1011" HPOS="1734"/>
                  <String HEIGHT="52"
                          WIDTH="205"
                          VPOS="1011"
                          HPOS="1693"
                          CONTENT="iniecisset,"/>
                  <SP HEIGHT="52" WIDTH="14" VPOS="1011" HPOS="1898"/>
                  <String HEIGHT="52"
                          WIDTH="109"
                          VPOS="1011"
                          HPOS="1857"
                          CONTENT="auro"/>
                  <SP HEIGHT="52" WIDTH="14" VPOS="1011" HPOS="1966"/>
                  <String HEIGHT="52"
                          WIDTH="164"
                          VPOS="1011"
                          HPOS="1925"
                          CONTENT="comperto"/>
                  <SP HEIGHT="52" WIDTH="14" VPOS="1011" HPOS="2089"/>
                  <String HEIGHT="52" WIDTH="55" VPOS="1011" HPOS="2034" CONTENT="no"/>
               </TextLine>
               <TextLine ID="r1l37"
                         BASELINE="1111"
                         HEIGHT="55"
                         WIDTH="769"
                         VPOS="1056"
                         HPOS="1330">
                  <String HEIGHT="55"
                          WIDTH="176"
                          VPOS="1056"
                          HPOS="1314"
                          CONTENT="cecinit"/>
                  <SP HEIGHT="55" WIDTH="16" VPOS="1056" HPOS="1490"/>
                  <String HEIGHT="55"
                          WIDTH="192"
                          VPOS="1056"
                          HPOS="1442"
                          CONTENT="amplius,"/>
                  <SP HEIGHT="55" WIDTH="16" VPOS="1056" HPOS="1634"/>
                  <String HEIGHT="55"
                          WIDTH="160"
                          VPOS="1056"
                          HPOS="1586"
                          CONTENT="semper"/>
                  <SP HEIGHT="55" WIDTH="16" VPOS="1056" HPOS="1747"/>
                  <String HEIGHT="55"
                          WIDTH="224"
                          VPOS="1056"
                          HPOS="1698"
                          CONTENT="sollicitus"/>
                  <SP HEIGHT="55" WIDTH="16" VPOS="1056" HPOS="1923"/>
                  <String HEIGHT="55" WIDTH="80" VPOS="1056" HPOS="1875" CONTENT="&amp;"/>
                  <SP HEIGHT="55" WIDTH="16" VPOS="1056" HPOS="1955"/>
                  <String HEIGHT="55"
                          WIDTH="160"
                          VPOS="1056"
                          HPOS="1907"
                          CONTENT="anxius"/>
                  <SP HEIGHT="55" WIDTH="16" VPOS="1056" HPOS="2067"/>
                  <String HEIGHT="55"
                          WIDTH="96"
                          VPOS="1056"
                          HPOS="2003"
                          CONTENT="quid"/>
               </TextLine>
               <TextLine ID="r1l39"
                         BASELINE="1153"
                         HEIGHT="46"
                         WIDTH="777"
                         VPOS="1107"
                         HPOS="1335">
                  <String HEIGHT="46"
                          WIDTH="122"
                          VPOS="1107"
                          HPOS="1320"
                          CONTENT="auro"/>
                  <SP HEIGHT="46" WIDTH="15" VPOS="1107" HPOS="1442"/>
                  <String HEIGHT="46"
                          WIDTH="168"
                          VPOS="1107"
                          HPOS="1396"
                          CONTENT="emeret:"/>
                  <SP HEIGHT="46" WIDTH="15" VPOS="1107" HPOS="1564"/>
                  <String HEIGHT="46"
                          WIDTH="107"
                          VPOS="1107"
                          HPOS="1518"
                          CONTENT="vbi"/>
                  <SP HEIGHT="46" WIDTH="15" VPOS="1107" HPOS="1624"/>
                  <String HEIGHT="46"
                          WIDTH="137"
                          VPOS="1107"
                          HPOS="1579"
                          CONTENT="ipsum"/>
                  <SP HEIGHT="46" WIDTH="15" VPOS="1107" HPOS="1716"/>
                  <String HEIGHT="46"
                          WIDTH="122"
                          VPOS="1107"
                          HPOS="1670"
                          CONTENT="ante"/>
                  <SP HEIGHT="46" WIDTH="15" VPOS="1107" HPOS="1792"/>
                  <String HEIGHT="46"
                          WIDTH="213"
                          VPOS="1107"
                          HPOS="1746"
                          CONTENT="eimptionem"/>
                  <SP HEIGHT="46" WIDTH="15" VPOS="1107" HPOS="1960"/>
                  <String HEIGHT="46"
                          WIDTH="229"
                          VPOS="1107"
                          HPOS="1914"
                          CONTENT="reconderet:"/>
                  <SP HEIGHT="46" WIDTH="15" VPOS="1107" HPOS="2142"/>
                  <String HEIGHT="46" WIDTH="30" VPOS="1107" HPOS="2082" CONTENT=""/>
               </TextLine>
               <TextLine ID="r1l41"
                         BASELINE="1202"
                         HEIGHT="53"
                         WIDTH="774"
                         VPOS="1149"
                         HPOS="1330">
                  <String HEIGHT="53" WIDTH="88" VPOS="1149" HPOS="1315" CONTENT="an"/>
                  <SP HEIGHT="53" WIDTH="15" VPOS="1149" HPOS="1403"/>
                  <String HEIGHT="53" WIDTH="88" VPOS="1149" HPOS="1359" CONTENT="in"/>
                  <SP HEIGHT="53" WIDTH="15" VPOS="1149" HPOS="1447"/>
                  <String HEIGHT="53"
                          WIDTH="102"
                          VPOS="1149"
                          HPOS="1403"
                          CONTENT="vno"/>
                  <SP HEIGHT="53" WIDTH="15" VPOS="1149" HPOS="1505"/>
                  <String HEIGHT="53"
                          WIDTH="131"
                          VPOS="1149"
                          HPOS="1461"
                          CONTENT="loco:"/>
                  <SP HEIGHT="53" WIDTH="15" VPOS="1149" HPOS="1593"/>
                  <String HEIGHT="53" WIDTH="88" VPOS="1149" HPOS="1549" CONTENT="an"/>
                  <SP HEIGHT="53" WIDTH="15" VPOS="1149" HPOS="1637"/>
                  <String HEIGHT="53" WIDTH="88" VPOS="1149" HPOS="1593" CONTENT="in"/>
                  <SP HEIGHT="53" WIDTH="15" VPOS="1149" HPOS="1680"/>
                  <String HEIGHT="53"
                          WIDTH="190"
                          VPOS="1149"
                          HPOS="1637"
                          CONTENT="pluribus,"/>
                  <SP HEIGHT="53" WIDTH="15" VPOS="1149" HPOS="1827"/>
                  <String HEIGHT="53"
                          WIDTH="175"
                          VPOS="1149"
                          HPOS="1783"
                          CONTENT="secundum"/>
                  <SP HEIGHT="53" WIDTH="15" VPOS="1149" HPOS="1958"/>
                  <String HEIGHT="53"
                          WIDTH="146"
                          VPOS="1149"
                          HPOS="1914"
                          CONTENT="verbum"/>
                  <SP HEIGHT="53" WIDTH="15" VPOS="1149" HPOS="2060"/>
                  <String HEIGHT="53"
                          WIDTH="102"
                          VPOS="1149"
                          HPOS="2002"
                          CONTENT="euan"
                          SUBS_TYPE="HypPart1"
                          SUBS_CONTENT="euangelii"/>
                  <HYP CONTENT="-"/>
               </TextLine>
               <TextLine ID="r1l43"
                         BASELINE="1247"
                         HEIGHT="55"
                         WIDTH="770"
                         VPOS="1192"
                         HPOS="1334">
                  <String HEIGHT="55"
                          WIDTH="131"
                          VPOS="1192"
                          HPOS="1319"
                          CONTENT="gelii"
                          SUBS_TYPE="HypPart2"
                          SUBS_CONTENT="euangelii"/>
                  <SP HEIGHT="55" WIDTH="15" VPOS="1192" HPOS="1450"/>
                  <String HEIGHT="55"
                          WIDTH="189"
                          VPOS="1192"
                          HPOS="1407"
                          CONTENT="Matthaei."/>
                  <SP HEIGHT="55" WIDTH="15" VPOS="1192" HPOS="1596"/>
                  <String HEIGHT="55"
                          WIDTH="102"
                          VPOS="1192"
                          HPOS="1552"
                          CONTENT="vi."/>
                  <SP HEIGHT="55" WIDTH="15" VPOS="1192" HPOS="1654"/>
                  <String HEIGHT="55"
                          WIDTH="102"
                          VPOS="1192"
                          HPOS="1610"
                          CONTENT="Vbi"/>
                  <SP HEIGHT="55" WIDTH="15" VPOS="1192" HPOS="1712"/>
                  <String HEIGHT="55"
                          WIDTH="102"
                          VPOS="1192"
                          HPOS="1668"
                          CONTENT="est"/>
                  <SP HEIGHT="55" WIDTH="15" VPOS="1192" HPOS="1770"/>
                  <String HEIGHT="55"
                          WIDTH="189"
                          VPOS="1192"
                          HPOS="1726"
                          CONTENT="thesaurus"/>
                  <SP HEIGHT="55" WIDTH="15" VPOS="1192" HPOS="1915"/>
                  <String HEIGHT="55"
                          WIDTH="131"
                          VPOS="1192"
                          HPOS="1872"
                          CONTENT="tuus,"/>
                  <SP HEIGHT="55" WIDTH="15" VPOS="1192" HPOS="2002"/>
                  <String HEIGHT="55"
                          WIDTH="102"
                          VPOS="1192"
                          HPOS="1959"
                          CONTENT="ibi"/>
                  <SP HEIGHT="55" WIDTH="15" VPOS="1192" HPOS="2060"/>
                  <String HEIGHT="55"
                          WIDTH="102"
                          VPOS="1192"
                          HPOS="2017"
                          CONTENT="est"/>
                  <SP HEIGHT="55" WIDTH="15" VPOS="1192" HPOS="2119"/>
                  <String HEIGHT="55" WIDTH="44" VPOS="1192" HPOS="2060" CONTENT="&amp;"/>
               </TextLine>
               <TextLine ID="r1l45"
                         BASELINE="1283"
                         HEIGHT="48"
                         WIDTH="773"
                         VPOS="1235"
                         HPOS="1329">
                  <String HEIGHT="48"
                          WIDTH="95"
                          VPOS="1235"
                          HPOS="1315"
                          CONTENT="cor"/>
                  <SP HEIGHT="48" WIDTH="14" VPOS="1235" HPOS="1410"/>
                  <String HEIGHT="48"
                          WIDTH="122"
                          VPOS="1235"
                          HPOS="1370"
                          CONTENT="tuum."/>
                  <SP HEIGHT="48" WIDTH="14" VPOS="1235" HPOS="1492"/>
                  <String HEIGHT="48"
                          WIDTH="190"
                          VPOS="1235"
                          HPOS="1451"
                          CONTENT="Praeterca,"/>
                  <SP HEIGHT="48" WIDTH="14" VPOS="1235" HPOS="1641"/>
                  <String HEIGHT="48"
                          WIDTH="108"
                          VPOS="1235"
                          HPOS="1600"
                          CONTENT="illa"/>
                  <SP HEIGHT="48" WIDTH="14" VPOS="1235" HPOS="1709"/>
                  <String HEIGHT="48"
                          WIDTH="95"
                          VPOS="1235"
                          HPOS="1668"
                          CONTENT="via"/>
                  <SP HEIGHT="48" WIDTH="14" VPOS="1235" HPOS="1763"/>
                  <String HEIGHT="48"
                          WIDTH="95"
                          VPOS="1235"
                          HPOS="1722"
                          CONTENT="est"/>
                  <SP HEIGHT="48" WIDTH="14" VPOS="1235" HPOS="1817"/>
                  <String HEIGHT="48"
                          WIDTH="190"
                          VPOS="1235"
                          HPOS="1777"
                          CONTENT="acceptanda"/>
                  <SP HEIGHT="48" WIDTH="14" VPOS="1235" HPOS="1966"/>
                  <String HEIGHT="48"
                          WIDTH="108"
                          VPOS="1235"
                          HPOS="1926"
                          CONTENT="quae"/>
                  <SP HEIGHT="48" WIDTH="14" VPOS="1235" HPOS="2034"/>
                  <String HEIGHT="48"
                          WIDTH="95"
                          VPOS="1235"
                          HPOS="1994"
                          CONTENT="est"/>
                  <SP HEIGHT="48" WIDTH="14" VPOS="1235" HPOS="2088"/>
                  <String HEIGHT="48"
                          WIDTH="68"
                          VPOS="1235"
                          HPOS="2034"
                          CONTENT="bre"/>
               </TextLine>
               <TextLine ID="r1l47"
                         BASELINE="1327"
                         HEIGHT="47"
                         WIDTH="768"
                         VPOS="1280"
                         HPOS="1333">
                  <String HEIGHT="47"
                          WIDTH="115"
                          VPOS="1280"
                          HPOS="1320"
                          CONTENT="uior:"/>
                  <SP HEIGHT="47" WIDTH="13" VPOS="1280" HPOS="1435"/>
                  <String HEIGHT="47"
                          WIDTH="90"
                          VPOS="1280"
                          HPOS="1397"
                          CONTENT="sic"/>
                  <SP HEIGHT="47" WIDTH="13" VPOS="1280" HPOS="1487"/>
                  <String HEIGHT="47"
                          WIDTH="90"
                          VPOS="1280"
                          HPOS="1448"
                          CONTENT="est"/>
                  <SP HEIGHT="47" WIDTH="13" VPOS="1280" HPOS="1538"/>
                  <String HEIGHT="47" WIDTH="77" VPOS="1280" HPOS="1499" CONTENT="de"/>
                  <SP HEIGHT="47" WIDTH="13" VPOS="1280" HPOS="1576"/>
                  <String HEIGHT="47"
                          WIDTH="179"
                          VPOS="1280"
                          HPOS="1538"
                          CONTENT="paupertate"/>
                  <SP HEIGHT="47" WIDTH="13" VPOS="1280" HPOS="1717"/>
                  <String HEIGHT="47"
                          WIDTH="102"
                          VPOS="1280"
                          HPOS="1679"
                          CONTENT="quae"/>
                  <SP HEIGHT="47" WIDTH="13" VPOS="1280" HPOS="1781"/>
                  <String HEIGHT="47"
                          WIDTH="90"
                          VPOS="1280"
                          HPOS="1743"
                          CONTENT="per"/>
                  <SP HEIGHT="47" WIDTH="13" VPOS="1280" HPOS="1832"/>
                  <String HEIGHT="47"
                          WIDTH="128"
                          VPOS="1280"
                          HPOS="1794"
                          CONTENT="lineam"/>
                  <SP HEIGHT="47" WIDTH="13" VPOS="1280" HPOS="1922"/>
                  <String HEIGHT="47"
                          WIDTH="128"
                          VPOS="1280"
                          HPOS="1883"
                          CONTENT="rectam"/>
                  <SP HEIGHT="47" WIDTH="13" VPOS="1280" HPOS="2011"/>
                  <String HEIGHT="47" WIDTH="77" VPOS="1280" HPOS="1973" CONTENT="ad"/>
                  <SP HEIGHT="47" WIDTH="13" VPOS="1280" HPOS="2050"/>
                  <String HEIGHT="47"
                          WIDTH="102"
                          VPOS="1280"
                          HPOS="1999"
                          CONTENT="caelum"/>
               </TextLine>
               <TextLine ID="r1l49"
                         BASELINE="1373"
                         HEIGHT="52"
                         WIDTH="766"
                         VPOS="1321"
                         HPOS="1339">
                  <String HEIGHT="52"
                          WIDTH="153"
                          VPOS="1321"
                          HPOS="1325"
                          CONTENT="tendit."/>
                  <SP HEIGHT="52" WIDTH="14" VPOS="1321" HPOS="1478"/>
                  <String HEIGHT="52"
                          WIDTH="139"
                          VPOS="1321"
                          HPOS="1436"
                          CONTENT="Rectum"/>
                  <SP HEIGHT="52" WIDTH="14" VPOS="1321" HPOS="1576"/>
                  <String HEIGHT="52"
                          WIDTH="111"
                          VPOS="1321"
                          HPOS="1534"
                          CONTENT="enim"/>
                  <SP HEIGHT="52" WIDTH="14" VPOS="1321" HPOS="1645"/>
                  <String HEIGHT="52"
                          WIDTH="167"
                          VPOS="1321"
                          HPOS="1604"
                          CONTENT="secundum"/>
                  <SP HEIGHT="52" WIDTH="14" VPOS="1321" HPOS="1771"/>
                  <String HEIGHT="52"
                          WIDTH="181"
                          VPOS="1321"
                          HPOS="1729"
                          CONTENT="Euclidem,"/>
                  <SP HEIGHT="52" WIDTH="14" VPOS="1321" HPOS="1910"/>
                  <String HEIGHT="52"
                          WIDTH="97"
                          VPOS="1321"
                          HPOS="1868"
                          CONTENT="est"/>
                  <SP HEIGHT="52" WIDTH="14" VPOS="1321" HPOS="1966"/>
                  <String HEIGHT="52"
                          WIDTH="125"
                          VPOS="1321"
                          HPOS="1924"
                          CONTENT="cuius"/>
                  <SP HEIGHT="52" WIDTH="14" VPOS="1321" HPOS="2049"/>
                  <String HEIGHT="52"
                          WIDTH="111"
                          VPOS="1321"
                          HPOS="1994"
                          CONTENT="medium"/>
               </TextLine>
               <TextLine ID="r1l51"
                         BASELINE="1420"
                         HEIGHT="52"
                         WIDTH="769"
                         VPOS="1368"
                         HPOS="1336">
                  <String HEIGHT="52"
                          WIDTH="106"
                          VPOS="1368"
                          HPOS="1321"
                          CONTENT="non"/>
                  <SP HEIGHT="52" WIDTH="15" VPOS="1368" HPOS="1426"/>
                  <String HEIGHT="52"
                          WIDTH="121"
                          VPOS="1368"
                          HPOS="1381"
                          CONTENT="exit"/>
                  <SP HEIGHT="52" WIDTH="15" VPOS="1368" HPOS="1502"/>
                  <String HEIGHT="52" WIDTH="90" VPOS="1368" HPOS="1457" CONTENT="ab"/>
                  <SP HEIGHT="52" WIDTH="15" VPOS="1368" HPOS="1547"/>
                  <String HEIGHT="52"
                          WIDTH="211"
                          VPOS="1368"
                          HPOS="1502"
                          CONTENT="extremis.,"/>
                  <SP HEIGHT="52" WIDTH="15" VPOS="1368" HPOS="1713"/>
                  <String HEIGHT="52"
                          WIDTH="121"
                          VPOS="1368"
                          HPOS="1668"
                          CONTENT="quod"/>
                  <SP HEIGHT="52" WIDTH="15" VPOS="1368" HPOS="1788"/>
                  <String HEIGHT="52"
                          WIDTH="226"
                          VPOS="1368"
                          HPOS="1743"
                          CONTENT="cognoscimus"/>
                  <SP HEIGHT="52" WIDTH="15" VPOS="1368" HPOS="1969"/>
                  <String HEIGHT="52"
                          WIDTH="106"
                          VPOS="1368"
                          HPOS="1924"
                          CONTENT="per"/>
                  <SP HEIGHT="52" WIDTH="15" VPOS="1368" HPOS="2030"/>
                  <String HEIGHT="52"
                          WIDTH="136"
                          VPOS="1368"
                          HPOS="1969"
                          CONTENT="latomum"/>
               </TextLine>
               <TextLine ID="r1l53"
                         BASELINE="1463"
                         HEIGHT="49"
                         WIDTH="763"
                         VPOS="1414"
                         HPOS="1333">
                  <String HEIGHT="49"
                          WIDTH="184"
                          VPOS="1414"
                          HPOS="1320"
                          CONTENT="dirigentem"/>
                  <SP HEIGHT="49" WIDTH="13" VPOS="1414" HPOS="1504"/>
                  <String HEIGHT="49"
                          WIDTH="118"
                          VPOS="1414"
                          HPOS="1465"
                          CONTENT="filum"/>
                  <SP HEIGHT="49" WIDTH="13" VPOS="1414" HPOS="1583"/>
                  <String HEIGHT="49"
                          WIDTH="92"
                          VPOS="1414"
                          HPOS="1543"
                          CONTENT="cum"/>
                  <SP HEIGHT="49" WIDTH="13" VPOS="1414" HPOS="1636"/>
                  <String HEIGHT="49"
                          WIDTH="132"
                          VPOS="1414"
                          HPOS="1596"
                          CONTENT="plumbo"/>
                  <SP HEIGHT="49" WIDTH="13" VPOS="1414" HPOS="1728"/>
                  <String HEIGHT="49" WIDTH="79" VPOS="1414" HPOS="1688" CONTENT="ad"/>
                  <SP HEIGHT="49" WIDTH="13" VPOS="1414" HPOS="1767"/>
                  <String HEIGHT="49"
                          WIDTH="145"
                          VPOS="1414"
                          HPOS="1728"
                          CONTENT="terram:"/>
                  <SP HEIGHT="49" WIDTH="13" VPOS="1414" HPOS="1872"/>
                  <String HEIGHT="49" WIDTH="79" VPOS="1414" HPOS="1833" CONTENT="si"/>
                  <SP HEIGHT="49" WIDTH="13" VPOS="1414" HPOS="1912"/>
                  <String HEIGHT="49"
                          WIDTH="105"
                          VPOS="1414"
                          HPOS="1872"
                          CONTENT="enim"/>
                  <SP HEIGHT="49" WIDTH="13" VPOS="1414" HPOS="1978"/>
                  <String HEIGHT="49"
                          WIDTH="132"
                          VPOS="1414"
                          HPOS="1938"
                          CONTENT="aliqua"/>
                  <SP HEIGHT="49" WIDTH="13" VPOS="1414" HPOS="2070"/>
                  <String HEIGHT="49"
                          WIDTH="79"
                          VPOS="1414"
                          HPOS="2017"
                          CONTENT="pars"/>
               </TextLine>
               <TextLine ID="r1l55"
                         BASELINE="1516"
                         HEIGHT="61"
                         WIDTH="769"
                         VPOS="1455"
                         HPOS="1329">
                  <String HEIGHT="61"
                          WIDTH="118"
                          VPOS="1455"
                          HPOS="1314"
                          CONTENT="fili"/>
                  <SP HEIGHT="61" WIDTH="15" VPOS="1455" HPOS="1433"/>
                  <String HEIGHT="61" WIDTH="89" VPOS="1455" HPOS="1388" CONTENT="ab"/>
                  <SP HEIGHT="61" WIDTH="15" VPOS="1455" HPOS="1477"/>
                  <String HEIGHT="61"
                          WIDTH="177"
                          VPOS="1455"
                          HPOS="1433"
                          CONTENT="extremis"/>
                  <SP HEIGHT="61" WIDTH="15" VPOS="1455" HPOS="1610"/>
                  <String HEIGHT="61"
                          WIDTH="163"
                          VPOS="1455"
                          HPOS="1566"
                          CONTENT="distet,"/>
                  <SP HEIGHT="61" WIDTH="15" VPOS="1455" HPOS="1728"/>
                  <String HEIGHT="61"
                          WIDTH="133"
                          VPOS="1455"
                          HPOS="1684"
                          CONTENT="murum"/>
                  <SP HEIGHT="61" WIDTH="15" VPOS="1455" HPOS="1817"/>
                  <String HEIGHT="61"
                          WIDTH="177"
                          VPOS="1455"
                          HPOS="1773"
                          CONTENT="obliquum"/>
                  <SP HEIGHT="61" WIDTH="15" VPOS="1455" HPOS="1950"/>
                  <String HEIGHT="61"
                          WIDTH="177"
                          VPOS="1455"
                          HPOS="1906"
                          CONTENT="iudicat."/>
                  <SP HEIGHT="61" WIDTH="15" VPOS="1455" HPOS="2083"/>
                  <String HEIGHT="61"
                          WIDTH="74"
                          VPOS="1455"
                          HPOS="2024"
                          CONTENT="sed"/>
               </TextLine>
               <TextLine ID="r1l57"
                         BASELINE="1553"
                         HEIGHT="49"
                         WIDTH="769"
                         VPOS="1504"
                         HPOS="1336">
                  <String HEIGHT="49"
                          WIDTH="151"
                          VPOS="1504"
                          HPOS="1322"
                          CONTENT="extrema"/>
                  <SP HEIGHT="49" WIDTH="14" VPOS="1504" HPOS="1473"/>
                  <String HEIGHT="49"
                          WIDTH="151"
                          VPOS="1504"
                          HPOS="1432"
                          CONTENT="hominis"/>
                  <SP HEIGHT="49" WIDTH="14" VPOS="1504" HPOS="1583"/>
                  <String HEIGHT="49" WIDTH="69" VPOS="1504" HPOS="1542" CONTENT="/"/>
                  <SP HEIGHT="49" WIDTH="14" VPOS="1504" HPOS="1611"/>
                  <String HEIGHT="49"
                          WIDTH="179"
                          VPOS="1504"
                          HPOS="1569"
                          CONTENT="pauperies"/>
                  <SP HEIGHT="49" WIDTH="14" VPOS="1504" HPOS="1748"/>
                  <String HEIGHT="49"
                          WIDTH="110"
                          VPOS="1504"
                          HPOS="1707"
                          CONTENT="est:"/>
                  <SP HEIGHT="49" WIDTH="14" VPOS="1504" HPOS="1817"/>
                  <String HEIGHT="49"
                          WIDTH="165"
                          VPOS="1504"
                          HPOS="1775"
                          CONTENT="nascitur"/>
                  <SP HEIGHT="49" WIDTH="14" VPOS="1504" HPOS="1940"/>
                  <String HEIGHT="49"
                          WIDTH="110"
                          VPOS="1504"
                          HPOS="1899"
                          CONTENT="enim"/>
                  <SP HEIGHT="49" WIDTH="14" VPOS="1504" HPOS="2009"/>
                  <String HEIGHT="49"
                          WIDTH="151"
                          VPOS="1504"
                          HPOS="1968"
                          CONTENT="pauper,"/>
                  <SP HEIGHT="49" WIDTH="14" VPOS="1504" HPOS="2119"/>
                  <String HEIGHT="49" WIDTH="41" VPOS="1504" HPOS="2064" CONTENT="&amp;"/>
               </TextLine>
               <TextLine ID="r1l59"
                         BASELINE="1596"
                         HEIGHT="49"
                         WIDTH="772"
                         VPOS="1547"
                         HPOS="1333">
                  <String HEIGHT="49"
                          WIDTH="185"
                          VPOS="1547"
                          HPOS="1316"
                          CONTENT="moritur"/>
                  <SP HEIGHT="49" WIDTH="17" VPOS="1547" HPOS="1501"/>
                  <String HEIGHT="49"
                          WIDTH="185"
                          VPOS="1547"
                          HPOS="1450"
                          CONTENT="pauper:"/>
                  <SP HEIGHT="49" WIDTH="17" VPOS="1547" HPOS="1635"/>
                  <String HEIGHT="49"
                          WIDTH="168"
                          VPOS="1547"
                          HPOS="1585"
                          CONTENT="medium"/>
                  <SP HEIGHT="49" WIDTH="17" VPOS="1547" HPOS="1753"/>
                  <String HEIGHT="49"
                          WIDTH="134"
                          VPOS="1547"
                          HPOS="1702"
                          CONTENT="ergo"/>
                  <SP HEIGHT="49" WIDTH="17" VPOS="1547" HPOS="1836"/>
                  <String HEIGHT="49"
                          WIDTH="151"
                          VPOS="1547"
                          HPOS="1786"
                          CONTENT="debet"/>
                  <SP HEIGHT="49" WIDTH="17" VPOS="1547" HPOS="1937"/>
                  <String HEIGHT="49"
                          WIDTH="201"
                          VPOS="1547"
                          HPOS="1887"
                          CONTENT="extremis"/>
                  <SP HEIGHT="49" WIDTH="17" VPOS="1547" HPOS="2088"/>
                  <String HEIGHT="49"
                          WIDTH="84"
                          VPOS="1547"
                          HPOS="2021"
                          CONTENT="re"
                          SUBS_TYPE="HypPart1"
                          SUBS_CONTENT="respondere."/>
                  <HYP CONTENT="-"/>
               </TextLine>
               <TextLine ID="r1l61"
                         BASELINE="1649"
                         HEIGHT="64"
                         WIDTH="767"
                         VPOS="1585"
                         HPOS="1341">
                  <String HEIGHT="64"
                          WIDTH="188"
                          VPOS="1585"
                          HPOS="1327"
                          CONTENT="spondere."
                          SUBS_TYPE="HypPart2"
                          SUBS_CONTENT="respondere."/>
                  <SP HEIGHT="64" WIDTH="14" VPOS="1585" HPOS="1515"/>
                  <String HEIGHT="64"
                          WIDTH="116"
                          VPOS="1585"
                          HPOS="1471"
                          CONTENT="modo"/>
                  <SP HEIGHT="64" WIDTH="14" VPOS="1585" HPOS="1587"/>
                  <String HEIGHT="64"
                          WIDTH="130"
                          VPOS="1585"
                          HPOS="1544"
                          CONTENT="inter"/>
                  <SP HEIGHT="64" WIDTH="14" VPOS="1585" HPOS="1674"/>
                  <String HEIGHT="64"
                          WIDTH="130"
                          VPOS="1585"
                          HPOS="1630"
                          CONTENT="omnes"/>
                  <SP HEIGHT="64" WIDTH="14" VPOS="1585" HPOS="1761"/>
                  <String HEIGHT="64"
                          WIDTH="145"
                          VPOS="1585"
                          HPOS="1717"
                          CONTENT="lineas"/>
                  <SP HEIGHT="64" WIDTH="14" VPOS="1585" HPOS="1862"/>
                  <String HEIGHT="64" WIDTH="72" VPOS="1585" HPOS="1819" CONTENT="a"/>
                  <SP HEIGHT="64" WIDTH="14" VPOS="1585" HPOS="1891"/>
                  <String HEIGHT="64"
                          WIDTH="145"
                          VPOS="1585"
                          HPOS="1848"
                          CONTENT="puncto"/>
                  <SP HEIGHT="64" WIDTH="14" VPOS="1585" HPOS="1992"/>
                  <String HEIGHT="64" WIDTH="87" VPOS="1585" HPOS="1949" CONTENT="ad"/>
                  <SP HEIGHT="64" WIDTH="14" VPOS="1585" HPOS="2036"/>
                  <String HEIGHT="64"
                          WIDTH="130"
                          VPOS="1585"
                          HPOS="1978"
                          CONTENT="punctum"/>
               </TextLine>
               <TextLine ID="r1l63"
                         BASELINE="1684"
                         HEIGHT="48"
                         WIDTH="769"
                         VPOS="1636"
                         HPOS="1336">
                  <String HEIGHT="48"
                          WIDTH="173"
                          VPOS="1636"
                          HPOS="1320"
                          CONTENT="ductas,"/>
                  <SP HEIGHT="48" WIDTH="16" VPOS="1636" HPOS="1493"/>
                  <String HEIGHT="48"
                          WIDTH="141"
                          VPOS="1636"
                          HPOS="1446"
                          CONTENT="linea"/>
                  <SP HEIGHT="48" WIDTH="16" VPOS="1636" HPOS="1587"/>
                  <String HEIGHT="48"
                          WIDTH="141"
                          VPOS="1636"
                          HPOS="1540"
                          CONTENT="recta"/>
                  <SP HEIGHT="48" WIDTH="16" VPOS="1636" HPOS="1681"/>
                  <String HEIGHT="48"
                          WIDTH="110"
                          VPOS="1636"
                          HPOS="1634"
                          CONTENT="est"/>
                  <SP HEIGHT="48" WIDTH="16" VPOS="1636" HPOS="1744"/>
                  <String HEIGHT="48"
                          WIDTH="235"
                          VPOS="1636"
                          HPOS="1697"
                          CONTENT="breuissima."/>
                  <SP HEIGHT="48" WIDTH="16" VPOS="1636" HPOS="1932"/>
                  <String HEIGHT="48"
                          WIDTH="204"
                          VPOS="1636"
                          HPOS="1885"
                          CONTENT="Propterea"/>
                  <SP HEIGHT="48" WIDTH="16" VPOS="1636" HPOS="2089"/>
                  <String HEIGHT="48"
                          WIDTH="78"
                          VPOS="1636"
                          HPOS="2027"
                          CONTENT="Bra"/>
               </TextLine>
               <TextLine ID="r1l65"
                         BASELINE="1733"
                         HEIGHT="59"
                         WIDTH="766"
                         VPOS="1674"
                         HPOS="1333">
                  <String HEIGHT="59"
                          WIDTH="180"
                          VPOS="1674"
                          HPOS="1318"
                          CONTENT="uardinus"/>
                  <SP HEIGHT="59" WIDTH="15" VPOS="1674" HPOS="1498"/>
                  <String HEIGHT="59" WIDTH="90" VPOS="1674" HPOS="1453" CONTENT="in"/>
                  <SP HEIGHT="59" WIDTH="15" VPOS="1674" HPOS="1543"/>
                  <String HEIGHT="59"
                          WIDTH="105"
                          VPOS="1674"
                          HPOS="1498"
                          CONTENT="sua"/>
                  <SP HEIGHT="59" WIDTH="15" VPOS="1674" HPOS="1603"/>
                  <String HEIGHT="59"
                          WIDTH="135"
                          VPOS="1674"
                          HPOS="1558"
                          CONTENT="parua"/>
                  <SP HEIGHT="59" WIDTH="15" VPOS="1674" HPOS="1693"/>
                  <String HEIGHT="59"
                          WIDTH="195"
                          VPOS="1674"
                          HPOS="1648"
                          CONTENT="geometria"/>
                  <SP HEIGHT="59" WIDTH="15" VPOS="1674" HPOS="1844"/>
                  <String HEIGHT="59" WIDTH="90" VPOS="1674" HPOS="1799" CONTENT="ad"/>
                  <SP HEIGHT="59" WIDTH="15" VPOS="1674" HPOS="1889"/>
                  <String HEIGHT="59"
                          WIDTH="135"
                          VPOS="1674"
                          HPOS="1844"
                          CONTENT="illam"/>
                  <SP HEIGHT="59" WIDTH="15" VPOS="1674" HPOS="1979"/>
                  <String HEIGHT="59"
                          WIDTH="180"
                          VPOS="1674"
                          HPOS="1919"
                          CONTENT="petitionem"/>
               </TextLine>
               <TextLine ID="r1l67"
                         BASELINE="1778"
                         HEIGHT="62"
                         WIDTH="764"
                         VPOS="1716"
                         HPOS="1339">
                  <String HEIGHT="62"
                          WIDTH="195"
                          VPOS="1716"
                          HPOS="1324"
                          CONTENT="Euclidis,"/>
                  <SP HEIGHT="62" WIDTH="15" VPOS="1716" HPOS="1519"/>
                  <String HEIGHT="62" WIDTH="75" VPOS="1716" HPOS="1474" CONTENT="a"/>
                  <SP HEIGHT="62" WIDTH="15" VPOS="1716" HPOS="1549"/>
                  <String HEIGHT="62"
                          WIDTH="150"
                          VPOS="1716"
                          HPOS="1504"
                          CONTENT="puncto"/>
                  <SP HEIGHT="62" WIDTH="15" VPOS="1716" HPOS="1654"/>
                  <String HEIGHT="62" WIDTH="90" VPOS="1716" HPOS="1609" CONTENT="ad"/>
                  <SP HEIGHT="62" WIDTH="15" VPOS="1716" HPOS="1699"/>
                  <String HEIGHT="62"
                          WIDTH="165"
                          VPOS="1716"
                          HPOS="1654"
                          CONTENT="punctum"/>
                  <SP HEIGHT="62" WIDTH="15" VPOS="1716" HPOS="1818"/>
                  <String HEIGHT="62"
                          WIDTH="150"
                          VPOS="1716"
                          HPOS="1773"
                          CONTENT="lineam"/>
                  <SP HEIGHT="62" WIDTH="15" VPOS="1716" HPOS="1923"/>
                  <String HEIGHT="62"
                          WIDTH="150"
                          VPOS="1716"
                          HPOS="1878"
                          CONTENT="rectam"/>
                  <SP HEIGHT="62" WIDTH="15" VPOS="1716" HPOS="2028"/>
                  <String HEIGHT="62"
                          WIDTH="135"
                          VPOS="1716"
                          HPOS="1968"
                          CONTENT="ducere,"/>
               </TextLine>
               <TextLine ID="r1l69"
                         BASELINE="1822"
                         HEIGHT="50"
                         WIDTH="779"
                         VPOS="1772"
                         HPOS="1330">
                  <String HEIGHT="50"
                          WIDTH="180"
                          VPOS="1772"
                          HPOS="1315"
                          CONTENT="addidit,"/>
                  <SP HEIGHT="50" WIDTH="15" VPOS="1772" HPOS="1495"/>
                  <String HEIGHT="50" WIDTH="75" VPOS="1772" HPOS="1450" CONTENT="&amp;"/>
                  <SP HEIGHT="50" WIDTH="15" VPOS="1772" HPOS="1525"/>
                  <String HEIGHT="50"
                          WIDTH="105"
                          VPOS="1772"
                          HPOS="1480"
                          CONTENT="eam"/>
                  <SP HEIGHT="50" WIDTH="15" VPOS="1772" HPOS="1585"/>
                  <String HEIGHT="50"
                          WIDTH="120"
                          VPOS="1772"
                          HPOS="1540"
                          CONTENT="esse"/>
                  <SP HEIGHT="50" WIDTH="15" VPOS="1772" HPOS="1660"/>
                  <String HEIGHT="50"
                          WIDTH="240"
                          VPOS="1772"
                          HPOS="1615"
                          CONTENT="breuissimam."/>
                  <SP HEIGHT="50" WIDTH="15" VPOS="1772" HPOS="1854"/>
                  <String HEIGHT="50"
                          WIDTH="135"
                          VPOS="1772"
                          HPOS="1809"
                          CONTENT="Diues"/>
                  <SP HEIGHT="50" WIDTH="15" VPOS="1772" HPOS="1944"/>
                  <String HEIGHT="50"
                          WIDTH="135"
                          VPOS="1772"
                          HPOS="1899"
                          CONTENT="autem"/>
                  <SP HEIGHT="50" WIDTH="15" VPOS="1772" HPOS="2034"/>
                  <String HEIGHT="50"
                          WIDTH="135"
                          VPOS="1772"
                          HPOS="1974"
                          CONTENT="oblique"/>
               </TextLine>
               <TextLine ID="r1l71"
                         BASELINE="1866"
                         HEIGHT="52"
                         WIDTH="770"
                         VPOS="1814"
                         HPOS="1335">
                  <String HEIGHT="52" WIDTH="87" VPOS="1814" HPOS="1320" CONTENT="ad"/>
                  <SP HEIGHT="52" WIDTH="15" VPOS="1814" HPOS="1408"/>
                  <String HEIGHT="52"
                          WIDTH="145"
                          VPOS="1814"
                          HPOS="1364"
                          CONTENT="caelum"/>
                  <SP HEIGHT="52" WIDTH="15" VPOS="1814" HPOS="1509"/>
                  <String HEIGHT="52"
                          WIDTH="102"
                          VPOS="1814"
                          HPOS="1466"
                          CONTENT="cum"/>
                  <SP HEIGHT="52" WIDTH="15" VPOS="1814" HPOS="1567"/>
                  <String HEIGHT="52"
                          WIDTH="145"
                          VPOS="1814"
                          HPOS="1524"
                          CONTENT="multis"/>
                  <SP HEIGHT="52" WIDTH="15" VPOS="1814" HPOS="1669"/>
                  <String HEIGHT="52"
                          WIDTH="232"
                          VPOS="1814"
                          HPOS="1626"
                          CONTENT="impedimentis"/>
                  <SP HEIGHT="52" WIDTH="15" VPOS="1814" HPOS="1858"/>
                  <String HEIGHT="52" WIDTH="87" VPOS="1814" HPOS="1814" CONTENT="in"/>
                  <SP HEIGHT="52" WIDTH="15" VPOS="1814" HPOS="1902"/>
                  <String HEIGHT="52"
                          WIDTH="160"
                          VPOS="1814"
                          HPOS="1858"
                          CONTENT="itinere"/>
                  <SP HEIGHT="52" WIDTH="15" VPOS="1814" HPOS="2018"/>
                  <String HEIGHT="52"
                          WIDTH="160"
                          VPOS="1814"
                          HPOS="1974"
                          CONTENT="tendit:"/>
                  <SP HEIGHT="52" WIDTH="15" VPOS="1814" HPOS="2134"/>
                  <String HEIGHT="52" WIDTH="29" VPOS="1814" HPOS="2076" CONTENT=""/>
               </TextLine>
               <TextLine ID="r1l73"
                         BASELINE="1917"
                         HEIGHT="55"
                         WIDTH="776"
                         VPOS="1862"
                         HPOS="1344">
                  <String HEIGHT="55" WIDTH="97" VPOS="1862" HPOS="1328" CONTENT="vt"/>
                  <SP HEIGHT="55" WIDTH="16" VPOS="1862" HPOS="1425"/>
                  <String HEIGHT="55" WIDTH="97" VPOS="1862" HPOS="1376" CONTENT="ex"/>
                  <SP HEIGHT="55" WIDTH="16" VPOS="1862" HPOS="1473"/>
                  <String HEIGHT="55"
                          WIDTH="146"
                          VPOS="1862"
                          HPOS="1425"
                          CONTENT="prima"/>
                  <SP HEIGHT="55" WIDTH="16" VPOS="1862" HPOS="1570"/>
                  <String HEIGHT="55"
                          WIDTH="243"
                          VPOS="1862"
                          HPOS="1522"
                          CONTENT="conclusione"/>
                  <SP HEIGHT="55" WIDTH="16" VPOS="1862" HPOS="1764"/>
                  <String HEIGHT="55"
                          WIDTH="162"
                          VPOS="1862"
                          HPOS="1716"
                          CONTENT="patet."/>
                  <SP HEIGHT="55" WIDTH="16" VPOS="1862" HPOS="1878"/>
                  <String HEIGHT="55"
                          WIDTH="194"
                          VPOS="1862"
                          HPOS="1829"
                          CONTENT="opposito"/>
                  <SP HEIGHT="55" WIDTH="16" VPOS="1862" HPOS="2023"/>
                  <String HEIGHT="55"
                          WIDTH="129"
                          VPOS="1862"
                          HPOS="1975"
                          CONTENT="modo"/>
                  <SP HEIGHT="55" WIDTH="16" VPOS="1862" HPOS="2104"/>
                  <String HEIGHT="55"
                          WIDTH="81"
                          VPOS="1862"
                          HPOS="2039"
                          CONTENT="pau"/>
               </TextLine>
               <TextLine ID="r1l75"
                         BASELINE="1952"
                         HEIGHT="48"
                         WIDTH="769"
                         VPOS="1904"
                         HPOS="1342">
                  <String HEIGHT="48"
                          WIDTH="100"
                          VPOS="1904"
                          HPOS="1328"
                          CONTENT="per"/>
                  <SP HEIGHT="48" WIDTH="14" VPOS="1904" HPOS="1427"/>
                  <String HEIGHT="48" WIDTH="85" VPOS="1904" HPOS="1385" CONTENT="ad"/>
                  <SP HEIGHT="48" WIDTH="14" VPOS="1904" HPOS="1470"/>
                  <String HEIGHT="48"
                          WIDTH="142"
                          VPOS="1904"
                          HPOS="1427"
                          CONTENT="caelum"/>
                  <SP HEIGHT="48" WIDTH="14" VPOS="1904" HPOS="1570"/>
                  <String HEIGHT="48"
                          WIDTH="157"
                          VPOS="1904"
                          HPOS="1527"
                          CONTENT="tendit:"/>
                  <SP HEIGHT="48" WIDTH="14" VPOS="1904" HPOS="1684"/>
                  <String HEIGHT="48"
                          WIDTH="142"
                          VPOS="1904"
                          HPOS="1641"
                          CONTENT="igitur"/>
                  <SP HEIGHT="48" WIDTH="14" VPOS="1904" HPOS="1783"/>
                  <String HEIGHT="48"
                          WIDTH="185"
                          VPOS="1904"
                          HPOS="1741"
                          CONTENT="conclusio"/>
                  <SP HEIGHT="48" WIDTH="14" VPOS="1904" HPOS="1926"/>
                  <String HEIGHT="48"
                          WIDTH="128"
                          VPOS="1904"
                          HPOS="1883"
                          CONTENT="vera."/>
                  <SP HEIGHT="48" WIDTH="14" VPOS="1904" HPOS="2011"/>
                  <String HEIGHT="48"
                          WIDTH="100"
                          VPOS="1904"
                          HPOS="1969"
                          CONTENT="Sed"/>
                  <SP HEIGHT="48" WIDTH="14" VPOS="1904" HPOS="2068"/>
                  <String HEIGHT="48"
                          WIDTH="100"
                          VPOS="1904"
                          HPOS="2011"
                          CONTENT="reli"
                          SUBS_TYPE="HypPart1"
                          SUBS_CONTENT="religiosus"/>
                  <HYP CONTENT="-"/>
               </TextLine>
               <TextLine ID="r1l77"
                         BASELINE="1997"
                         HEIGHT="47"
                         WIDTH="773"
                         VPOS="1950"
                         HPOS="1334">
                  <String HEIGHT="47"
                          WIDTH="146"
                          VPOS="1950"
                          HPOS="1319"
                          CONTENT="giosus"
                          SUBS_TYPE="HypPart2"
                          SUBS_CONTENT="religiosus"/>
                  <SP HEIGHT="47" WIDTH="15" VPOS="1950" HPOS="1465"/>
                  <String HEIGHT="47"
                          WIDTH="131"
                          VPOS="1950"
                          HPOS="1422"
                          CONTENT="habet"/>
                  <SP HEIGHT="47" WIDTH="15" VPOS="1950" HPOS="1553"/>
                  <String HEIGHT="47"
                          WIDTH="204"
                          VPOS="1950"
                          HPOS="1509"
                          CONTENT="necessaria"/>
                  <SP HEIGHT="47" WIDTH="15" VPOS="1950" HPOS="1713"/>
                  <String HEIGHT="47"
                          WIDTH="131"
                          VPOS="1950"
                          HPOS="1669"
                          CONTENT="vitae"/>
                  <SP HEIGHT="47" WIDTH="15" VPOS="1950" HPOS="1801"/>
                  <String HEIGHT="47"
                          WIDTH="131"
                          VPOS="1950"
                          HPOS="1757"
                          CONTENT="omnia"/>
                  <SP HEIGHT="47" WIDTH="15" VPOS="1950" HPOS="1888"/>
                  <String HEIGHT="47"
                          WIDTH="117"
                          VPOS="1950"
                          HPOS="1844"
                          CONTENT="sine"/>
                  <SP HEIGHT="47" WIDTH="15" VPOS="1950" HPOS="1961"/>
                  <String HEIGHT="47"
                          WIDTH="204"
                          VPOS="1950"
                          HPOS="1903"
                          CONTENT="sollicitudi"
                          SUBS_TYPE="HypPart1"
                          SUBS_CONTENT="sollicitudine"/>
                  <HYP CONTENT="-"/>
               </TextLine>
               <TextLine ID="r1l79"
                         BASELINE="2045"
                         HEIGHT="52"
                         WIDTH="781"
                         VPOS="1993"
                         HPOS="1330">
                  <String HEIGHT="52"
                          WIDTH="96"
                          VPOS="1993"
                          HPOS="1314"
                          CONTENT="ne"
                          SUBS_TYPE="HypPart2"
                          SUBS_CONTENT="sollicitudine"/>
                  <SP HEIGHT="52" WIDTH="16" VPOS="1993" HPOS="1410"/>
                  <String HEIGHT="52"
                          WIDTH="143"
                          VPOS="1993"
                          HPOS="1362"
                          CONTENT="cibum"/>
                  <SP HEIGHT="52" WIDTH="16" VPOS="1993" HPOS="1505"/>
                  <String HEIGHT="52"
                          WIDTH="159"
                          VPOS="1993"
                          HPOS="1458"
                          CONTENT="vestes"/>
                  <SP HEIGHT="52" WIDTH="16" VPOS="1993" HPOS="1617"/>
                  <String HEIGHT="52" WIDTH="80" VPOS="1993" HPOS="1569" CONTENT="&amp;"/>
                  <SP HEIGHT="52" WIDTH="16" VPOS="1993" HPOS="1649"/>
                  <String HEIGHT="52"
                          WIDTH="143"
                          VPOS="1993"
                          HPOS="1601"
                          CONTENT="omnia"/>
                  <SP HEIGHT="52" WIDTH="16" VPOS="1993" HPOS="1744"/>
                  <String HEIGHT="52"
                          WIDTH="128"
                          VPOS="1993"
                          HPOS="1697"
                          CONTENT="quae"/>
                  <SP HEIGHT="52" WIDTH="16" VPOS="1993" HPOS="1824"/>
                  <String HEIGHT="52"
                          WIDTH="175"
                          VPOS="1993"
                          HPOS="1776"
                          CONTENT="oportet"/>
                  <SP HEIGHT="52" WIDTH="16" VPOS="1993" HPOS="1952"/>
                  <String HEIGHT="52" WIDTH="96" VPOS="1993" HPOS="1904" CONTENT="in"/>
                  <SP HEIGHT="52" WIDTH="16" VPOS="1993" HPOS="1999"/>
                  <String HEIGHT="52"
                          WIDTH="175"
                          VPOS="1993"
                          HPOS="1936"
                          CONTENT="religione"/>
               </TextLine>
               <TextLine ID="r1l81"
                         BASELINE="2095"
                         HEIGHT="66"
                         WIDTH="763"
                         VPOS="2029"
                         HPOS="1336">
                  <String HEIGHT="66"
                          WIDTH="168"
                          VPOS="2029"
                          HPOS="1321"
                          CONTENT="habere:"/>
                  <SP HEIGHT="66" WIDTH="15" VPOS="2029" HPOS="1489"/>
                  <String HEIGHT="66"
                          WIDTH="107"
                          VPOS="2029"
                          HPOS="1443"
                          CONTENT="nec"/>
                  <SP HEIGHT="66" WIDTH="15" VPOS="2029" HPOS="1550"/>
                  <String HEIGHT="66"
                          WIDTH="168"
                          VPOS="2029"
                          HPOS="1504"
                          CONTENT="oportet"/>
                  <SP HEIGHT="66" WIDTH="15" VPOS="2029" HPOS="1672"/>
                  <String HEIGHT="66"
                          WIDTH="229"
                          VPOS="2029"
                          HPOS="1626"
                          CONTENT="debilitatem"/>
                  <SP HEIGHT="66" WIDTH="15" VPOS="2029" HPOS="1855"/>
                  <String HEIGHT="66"
                          WIDTH="183"
                          VPOS="2029"
                          HPOS="1809"
                          CONTENT="stomachi"/>
                  <SP HEIGHT="66" WIDTH="15" VPOS="2029" HPOS="1992"/>
                  <String HEIGHT="66" WIDTH="76" VPOS="2029" HPOS="1946" CONTENT="&amp;"/>
                  <SP HEIGHT="66" WIDTH="15" VPOS="2029" HPOS="2023"/>
                  <String HEIGHT="66"
                          WIDTH="137"
                          VPOS="2029"
                          HPOS="1962"
                          CONTENT="aegritu"/>
               </TextLine>
               <TextLine ID="r1l83"
                         BASELINE="2132"
                         HEIGHT="55"
                         WIDTH="776"
                         VPOS="2077"
                         HPOS="1333">
                  <String HEIGHT="55"
                          WIDTH="129"
                          VPOS="2077"
                          HPOS="1319"
                          CONTENT="dines"/>
                  <SP HEIGHT="55" WIDTH="14" VPOS="2077" HPOS="1448"/>
                  <String HEIGHT="55"
                          WIDTH="201"
                          VPOS="2077"
                          HPOS="1405"
                          CONTENT="formidare."/>
                  <SP HEIGHT="55" WIDTH="14" VPOS="2077" HPOS="1606"/>
                  <String HEIGHT="55" WIDTH="86" VPOS="2077" HPOS="1563" CONTENT="in"/>
                  <SP HEIGHT="55" WIDTH="14" VPOS="2077" HPOS="1649"/>
                  <String HEIGHT="55"
                          WIDTH="158"
                          VPOS="2077"
                          HPOS="1606"
                          CONTENT="omnibus"/>
                  <SP HEIGHT="55" WIDTH="14" VPOS="2077" HPOS="1764"/>
                  <String HEIGHT="55"
                          WIDTH="115"
                          VPOS="2077"
                          HPOS="1721"
                          CONTENT="enim"/>
                  <SP HEIGHT="55" WIDTH="14" VPOS="2077" HPOS="1836"/>
                  <String HEIGHT="55"
                          WIDTH="129"
                          VPOS="2077"
                          HPOS="1793"
                          CONTENT="istis"/>
                  <SP HEIGHT="55" WIDTH="14" VPOS="2077" HPOS="1922"/>
                  <String HEIGHT="55" WIDTH="86" VPOS="2077" HPOS="1879" CONTENT="in"/>
                  <SP HEIGHT="55" WIDTH="14" VPOS="2077" HPOS="1965"/>
                  <String HEIGHT="55"
                          WIDTH="187"
                          VPOS="2077"
                          HPOS="1922"
                          CONTENT="religione"/>
                  <SP HEIGHT="55" WIDTH="14" VPOS="2077" HPOS="2109"/>
                  <String HEIGHT="55" WIDTH="57" VPOS="2077" HPOS="2052" CONTENT="ei"/>
               </TextLine>
               <TextLine ID="r1l85"
                         BASELINE="2172"
                         HEIGHT="48"
                         WIDTH="761"
                         VPOS="2124"
                         HPOS="1344">
                  <String HEIGHT="48"
                          WIDTH="254"
                          VPOS="2124"
                          HPOS="1329"
                          CONTENT="prouidebitur:"/>
                  <SP HEIGHT="48" WIDTH="15" VPOS="2124" HPOS="1583"/>
                  <String HEIGHT="48" WIDTH="75" VPOS="2124" HPOS="1538" CONTENT="&amp;"/>
                  <SP HEIGHT="48" WIDTH="15" VPOS="2124" HPOS="1613"/>
                  <String HEIGHT="48"
                          WIDTH="224"
                          VPOS="2124"
                          HPOS="1568"
                          CONTENT="charitatiue"/>
                  <SP HEIGHT="48" WIDTH="15" VPOS="2124" HPOS="1792"/>
                  <String HEIGHT="48" WIDTH="75" VPOS="2124" HPOS="1747" CONTENT="a"/>
                  <SP HEIGHT="48" WIDTH="15" VPOS="2124" HPOS="1821"/>
                  <String HEIGHT="48"
                          WIDTH="209"
                          VPOS="2124"
                          HPOS="1777"
                          CONTENT="religiosis"/>
                  <SP HEIGHT="48" WIDTH="15" VPOS="2124" HPOS="1986"/>
                  <String HEIGHT="48"
                          WIDTH="149"
                          VPOS="2124"
                          HPOS="1941"
                          CONTENT="sociis"/>
                  <SP HEIGHT="48" WIDTH="15" VPOS="2124" HPOS="2090"/>
                  <String HEIGHT="48"
                          WIDTH="75"
                          VPOS="2124"
                          HPOS="2030"
                          CONTENT="tra"/>
               </TextLine>
               <TextLine ID="r1l87"
                         BASELINE="2226"
                         HEIGHT="66"
                         WIDTH="755"
                         VPOS="2160"
                         HPOS="1345">
                  <String HEIGHT="66"
                          WIDTH="192"
                          VPOS="2160"
                          HPOS="1330"
                          CONTENT="ctabitur:"/>
                  <SP HEIGHT="66" WIDTH="15" VPOS="2160" HPOS="1523"/>
                  <String HEIGHT="66"
                          WIDTH="118"
                          VPOS="2160"
                          HPOS="1478"
                          CONTENT="siue"/>
                  <SP HEIGHT="66" WIDTH="15" VPOS="2160" HPOS="1597"/>
                  <String HEIGHT="66"
                          WIDTH="133"
                          VPOS="2160"
                          HPOS="1552"
                          CONTENT="domi,"/>
                  <SP HEIGHT="66" WIDTH="15" VPOS="2160" HPOS="1685"/>
                  <String HEIGHT="66"
                          WIDTH="118"
                          VPOS="2160"
                          HPOS="1641"
                          CONTENT="siue"/>
                  <SP HEIGHT="66" WIDTH="15" VPOS="2160" HPOS="1760"/>
                  <String HEIGHT="66"
                          WIDTH="148"
                          VPOS="2160"
                          HPOS="1715"
                          CONTENT="foris."/>
                  <SP HEIGHT="66" WIDTH="15" VPOS="2160" HPOS="1863"/>
                  <String HEIGHT="66" WIDTH="74" VPOS="2160" HPOS="1819" CONTENT="â‹"/>
                  <SP HEIGHT="66" WIDTH="15" VPOS="2160" HPOS="1893"/>
                  <String HEIGHT="66" WIDTH="89" VPOS="2160" HPOS="1848" CONTENT="Ex"/>
                  <SP HEIGHT="66" WIDTH="15" VPOS="2160" HPOS="1937"/>
                  <String HEIGHT="66"
                          WIDTH="148"
                          VPOS="2160"
                          HPOS="1893"
                          CONTENT="duabus"/>
                  <SP HEIGHT="66" WIDTH="15" VPOS="2160" HPOS="2041"/>
                  <String HEIGHT="66"
                          WIDTH="118"
                          VPOS="2160"
                          HPOS="1982"
                          CONTENT="praece"/>
               </TextLine>
               <TextLine ID="r1l89"
                         BASELINE="2271"
                         HEIGHT="65"
                         WIDTH="754"
                         VPOS="2206"
                         HPOS="1347">
                  <String HEIGHT="65"
                          WIDTH="159"
                          VPOS="2206"
                          HPOS="1334"
                          CONTENT="dentibus"/>
                  <SP HEIGHT="65" WIDTH="13" VPOS="2206" HPOS="1493"/>
                  <String HEIGHT="65"
                          WIDTH="238"
                          VPOS="2206"
                          HPOS="1453"
                          CONTENT="conclusionibus"/>
                  <SP HEIGHT="65" WIDTH="13" VPOS="2206" HPOS="1691"/>
                  <String HEIGHT="65"
                          WIDTH="198"
                          VPOS="2206"
                          HPOS="1651"
                          CONTENT="consequitur"/>
                  <SP HEIGHT="65" WIDTH="13" VPOS="2206" HPOS="1850"/>
                  <String HEIGHT="65"
                          WIDTH="146"
                          VPOS="2206"
                          HPOS="1810"
                          CONTENT="tertia:"/>
                  <SP HEIGHT="65" WIDTH="13" VPOS="2206" HPOS="1955"/>
                  <String HEIGHT="65"
                          WIDTH="106"
                          VPOS="2206"
                          HPOS="1916"
                          CONTENT="quae"/>
                  <SP HEIGHT="65" WIDTH="13" VPOS="2206" HPOS="2022"/>
                  <String HEIGHT="65"
                          WIDTH="93"
                          VPOS="2206"
                          HPOS="1982"
                          CONTENT="est"/>
                  <SP HEIGHT="65" WIDTH="13" VPOS="2206" HPOS="2075"/>
                  <String HEIGHT="65"
                          WIDTH="79"
                          VPOS="2206"
                          HPOS="2022"
                          CONTENT="haec"/>
               </TextLine>
               <TextLine ID="r1l91"
                         BASELINE="2309"
                         HEIGHT="52"
                         WIDTH="769"
                         VPOS="2257"
                         HPOS="1336">
                  <String HEIGHT="52"
                          WIDTH="118"
                          VPOS="2257"
                          HPOS="1321"
                          CONTENT="quod"/>
                  <SP HEIGHT="52" WIDTH="15" VPOS="2257" HPOS="1440"/>
                  <String HEIGHT="52"
                          WIDTH="192"
                          VPOS="2257"
                          HPOS="1395"
                          CONTENT="paupertas"/>
                  <SP HEIGHT="52" WIDTH="15" VPOS="2257" HPOS="1587"/>
                  <String HEIGHT="52"
                          WIDTH="133"
                          VPOS="2257"
                          HPOS="1543"
                          CONTENT="magis"/>
                  <SP HEIGHT="52" WIDTH="15" VPOS="2257" HPOS="1676"/>
                  <String HEIGHT="52"
                          WIDTH="104"
                          VPOS="2257"
                          HPOS="1632"
                          CONTENT="est"/>
                  <SP HEIGHT="52" WIDTH="15" VPOS="2257" HPOS="1735"/>
                  <String HEIGHT="52"
                          WIDTH="177"
                          VPOS="2257"
                          HPOS="1691"
                          CONTENT="eligenda"/>
                  <SP HEIGHT="52" WIDTH="15" VPOS="2257" HPOS="1868"/>
                  <String HEIGHT="52"
                          WIDTH="118"
                          VPOS="2257"
                          HPOS="1824"
                          CONTENT="quam"/>
                  <SP HEIGHT="52" WIDTH="15" VPOS="2257" HPOS="1942"/>
                  <String HEIGHT="52"
                          WIDTH="192"
                          VPOS="2257"
                          HPOS="1898"
                          CONTENT="diuitiae."/>
                  <SP HEIGHT="52" WIDTH="15" VPOS="2257" HPOS="2090"/>
                  <String HEIGHT="52"
                          WIDTH="74"
                          VPOS="2257"
                          HPOS="2031"
                          CONTENT="Nam"/>
               </TextLine>
               <TextLine ID="r1l93"
                         BASELINE="2356"
                         HEIGHT="49"
                         WIDTH="748"
                         VPOS="2307"
                         HPOS="1342">
                  <String HEIGHT="49"
                          WIDTH="117"
                          VPOS="2307"
                          HPOS="1327"
                          CONTENT="vera"/>
                  <SP HEIGHT="49" WIDTH="15" VPOS="2307" HPOS="1445"/>
                  <String HEIGHT="49"
                          WIDTH="191"
                          VPOS="2307"
                          HPOS="1401"
                          CONTENT="paupertas"/>
                  <SP HEIGHT="49" WIDTH="15" VPOS="2307" HPOS="1591"/>
                  <String HEIGHT="49" WIDTH="88" VPOS="2307" HPOS="1547" CONTENT="ad"/>
                  <SP HEIGHT="49" WIDTH="15" VPOS="2307" HPOS="1635"/>
                  <String HEIGHT="49"
                          WIDTH="147"
                          VPOS="2307"
                          HPOS="1591"
                          CONTENT="caelum"/>
                  <SP HEIGHT="49" WIDTH="15" VPOS="2307" HPOS="1738"/>
                  <String HEIGHT="49"
                          WIDTH="191"
                          VPOS="2307"
                          HPOS="1694"
                          CONTENT="promouet:"/>
                  <SP HEIGHT="49" WIDTH="15" VPOS="2307" HPOS="1885"/>
                  <String HEIGHT="49"
                          WIDTH="176"
                          VPOS="2307"
                          HPOS="1841"
                          CONTENT="diuitiae"/>
                  <SP HEIGHT="49" WIDTH="15" VPOS="2307" HPOS="2017"/>
                  <String HEIGHT="49"
                          WIDTH="132"
                          VPOS="2307"
                          HPOS="1958"
                          CONTENT="tamquam"/>
               </TextLine>
               <TextLine ID="r1l95"
                         BASELINE="2397"
                         HEIGHT="57"
                         WIDTH="771"
                         VPOS="2340"
                         HPOS="1335">
                  <String HEIGHT="57"
                          WIDTH="157"
                          VPOS="2340"
                          HPOS="1319"
                          CONTENT="spinae"/>
                  <SP HEIGHT="57" WIDTH="16" VPOS="2340" HPOS="1477"/>
                  <String HEIGHT="57"
                          WIDTH="157"
                          VPOS="2340"
                          HPOS="1429"
                          CONTENT="nocent"/>
                  <SP HEIGHT="57" WIDTH="16" VPOS="2340" HPOS="1587"/>
                  <String HEIGHT="57"
                          WIDTH="189"
                          VPOS="2340"
                          HPOS="1540"
                          CONTENT="habenti."/>
                  <SP HEIGHT="57" WIDTH="16" VPOS="2340" HPOS="1728"/>
                  <String HEIGHT="57"
                          WIDTH="157"
                          VPOS="2340"
                          HPOS="1681"
                          CONTENT="testis"/>
                  <SP HEIGHT="57" WIDTH="16" VPOS="2340" HPOS="1839"/>
                  <String HEIGHT="57"
                          WIDTH="110"
                          VPOS="2340"
                          HPOS="1791"
                          CONTENT="est"/>
                  <SP HEIGHT="57" WIDTH="16" VPOS="2340" HPOS="1901"/>
                  <String HEIGHT="57"
                          WIDTH="189"
                          VPOS="2340"
                          HPOS="1854"
                          CONTENT="Christus"/>
                  <SP HEIGHT="57" WIDTH="16" VPOS="2340" HPOS="2043"/>
                  <String HEIGHT="57"
                          WIDTH="126"
                          VPOS="2340"
                          HPOS="1980"
                          CONTENT="Matth."/>
               </TextLine>
               <TextLine ID="r1l97"
                         BASELINE="2441"
                         HEIGHT="51"
                         WIDTH="760"
                         VPOS="2390"
                         HPOS="1339">
                  <String HEIGHT="51"
                          WIDTH="132"
                          VPOS="2390"
                          HPOS="1324"
                          CONTENT="xiii."/>
                  <SP HEIGHT="51" WIDTH="15" VPOS="2390" HPOS="1456"/>
                  <String HEIGHT="51"
                          WIDTH="161"
                          VPOS="2390"
                          HPOS="1412"
                          CONTENT="dicens."/>
                  <SP HEIGHT="51" WIDTH="15" VPOS="2390" HPOS="1573"/>
                  <String HEIGHT="51"
                          WIDTH="117"
                          VPOS="2390"
                          HPOS="1529"
                          CONTENT="Alia"/>
                  <SP HEIGHT="51" WIDTH="15" VPOS="2390" HPOS="1646"/>
                  <String HEIGHT="51"
                          WIDTH="132"
                          VPOS="2390"
                          HPOS="1602"
                          CONTENT="autem"/>
                  <SP HEIGHT="51" WIDTH="15" VPOS="2390" HPOS="1734"/>
                  <String HEIGHT="51"
                          WIDTH="205"
                          VPOS="2390"
                          HPOS="1690"
                          CONTENT="ceciderunt"/>
                  <SP HEIGHT="51" WIDTH="15" VPOS="2390" HPOS="1894"/>
                  <String HEIGHT="51" WIDTH="88" VPOS="2390" HPOS="1851" CONTENT="in"/>
                  <SP HEIGHT="51" WIDTH="15" VPOS="2390" HPOS="1938"/>
                  <String HEIGHT="51"
                          WIDTH="161"
                          VPOS="2390"
                          HPOS="1894"
                          CONTENT="spinas:"/>
                  <SP HEIGHT="51" WIDTH="15" VPOS="2390" HPOS="2055"/>
                  <String HEIGHT="51" WIDTH="73" VPOS="2390" HPOS="2011" CONTENT="&amp;"/>
                  <SP HEIGHT="51" WIDTH="15" VPOS="2390" HPOS="2084"/>
                  <String HEIGHT="51"
                          WIDTH="73"
                          VPOS="2390"
                          HPOS="2026"
                          CONTENT="cre"/>
               </TextLine>
               <TextLine ID="r1l99"
                         BASELINE="2483"
                         HEIGHT="47"
                         WIDTH="769"
                         VPOS="2436"
                         HPOS="1336">
                  <String HEIGHT="47"
                          WIDTH="151"
                          VPOS="2436"
                          HPOS="1321"
                          CONTENT="uerunt"/>
                  <SP HEIGHT="47" WIDTH="15" VPOS="2436" HPOS="1472"/>
                  <String HEIGHT="47"
                          WIDTH="166"
                          VPOS="2436"
                          HPOS="1426"
                          CONTENT="spinae:"/>
                  <SP HEIGHT="47" WIDTH="15" VPOS="2436" HPOS="1592"/>
                  <String HEIGHT="47" WIDTH="75" VPOS="2436" HPOS="1547" CONTENT="&amp;"/>
                  <SP HEIGHT="47" WIDTH="15" VPOS="2436" HPOS="1622"/>
                  <String HEIGHT="47"
                          WIDTH="256"
                          VPOS="2436"
                          HPOS="1577"
                          CONTENT="suffocauerunt"/>
                  <SP HEIGHT="47" WIDTH="15" VPOS="2436" HPOS="1834"/>
                  <String HEIGHT="47"
                          WIDTH="106"
                          VPOS="2436"
                          HPOS="1788"
                          CONTENT="ea."/>
                  <SP HEIGHT="47" WIDTH="15" VPOS="2436" HPOS="1894"/>
                  <String HEIGHT="47"
                          WIDTH="106"
                          VPOS="2436"
                          HPOS="1849"
                          CONTENT="vbi"/>
                  <SP HEIGHT="47" WIDTH="15" VPOS="2436" HPOS="1954"/>
                  <String HEIGHT="47"
                          WIDTH="151"
                          VPOS="2436"
                          HPOS="1909"
                          CONTENT="glossa"/>
                  <SP HEIGHT="47" WIDTH="15" VPOS="2436" HPOS="2060"/>
                  <String HEIGHT="47"
                          WIDTH="106"
                          VPOS="2436"
                          HPOS="1999"
                          CONTENT="inter"/>
               </TextLine>
               <TextLine ID="r1l101"
                         BASELINE="2526"
                         HEIGHT="51"
                         WIDTH="756"
                         VPOS="2475"
                         HPOS="1345">
                  <String HEIGHT="51"
                          WIDTH="193"
                          VPOS="2475"
                          HPOS="1330"
                          CONTENT="linearis."/>
                  <SP HEIGHT="51" WIDTH="15" VPOS="2475" HPOS="1523"/>
                  <String HEIGHT="51"
                          WIDTH="178"
                          VPOS="2475"
                          HPOS="1478"
                          CONTENT="diuitiae"/>
                  <SP HEIGHT="51" WIDTH="15" VPOS="2475" HPOS="1656"/>
                  <String HEIGHT="51"
                          WIDTH="178"
                          VPOS="2475"
                          HPOS="1612"
                          CONTENT="occupant"/>
                  <SP HEIGHT="51" WIDTH="15" VPOS="2475" HPOS="1790"/>
                  <String HEIGHT="51"
                          WIDTH="163"
                          VPOS="2475"
                          HPOS="1745"
                          CONTENT="mentem:"/>
                  <SP HEIGHT="51" WIDTH="15" VPOS="2475" HPOS="1908"/>
                  <String HEIGHT="51" WIDTH="74" VPOS="2475" HPOS="1864" CONTENT="&amp;"/>
                  <SP HEIGHT="51" WIDTH="15" VPOS="2475" HPOS="1938"/>
                  <String HEIGHT="51"
                          WIDTH="163"
                          VPOS="2475"
                          HPOS="1893"
                          CONTENT="fructus"/>
                  <SP HEIGHT="51" WIDTH="15" VPOS="2475" HPOS="2057"/>
                  <String HEIGHT="51"
                          WIDTH="104"
                          VPOS="2475"
                          HPOS="1997"
                          CONTENT="spiri"/>
               </TextLine>
               <TextLine ID="r1l103"
                         BASELINE="2575"
                         HEIGHT="51"
                         WIDTH="776"
                         VPOS="2524"
                         HPOS="1336">
                  <String HEIGHT="51"
                          WIDTH="155"
                          VPOS="2524"
                          HPOS="1320"
                          CONTENT="tualis"/>
                  <SP HEIGHT="51" WIDTH="16" VPOS="2524" HPOS="1476"/>
                  <String HEIGHT="51" WIDTH="93" VPOS="2524" HPOS="1429" CONTENT="in"/>
                  <SP HEIGHT="51" WIDTH="16" VPOS="2524" HPOS="1522"/>
                  <String HEIGHT="51" WIDTH="93" VPOS="2524" HPOS="1476" CONTENT="ea"/>
                  <SP HEIGHT="51" WIDTH="16" VPOS="2524" HPOS="1569"/>
                  <String HEIGHT="51"
                          WIDTH="202"
                          VPOS="2524"
                          HPOS="1522"
                          CONTENT="proficere"/>
                  <SP HEIGHT="51" WIDTH="16" VPOS="2524" HPOS="1724"/>
                  <String HEIGHT="51"
                          WIDTH="109"
                          VPOS="2524"
                          HPOS="1677"
                          CONTENT="non"/>
                  <SP HEIGHT="51" WIDTH="16" VPOS="2524" HPOS="1786"/>
                  <String HEIGHT="51"
                          WIDTH="171"
                          VPOS="2524"
                          HPOS="1740"
                          CONTENT="potest."/>
                  <SP HEIGHT="51" WIDTH="16" VPOS="2524" HPOS="1910"/>
                  <String HEIGHT="51" WIDTH="93" VPOS="2524" HPOS="1864" CONTENT="Et"/>
                  <SP HEIGHT="51" WIDTH="16" VPOS="2524" HPOS="1957"/>
                  <String HEIGHT="51"
                          WIDTH="124"
                          VPOS="2524"
                          HPOS="1910"
                          CONTENT="ipsa"/>
                  <SP HEIGHT="51" WIDTH="16" VPOS="2524" HPOS="2034"/>
                  <String HEIGHT="51"
                          WIDTH="140"
                          VPOS="2524"
                          HPOS="1972"
                          CONTENT="veritas"/>
               </TextLine>
               <TextLine ID="r1l105"
                         BASELINE="2619"
                         HEIGHT="53"
                         WIDTH="775"
                         VPOS="2566"
                         HPOS="1336">
                  <String HEIGHT="53" WIDTH="97" VPOS="2566" HPOS="1320" CONTENT="in"/>
                  <SP HEIGHT="53" WIDTH="16" VPOS="2566" HPOS="1417"/>
                  <String HEIGHT="53"
                          WIDTH="145"
                          VPOS="2566"
                          HPOS="1368"
                          CONTENT="eodem"/>
                  <SP HEIGHT="53" WIDTH="16" VPOS="2566" HPOS="1514"/>
                  <String HEIGHT="53"
                          WIDTH="113"
                          VPOS="2566"
                          HPOS="1465"
                          CONTENT="ca."/>
                  <SP HEIGHT="53" WIDTH="16" VPOS="2566" HPOS="1578"/>
                  <String HEIGHT="53" WIDTH="97" VPOS="2566" HPOS="1530" CONTENT="id"/>
                  <SP HEIGHT="53" WIDTH="16" VPOS="2566" HPOS="1627"/>
                  <String HEIGHT="53"
                          WIDTH="194"
                          VPOS="2566"
                          HPOS="1578"
                          CONTENT="exponens"/>
                  <SP HEIGHT="53" WIDTH="16" VPOS="2566" HPOS="1772"/>
                  <String HEIGHT="53"
                          WIDTH="113"
                          VPOS="2566"
                          HPOS="1724"
                          CONTENT="sic"/>
                  <SP HEIGHT="53" WIDTH="16" VPOS="2566" HPOS="1837"/>
                  <String HEIGHT="53"
                          WIDTH="161"
                          VPOS="2566"
                          HPOS="1788"
                          CONTENT="dicit."/>
                  <SP HEIGHT="53" WIDTH="16" VPOS="2566" HPOS="1950"/>
                  <String HEIGHT="53"
                          WIDTH="113"
                          VPOS="2566"
                          HPOS="1901"
                          CONTENT="Qui"/>
                  <SP HEIGHT="53" WIDTH="16" VPOS="2566" HPOS="2014"/>
                  <String HEIGHT="53"
                          WIDTH="145"
                          VPOS="2566"
                          HPOS="1966"
                          CONTENT="autem"/>
                  <SP HEIGHT="53" WIDTH="16" VPOS="2566" HPOS="2111"/>
                  <String HEIGHT="53" WIDTH="65" VPOS="2566" HPOS="2046" CONTENT="se"/>
               </TextLine>
               <TextLine ID="r1l107"
                         BASELINE="2659"
                         HEIGHT="49"
                         WIDTH="766"
                         VPOS="2610"
                         HPOS="1339">
                  <String HEIGHT="49"
                          WIDTH="172"
                          VPOS="2610"
                          HPOS="1323"
                          CONTENT="minatus"/>
                  <SP HEIGHT="49" WIDTH="16" VPOS="2610" HPOS="1495"/>
                  <String HEIGHT="49"
                          WIDTH="109"
                          VPOS="2610"
                          HPOS="1448"
                          CONTENT="est"/>
                  <SP HEIGHT="49" WIDTH="16" VPOS="2610" HPOS="1558"/>
                  <String HEIGHT="49" WIDTH="94" VPOS="2610" HPOS="1511" CONTENT="in"/>
                  <SP HEIGHT="49" WIDTH="16" VPOS="2610" HPOS="1605"/>
                  <String HEIGHT="49"
                          WIDTH="172"
                          VPOS="2610"
                          HPOS="1558"
                          CONTENT="spinis:"/>
                  <SP HEIGHT="49" WIDTH="16" VPOS="2610" HPOS="1730"/>
                  <String HEIGHT="49"
                          WIDTH="109"
                          VPOS="2610"
                          HPOS="1683"
                          CONTENT="hic"/>
                  <SP HEIGHT="49" WIDTH="16" VPOS="2610" HPOS="1792"/>
                  <String HEIGHT="49"
                          WIDTH="109"
                          VPOS="2610"
                          HPOS="1745"
                          CONTENT="est"/>
                  <SP HEIGHT="49" WIDTH="16" VPOS="2610" HPOS="1855"/>
                  <String HEIGHT="49"
                          WIDTH="109"
                          VPOS="2610"
                          HPOS="1808"
                          CONTENT="qui"/>
                  <SP HEIGHT="49" WIDTH="16" VPOS="2610" HPOS="1917"/>
                  <String HEIGHT="49"
                          WIDTH="156"
                          VPOS="2610"
                          HPOS="1871"
                          CONTENT="verbum"/>
                  <SP HEIGHT="49" WIDTH="16" VPOS="2610" HPOS="2027"/>
                  <String HEIGHT="49"
                          WIDTH="109"
                          VPOS="2610"
                          HPOS="1980"
                          CONTENT="dei"/>
                  <SP HEIGHT="49" WIDTH="16" VPOS="2610" HPOS="2089"/>
                  <String HEIGHT="49"
                          WIDTH="78"
                          VPOS="2610"
                          HPOS="2027"
                          CONTENT="au"
                          SUBS_TYPE="HypPart1"
                          SUBS_CONTENT="audit."/>
                  <HYP CONTENT="-"/>
               </TextLine>
               <TextLine ID="r1l109"
                         BASELINE="2709"
                         HEIGHT="56"
                         WIDTH="763"
                         VPOS="2653"
                         HPOS="1345">
                  <String HEIGHT="56"
                          WIDTH="111"
                          VPOS="2653"
                          HPOS="1331"
                          CONTENT="dit."
                          SUBS_TYPE="HypPart2"
                          SUBS_CONTENT="audit."/>
                  <SP HEIGHT="56" WIDTH="14" VPOS="2653" HPOS="1442"/>
                  <String HEIGHT="56"
                          WIDTH="97"
                          VPOS="2653"
                          HPOS="1400"
                          CONTENT="sed"/>
                  <SP HEIGHT="56" WIDTH="14" VPOS="2653" HPOS="1498"/>
                  <String HEIGHT="56"
                          WIDTH="208"
                          VPOS="2653"
                          HPOS="1456"
                          CONTENT="sollicitudo"/>
                  <SP HEIGHT="56" WIDTH="14" VPOS="2653" HPOS="1664"/>
                  <String HEIGHT="56"
                          WIDTH="139"
                          VPOS="2653"
                          HPOS="1622"
                          CONTENT="istius"/>
                  <SP HEIGHT="56" WIDTH="14" VPOS="2653" HPOS="1761"/>
                  <String HEIGHT="56"
                          WIDTH="153"
                          VPOS="2653"
                          HPOS="1720"
                          CONTENT="saeculi"/>
                  <SP HEIGHT="56" WIDTH="14" VPOS="2653" HPOS="1872"/>
                  <String HEIGHT="56" WIDTH="69" VPOS="2653" HPOS="1831" CONTENT="&amp;"/>
                  <SP HEIGHT="56" WIDTH="14" VPOS="2653" HPOS="1900"/>
                  <String HEIGHT="56"
                          WIDTH="166"
                          VPOS="2653"
                          HPOS="1858"
                          CONTENT="fallacia"/>
                  <SP HEIGHT="56" WIDTH="14" VPOS="2653" HPOS="2025"/>
                  <String HEIGHT="56"
                          WIDTH="139"
                          VPOS="2653"
                          HPOS="1969"
                          CONTENT="diuitia"
                          SUBS_TYPE="HypPart1"
                          SUBS_CONTENT="diuitiarum"/>
                  <HYP CONTENT="-"/>
               </TextLine>
               <TextLine ID="r1l111"
                         BASELINE="2749"
                         HEIGHT="57"
                         WIDTH="766"
                         VPOS="2692"
                         HPOS="1345">
                  <String HEIGHT="57"
                          WIDTH="119"
                          VPOS="2692"
                          HPOS="1328"
                          CONTENT="rum"
                          SUBS_TYPE="HypPart2"
                          SUBS_CONTENT="diuitiarum"/>
                  <SP HEIGHT="57" WIDTH="17" VPOS="2692" HPOS="1447"/>
                  <String HEIGHT="57"
                          WIDTH="204"
                          VPOS="2692"
                          HPOS="1396"
                          CONTENT="suffocat"/>
                  <SP HEIGHT="57" WIDTH="17" VPOS="2692" HPOS="1600"/>
                  <String HEIGHT="57"
                          WIDTH="187"
                          VPOS="2692"
                          HPOS="1549"
                          CONTENT="verbum,"/>
                  <SP HEIGHT="57" WIDTH="17" VPOS="2692" HPOS="1737"/>
                  <String HEIGHT="57" WIDTH="85" VPOS="2692" HPOS="1685" CONTENT="&amp;"/>
                  <SP HEIGHT="57" WIDTH="17" VPOS="2692" HPOS="1771"/>
                  <String HEIGHT="57"
                          WIDTH="136"
                          VPOS="2692"
                          HPOS="1719"
                          CONTENT="sine"/>
                  <SP HEIGHT="57" WIDTH="17" VPOS="2692" HPOS="1856"/>
                  <String HEIGHT="57"
                          WIDTH="170"
                          VPOS="2692"
                          HPOS="1805"
                          CONTENT="fructu"/>
                  <SP HEIGHT="57" WIDTH="17" VPOS="2692" HPOS="1975"/>
                  <String HEIGHT="57"
                          WIDTH="204"
                          VPOS="2692"
                          HPOS="1907"
                          CONTENT="efficitur."/>
               </TextLine>
            </TextBlock>
         </PrintSpace>
      </Page>
   </Layout>
</alto>
