2290 3321
215 265 145 82 liter
312 265 226 82 suscipiunt
489 265 177 82 gratiam
618 265 210 82 baptismi:
779 265 113 82 hoc
844 265 113 82 est
892 265 97 82 gra-

221 326 129 57 tiam
302 326 178 57 virtute
431 326 162 57 operis
544 326 178 57 operati
673 326 97 57 in
722 326 194 57 baptismo
851 326 129 57 datam.

217 373 188 57 Probatur.
361 373 144 57 passio
462 373 159 57 Curisti
578 373 173 57 exhibita
708 373 101 57 est
765 373 130 57 causa
838 373 144 57 collatio

220 419 99 54 nis
276 419 155 54 gratiae
389 419 85 54 in
432 419 184 54 paruulis:
573 419 99 54 sed
630 419 113 54 illa
700 419 198 54 aequaliter
842 419 141 54 applicai

218 457 156 61 omnibus.
335 457 143 61 Secundo
439 457 156 61 probatur
556 457 117 61 idem.
635 457 117 61 omnes
713 457 208 61 suscipientes
869 457 117 61 ordines

213 508 170 65 aequales
340 508 156 65 gratias
454 508 156 65 ordinum
567 508 213 65 suscipiunt:
737 508 71 65 &
765 508 99 65 sic
822 508 85 65 in
865 508 128 65 aliis
935 508 57 65 sa

217 555 196 55 cramentis.
371 555 140 55 semper
469 555 140 55 loquor
567 555 154 55 ratione
679 555 140 55 operis
777 555 168 55 operati:
903 555 70 55 &
917 555 70 55 non

215 600 171 60 ratione
340 600 233 60 deuotionis.
526 600 124 60 ergo
603 600 78 60 &
619 600 93 60 hic.

214 639 110 102 ⁋
258 639 154 102 Sed
346 639 219 102 contra
499 639 176 102 hanc
609 639 351 102 conclusionem
872 639 110 102 ar-

216 723 127 73 guunt
300 723 141 73 aliqui
399 723 113 73 sic.
470 723 141 73 Aliqui
568 723 113 73 sunt
639 723 240 73 praedestinati
836 723 85 73 ad
864 723 127 73 maiorem

221 767 138 67 gloriam
322 767 100 67 quam
384 767 113 67 alii:
459 767 100 67 ergo
522 767 138 67 maiorem
622 767 175 67 suscipiunt
760 767 150 67 gratiam.
872 767 75 67 In
897 767 88 67 super

217 813 172 70 propter
342 813 156 70 merita
451 813 218 70 patrinorum
623 813 78 70 &
654 813 203 70 astantium
810 813 140 70 datur
888 813 109 70 maior

229 855 160 69 gratia:
346 855 73 69 &
375 855 131 69 forte
463 855 102 69 sic
521 855 102 69 est
580 855 146 69 factum
682 855 88 69 de
725 855 146 69 sancto
828 855 160 69 Nicolao
930 855 58 69 vt

216 902 104 69 bis
275 902 89 69 in
320 902 193 69 hebdomade
468 902 207 69 ieiunaret.
631 902 237 69 Respondetur:
823 902 163 69 quamuis
927 902 74 69 ita

226 945 122 69 esset
308 945 122 69 sicut
389 945 108 69 isti
456 945 149 69 putant,
564 945 95 69 non
619 945 189 69 elideretur
767 945 135 69 quarta
848 945 149 69 conclusio

228 995 116 62 quia
300 995 116 62 illa
372 995 101 62 non
430 995 101 62 est
488 995 145 62 gratia
589 995 231 62 baptismalis:
777 995 101 62 sed
835 995 87 62 ab
878 995 116 62 alio
936 995 58 62 ex

223 1034 165 60 trinseco
347 1034 178 60 aduenies:
484 1034 110 60 puta
553 1034 82 60 ab
594 1034 178 60 astantium
731 1034 178 60 praecibus
868 1034 96 60 vel
910 1034 82 60 ali-

233 1079 110 66 quo
296 1079 188 66 aliunde.
437 1079 78 66 ⁋
468 1079 110 66 Sed
531 1079 204 66 argumenta
688 1079 157 66 tangut
797 1079 125 66 vnum
860 1079 141 66 dubium:

230 1130 79 62 &
262 1130 142 62 credo
356 1130 204 62 oppositum
513 1130 157 62 verum:
624 1130 126 62 quia
702 1130 126 62 nemo
781 1130 157 62 potest
875 1130 126 62 alteri

235 1169 137 56 mereri
331 1169 151 56 gratiam
441 1169 69 56 &
469 1169 151 56 gloriam
579 1169 110 56 sine
647 1169 110 56 actu
716 1169 151 56 proprio
826 1169 151 56 illius.
922 1169 69 56 Non

221 1212 161 55 loquor
334 1212 97 55 de
382 1212 193 55 passione
527 1212 177 55 Curisti
656 1212 129 55 quae
736 1212 161 55 aliquo
849 1212 129 55 modo
913 1212 81 55 est

221 1258 144 62 causa
317 1258 160 62 nostri
429 1258 160 62 meriti
540 1258 80 62 &
572 1258 160 62 gratie
684 1258 192 62 maioris:
827 1258 112 62 sed
875 1258 128 62 loquor

229 1301 87 57 de
273 1301 190 57 hominibus
419 1301 131 57 prout
506 1301 117 57 ipsi
579 1301 73 57 &
608 1301 131 57 vulgo
696 1301 190 57 loquentes
827 1301 175 57 intendunt.

228 1347 96 59 In
276 1347 159 59 primis
387 1347 143 59 eorum
483 1347 143 59 ratio
579 1347 112 59 est
642 1347 143 59 nulla
738 1347 96 59 de
786 1347 175 59 ieiunio
897 1347 112 59 beati

229 1388 169 67 Nicolai:
356 1388 99 67 hoc
412 1388 141 67 facile
510 1388 99 67 est
567 1388 183 67 refellere
707 1388 99 67 per
764 1388 127 67 diuam
848 1388 169 67 virginem
961 1388 42 67 &

243 1433 192 70 plerosque
391 1433 133 70 alios
480 1433 177 70 aequalem
613 1433 163 70 gratiam
731 1433 103 70 cum
790 1433 133 70 beato
864 1433 133 70 Nicolac

235 1478 182 63 habentes:
375 1478 98 63 qui
431 1478 98 63 non
488 1478 182 63 habebant:
628 1478 98 63 vel
684 1478 98 63 non
740 1478 154 63 constat
853 1478 112 63 quod
909 1478 98 63 habue

231 1535 123 48 runt,
313 1535 150 48 similes
422 1535 163 48 effectus
545 1535 82 48 in
585 1535 177 48 infantia.
722 1535 163 48 plerique
844 1535 123 48 etiam
912 1535 82 48 dece

233 1567 122 61 dunt
309 1567 152 61 adulti
415 1567 107 61 cum
476 1567 152 61 maiori
583 1567 152 61 gratia
689 1567 107 61 qui
750 1567 167 61 habebat
872 1567 122 61 ipse
948 1567 91 61 in

227 1610 173 63 infantia,
359 1610 106 63 quam
426 1610 159 63 effectus
545 1610 239 63 supernaturales
744 1610 93 63 num
798 1610 106 63 quam
851 1610 159 63 habuerunt:

233 1663 101 52 sed
290 1663 115 52 illa
362 1663 115 52 fuit
435 1663 144 52 gratia
535 1663 72 52 a
564 1663 101 52 deo
622 1663 144 52 gratis
723 1663 130 52 data,
810 1663 72 52 &
838 1663 130 52 bonae
910 1663 87 52 viti

232 1689 145 71 futurae
338 1689 198 71 praesagium.
496 1689 79 71 Et
536 1689 159 71 arguitur
655 1689 159 71 ratione.
774 1689 119 71 licet
853 1689 106 71 enim
906 1689 106 71 opposi

235 1748 111 55 tum
299 1748 111 55 sit
362 1748 190 55 vsitatus
505 1748 143 55 modus
600 1748 190 55 dicendi:
742 1748 111 55 non
806 1748 143 55 video
901 1748 95 55 ad
933 1748 79 55 hoc

229 1789 167 64 rationes
354 1789 181 64 cogentes.
494 1789 139 64 Nullus
591 1789 139 64 viator
689 1789 167 64 communis
814 1789 139 64 potest
898 1789 111 64 alicui

243 1837 184 56 existenti
384 1837 85 56 in
427 1837 141 56 gratia
526 1837 141 56 mereri
624 1837 155 56 gratiae
737 1837 198 56 augmentum:
893 1837 113 56 quia
949 1837 57 56 da

233 1882 93 58 to
280 1882 124 58 eius
358 1882 186 58 opposito
497 1882 155 58 infero
606 1882 124 58 hanc
684 1882 248 58 conclusionem
870 1882 140 58 absonam

246 1929 117 70 quod
320 1929 162 70 aliquis
437 1929 103 70 rex
496 1929 176 70 dormiens
628 1929 176 70 venando:
760 1929 103 70 vel
819 1929 147 70 habens
907 1929 103 70 actus

241 1974 248 58 indifferentes,
448 1974 96 58 vno
503 1974 124 58 anmno
585 1974 138 58 potest
682 1974 138 58 habere
778 1974 138 58 tantum
874 1974 151 58 gratiae
971 1974 41 58 &

239 2012 165 68 gloriae
359 2012 165 68 quantum
479 2012 165 68 loannes
599 2012 180 68 Baptista
733 2012 165 68 habuit.
853 2012 105 68 hac
898 2012 120 68 conclu

236 2059 134 64 sione
326 2059 119 64 nemo
400 2059 134 64 habet
489 2059 209 64 concedere.
653 2059 89 64 Et
698 2059 119 64 quod
773 2059 179 64 sequatur
907 2059 89 64 ex
936 2059 75 64 op-

251 2106 152 55 posito,
362 2106 139 55 probo.
459 2106 111 55 vnus
528 2106 139 55 potest
625 2106 166 55 torpenti
750 2106 111 55 regi
819 2106 180 55 existenti
958 2106 83 55 in

248 2147 158 71 gratia
359 2147 158 71 mereri
469 2147 126 71 vnum
548 2147 158 71 gradum
658 2147 189 71 gratiae:
800 2147 79 71 &
832 2147 110 71 qua
879 2147 142 71 ratione

251 2188 122 66 nunc,
333 2188 122 66 eadem
415 2188 150 66 ratione
523 2188 136 66 alias:
619 2188 68 66 &
646 2188 95 66 qua
700 2188 150 66 ratione
809 2188 122 66 iste,
891 2188 68 66 &
904 2188 109 66 alius:

249 2233 77 65 &
279 2233 107 65 sic
341 2233 138 65 omnes
432 2233 92 65 in
478 2233 138 65 magno
570 2233 138 65 regno
662 2233 184 65 continuo
800 2233 168 65 orantes
907 2233 107 65 mere-

246 2282 147 62 buntur
349 2282 162 62 gratiam
467 2282 88 62 de
511 2282 103 62 qua
570 2282 191 62 loquimur:
717 2282 118 62 quia
791 2282 88 62 in
821 2282 191 62 praefatione

248 2324 138 62 missae
345 2324 124 62 omnes
428 2324 97 62 pro
483 2324 111 62 rege
552 2324 138 62 orant:
649 2324 69 62 &
677 2324 97 62 pro
732 2324 193 62 pontifice:
884 2324 69 62 &
898 2324 124 62 apparen

242 2370 112 62 tius
312 2370 169 62 sequitur
439 2370 84 62 de
481 2370 141 62 Romano
579 2370 183 62 pontifice
720 2370 98 62 pro
776 2370 98 62 quo
832 2370 127 62 omnes
903 2370 112 62 orant.

246 2415 198 63 conclusio
398 2415 92 63 ad
444 2415 122 63 quam
520 2415 214 63 laboramus.
688 2415 122 63 ltem
765 2415 107 63 non
826 2415 107 63 est
887 2415 137 63 minus
963 2415 61 63 me

248 2462 118 60 ritum
326 2462 118 60 orare
405 2462 92 60 pro
457 2462 118 60 aliis
536 2462 105 60 quam
601 2462 118 60 orare
680 2462 92 60 pro
732 2462 79 60 se
771 2462 118 60 solo:
850 2462 79 60 vt
876 2462 144 60 inmateria

253 2501 229 64 suffragiorum
438 2501 114 64 dici
510 2501 143 64 solet:
610 2501 71 64 &
638 2501 100 64 hoc
695 2501 100 64 non
753 2501 100 64 est
810 2501 114 64 nisi
881 2501 114 64 quia
938 2501 86 64 meri

254 2550 92 59 tum
306 2550 92 59 quo
359 2550 79 59 ad
398 2550 144 59 gratiam
503 2550 66 59 &
529 2550 144 59 gloriam
634 2550 92 59 non
686 2550 92 59 est
739 2550 183 59 partibile.
883 2550 144 59 igitur.
975 2550 52 59 Ex

250 2594 113 56 isto
320 2594 141 56 infero
419 2594 113 56 quod
489 2594 113 56 nemo
560 2594 141 56 potest
659 2594 141 56 mereri
757 2594 141 56 alteri
856 2594 141 56 primam
940 2594 85 56 gra-

256 2638 122 65 tiam.
338 2638 81 65 si
379 2638 109 65 enim
446 2638 122 65 illud
528 2638 109 65 quod
596 2638 122 65 magis
677 2638 149 65 videtur
786 2638 136 65 inesse
881 2638 95 65 non
921 2638 109 65 inest:

253 2683 100 78 nec
310 2683 129 78 illud
396 2683 114 78 quod
467 2683 129 78 minus
553 2683 157 78 videtur
667 2683 143 78 inesse
768 2683 157 78 inerit:
882 2683 100 78 sed
925 2683 100 78 magis

1051 259 150 75 videtur
1161 259 109 75 quod
1229 259 109 75 homo
1297 259 137 75 potest
1393 259 137 75 alteri
1488 259 137 75 mereri
1584 259 150 75 habenti
1679 259 137 75 gratiam.

1058 321 143 59 gratiae
1162 321 182 59 augmentum,
1304 321 104 59 quam
1369 321 130 59 primam
1460 321 156 59 gratiam.
1577 321 143 59 igitur.
1680 321 104 59 ltem
1732 321 78 59 dato

1056 366 180 51 opposito
1191 366 135 51 pauci
1280 366 180 51 velnulli
1415 366 165 51 paruuli
1535 366 254 51 damnanteritur
1729 366 90 51 sine

1052 409 184 50 baptismo
1189 409 230 50 decedentes:
1373 409 122 50 quia
1450 409 184 50 parentes
1587 409 138 50 eorum
1664 409 153 50 continuo

1061 451 94 59 pro
1114 451 94 59 eis
1168 451 161 59 orarent:
1289 451 67 59 &
1316 451 94 59 sic
1369 451 94 59 pro
1423 451 94 59 eis
1477 451 134 59 posset
1571 451 121 59 tolli
1651 451 121 59 culpa
1719 451 107 59 origi-

1054 497 137 59 nalis.
1150 497 68 59 ⁋
1177 497 96 59 Sed
1232 497 137 59 contra
1327 497 123 59 istud
1409 497 178 59 arguitur.
1546 497 178 59 Matthaei.
1682 497 96 59 ix.
1723 497 96 59 scri-

1051 540 144 58 bitur.
1152 540 87 58 Et
1195 540 188 58 ascendens
1339 540 130 58 lesus
1426 540 87 58 in
1469 540 188 58 nauiculam
1599 540 217 58 transfretauis

1052 593 68 51 &
1080 593 122 51 venit
1161 593 82 51 in
1202 593 177 51 ciuitatem
1338 593 122 51 suam:
1420 593 68 51 &
1447 593 109 51 ecce
1515 593 190 51 offerebant
1664 593 82 51 ei
1692 593 122 51 paraly-

1056 629 120 53 ticum
1136 629 160 53 iacentem
1256 629 80 53 in
1296 629 133 53 lecto.
1389 629 133 53 videns
1482 629 120 53 autem
1562 629 120 53 lesus
1642 629 120 53 fidem
1709 629 120 53 illorum

1056 674 131 59 dixit
1144 674 219 59 paralytico.
1319 674 160 59 Confide
1435 674 292 59 filiiremittuntur
1683 674 117 59 tibi
1742 674 87 59 pec-

1051 720 115 54 cata
1123 720 115 54 tua.
1195 720 86 54 Et
1238 720 144 54 simile
1339 720 159 54 habetur
1454 720 144 54 Lucae.
1555 720 86 54 v.
1598 720 101 54 vbi
1656 720 144 54 glossa
1743 720 86 54 ordi

1057 765 130 55 natia
1143 765 145 55 dicit.
1245 765 159 55 Quantum
1360 765 130 55 valet
1447 765 116 55 apud
1519 765 116 55 deum
1592 765 130 55 fides
1664 765 159 55 propria?s

1062 813 120 50 apud
1137 813 120 50 quem
1212 813 105 50 sic
1272 813 150 50 valuit
1377 813 165 50 aliena:
1496 813 90 50 vt
1541 813 135 50 intus
1631 813 75 50 &
1661 813 135 50 extra
1736 813 90 50 sana

1058 852 99 59 ret
1115 852 156 59 hominem
1228 852 71 59 ?
1257 852 114 59 Ergo
1328 852 85 59 ex
1370 852 128 59 istis
1456 852 156 59 habetur
1569 852 114 59 quod
1640 852 114 59 deus
1697 852 128 59 dimisit

1071 894 197 50 paralytico
1226 894 155 50 peccata
1338 894 155 50 propter
1451 894 127 50 fidem
1535 894 169 50 alienam:
1661 894 70 50 &
1689 894 84 50 ex
1718 894 98 50 conse

1064 942 133 54 quenti
1157 942 186 54 infundebat
1303 942 80 54 ei
1343 942 160 54 gratiam.
1463 942 106 54 ltem
1529 942 160 54 creditur
1649 942 106 54 quod
1702 942 133 54 orationi

1054 983 110 54 bus
1117 983 157 54 sancti
1227 983 188 54 Stephani
1367 983 203 54 conversus
1524 983 110 54 est
1587 983 172 54 sanctus
1696 983 141 54 Paulus:

1061 1025 80 56 &
1093 1025 159 56 beatus
1204 1025 223 56 Augustinus
1379 1025 207 56 praecibus
1539 1025 127 56 suae
1618 1025 175 56 matris.
1730 1025 111 56 Prae-

1063 1072 125 55 terea
1146 1072 166 55 alioquin
1271 1072 152 55 frustra
1381 1072 166 55 potentes
1506 1072 166 55 facerent
1630 1072 152 55 deuotos
1741 1072 97 55 pro
1783 1072 55 55 se

1065 1116 134 62 orare:
1158 1116 94 62 cum
1212 1116 107 62 isti
1279 1116 134 62 deuoti
1373 1116 94 62 non
1427 1116 148 62 possint
1534 1116 134 62 mereri
1628 1116 94 62 pro
1668 1116 161 62 potentibus

1062 1159 188 62 secundum
1203 1159 156 62 dicta.
1313 1159 172 62 Insuper
1438 1159 110 62 duo
1500 1159 172 62 fundent
1626 1159 110 62 duo
1673 1159 156 62 coenobia

1066 1203 186 58 aequalia,
1209 1203 86 58 in
1251 1203 143 58 quorum
1351 1203 143 58 altero
1451 1203 114 58 sint
1523 1203 143 58 deuoti
1623 1203 157 58 monachi
1737 1203 100 58 qui
1780 1203 57 58 in

1068 1259 125 50 vita
1147 1259 203 50 monastica
1303 1259 156 50 sancte
1413 1259 156 50 viuunt
1522 1259 78 50 &
1553 1259 141 50 orant
1647 1259 110 50 pro
1694 1259 141 50 fundato

1059 1292 109 63 re,
1122 1292 141 63 sicut
1216 1292 125 63 olim
1294 1292 156 63 patres
1403 1292 94 63 in
1450 1292 188 63 Thebaide
1591 1292 188 63 Aegypti:
1732 1292 94 63 in
1763 1292 78 63 al-

1066 1335 112 65 tero
1136 1335 112 65 sint
1206 1335 182 65 dissoluti
1346 1335 98 65 non
1402 1335 154 65 orantes
1514 1335 98 65 pro
1570 1335 196 65 fundatore:
1710 1335 140 65 sequitur

1070 1382 105 66 quod
1135 1382 105 66 isti
1201 1382 183 66 aequaliter
1345 1382 170 66 merentur.
1476 1382 183 66 consequens
1620 1382 92 66 est
1673 1382 144 66 falsum:
1764 1382 79 66 quia

1073 1429 153 50 coiter
1180 1429 168 50 dicimus
1302 1429 153 50 malis:
1409 1429 199 50 fraudatis
1562 1429 230 50 fundatores:
1746 1429 77 50 &
1761 1429 77 50 red

1061 1472 140 56 detis
1155 1472 186 56 rationem
1294 1472 124 56 ante
1372 1472 186 56 tribunal
1512 1472 186 56 Christi.
1652 1472 78 56 ⁋
1683 1472 93 56 Ad
1714 1472 124 56 primum

1070 1516 196 55 respondetur
1227 1516 105 55 quod
1292 1516 144 55 illorum
1397 1516 91 55 non
1449 1516 118 55 habet
1527 1516 91 55 pro
1580 1516 196 55 substantiuo
1723 1516 118 55 aliorum

1072 1562 69 56 a
1100 1562 207 56 paralytico:
1265 1562 96 56 sed
1320 1562 124 56 fidem
1403 1562 193 56 paralytici
1555 1562 69 56 &
1582 1562 165 56 aliorum:
1706 1562 69 56 &
1734 1562 96 56 sic
1775 1562 69 56 di-

1065 1618 105 52 cit
1125 1618 120 52 Lyra
1200 1618 165 52 ibidem.
1321 1618 105 52 Sed
1381 1618 105 52 pro
1441 1618 120 52 toto
1516 1618 120 52 isto
1591 1618 135 52 manet
1682 1618 165 52 punctum
1787 1618 60 52 ar

1071 1649 173 63 gumenti:
1200 1649 86 63 an
1243 1649 158 63 aliorum
1358 1649 129 63 fides
1444 1649 158 63 aliquid
1559 1649 129 63 fecit
1646 1649 86 63 ad
1689 1649 101 63 hoc
1746 1649 86 63 vt
1775 1649 72 63 di-

1071 1701 182 56 mitteretur
1214 1701 182 56 paralytico
1357 1701 104 56 suum
1422 1701 169 56 peccatum:
1552 1701 65 56 &
1578 1701 78 56 si
1617 1701 104 56 sic:
1682 1701 104 56 ergo
1734 1701 104 56 aliqui

1071 1739 145 62 possunt
1176 1739 197 62 partialiter
1334 1739 132 62 alteri
1426 1739 145 62 mereri.
1531 1739 105 62 ltem
1597 1739 79 62 si
1637 1739 132 62 centum
1729 1739 118 62 eorum
1794 1739 53 62 cu

1084 1783 216 61 paralytico
1253 1783 185 61 poterant
1393 1783 154 61 mereri
1501 1783 232 61 dimissionem
1671 1783 185 61 peccatorum

1071 1829 194 62 paralytico
1224 1829 69 62 &
1251 1829 152 62 gratiae
1362 1829 208 62 infusionem:
1528 1829 152 62 videtur
1639 1829 111 62 quod
1708 1829 125 62 mille
1778 1829 69 62 eo-

1077 1879 117 54 rum,
1151 1879 103 54 vel
1209 1879 103 54 sic
1268 1879 205 54 ascendendo
1429 1879 176 54 poterant
1561 1879 88 54 ei
1605 1879 147 54 mereri
1708 1879 117 54 ipso
1767 1879 73 54 dor

1074 1921 153 49 miente
1181 1921 229 49 remissionem
1364 1921 229 49 peccatorum.
1547 1921 199 49 Propterea
1700 1921 153 49 aliter
1792 1921 61 49 di

1079 1966 99 54 eo:
1135 1966 113 54 quod
1206 1966 156 54 propter
1319 1966 127 54 alios
1404 1966 113 54 deus
1475 1966 226 54 corporaliter
1659 1966 156 54 curauit
1758 1966 85 54 para

1079 2009 171 62 lvyticum:
1211 2009 66 62 &
1237 2009 119 62 fidem
1316 2009 158 62 propriam
1434 2009 132 62 ipsius
1527 2009 237 62 spiritualiter.
1724 2009 66 62 &
1751 2009 92 62 hoc
1790 2009 66 62 vi-

1077 2054 135 56 detur
1167 2054 165 56 sentire
1286 2054 165 56 glossa.
1406 2054 150 56 Quantu
1511 2054 135 56 valet
1601 2054 120 56 apud
1675 2054 120 56 deum
1735 2054 105 56 fides

1080 2104 181 52 propria:
1216 2104 121 52 apud
1291 2104 121 52 quem
1367 2104 106 52 sic
1427 2104 151 52 valuit
1533 2104 151 52 aliena
1639 2104 91 52 vt
1684 2104 136 52 intus
1775 2104 76 52 &
1790 2104 60 52 ex

1077 2148 106 47 tra
1137 2148 166 47 sanaret
1258 2148 181 47 hominem?
1394 2148 136 47 Intus
1485 2148 166 47 propter
1605 2148 136 47 fidem
1681 2148 166 47 ipsiusmet

1088 2183 206 51 paralytici:
1253 2183 124 51 extra
1336 2183 151 51 propter
1446 2183 247 51 circumstantes.
1652 2183 151 51 Secundo
1748 2183 96 51 dico:

1082 2229 69 54 &
1110 2229 96 54 est
1165 2229 151 54 solutio
1274 2229 96 54 pro
1329 2229 151 54 omnibus
1439 2229 151 54 instis:
1548 2229 69 54 &
1576 2229 178 54 respondeo
1713 2229 82 54 ad
1740 2229 110 54 formam

1084 2272 198 55 argumenti.
1239 2272 113 55 Vnum
1310 2272 141 55 alteri
1408 2272 141 55 mereri
1507 2272 141 55 potest
1606 2272 183 55 intelligi
1733 2272 113 55 dupli-

1083 2320 155 51 citer.
1192 2320 109 51 vno
1254 2320 124 51 modo
1332 2320 124 51 quod
1409 2320 140 51 alter
1502 2320 171 51 meretur
1626 2320 93 51 vt
1673 2320 124 51 deus
1735 2320 124 51 dimit-

1084 2365 97 55 tat
1140 2365 139 55 alteri
1237 2365 180 55 peccatum:
1375 2365 97 55 vel
1430 2365 166 55 infundat
1555 2365 166 55 gratiam:
1680 2365 111 55 alio
1735 2365 111 55 nullum

1083 2406 138 56 actum
1174 2406 214 56 voluntatis
1343 2406 183 56 habente:
1480 2406 153 56 saltem
1587 2406 138 56 extra
1664 2406 183 56 baptismum:

1086 2446 74 63 &
1116 2446 103 63 hot
1175 2446 103 63 est
1234 2446 162 63 ratione
1352 2446 133 63 huius
1440 2446 206 63 facramenti
1602 2446 147 63 etiam:
1706 2446 74 63 &
1735 2446 103 63 sic
1779 2446 74 63 ne-

1089 2495 97 67 go.
1145 2495 97 67 Vel
1200 2495 111 67 quod
1270 2495 153 67 amplius
1382 2495 111 67 est:
1451 2495 111 67 alio
1521 2495 153 67 habente
1632 2495 139 67 actum:
1730 2495 97 67 sic
1771 2495 84 67 quod

1086 2538 125 55 alius
1169 2538 139 55 faciat
1266 2538 97 55 per
1322 2538 111 55 suos
1391 2538 125 55 actus
1475 2538 111 55 quod
1544 2538 125 55 detur
1627 2538 83 55 ei
1669 2538 125 55 maior
1738 2538 111 55 gratia

1085 2585 110 58 quam
1154 2585 151 58 haberet
1264 2585 96 58 per
1318 2585 110 58 suum
1387 2585 123 58 solum
1469 2585 137 58 actum,
1565 2585 69 58 &
1593 2585 82 58 in
1634 2585 110 58 omni
1702 2585 110 58 tali
1757 2585 96 58 sensu

1086 2629 138 54 nego:
1178 2629 123 54 quia
1254 2629 169 54 currere
1377 2629 169 54 videtur
1499 2629 123 54 mihi
1576 2629 153 54 semper
1668 2629 184 54 argumentum

1080 2672 122 70 quod
1156 2672 152 70 paruum
1262 2672 137 70 actum
1353 2672 167 70 haberis
1475 2672 76 70 &
1505 2672 182 70 remissum
1642 2672 152 70 valde:
1733 2672 137 70 propter
