2348 3317
1089 340 156 63 clusione
1206 340 156 63 sequitur
1323 340 104 63 quod
1388 340 156 63 facultas
1506 340 143 63 abbatis
1610 340 117 63 facit
1688 340 143 63 aliquid
1779 340 65 63 non

1088 383 103 59 esse
1153 383 167 59 proprium,
1281 383 103 59 quod
1346 383 103 59 sine
1410 383 167 59 facultate
1539 383 116 59 esset
1616 383 167 59 proprium.
1745 383 142 59 Secundo

1094 436 159 57 sequitur
1213 436 106 57 quod
1279 436 119 57 abbas
1359 436 133 57 potest
1452 436 133 57 capere
1545 436 106 57 sine
1611 436 159 57 alicuius
1717 436 133 57 faculta-

1086 477 77 56 te
1125 477 154 56 alterius
1240 477 64 56 a
1266 477 90 56 se,
1317 477 115 56 illud
1394 477 269 56 qaumguaraegunlae,
1625 477 90 56 no.
1676 477 167 56 repugnat.
1792 477 64 56 nam

1088 525 127 54 potest
1177 525 115 54 aliis
1254 525 191 54 facultantem
1406 525 178 54 impartire:
1547 525 102 54 ergo
1610 525 115 54 illam
1687 525 76 54 in
1725 525 76 54 se
1750 525 102 54 habet.

1085 566 125 61 nemo
1163 566 125 61 enim
1241 566 109 61 dat
1304 566 125 61 quod
1382 566 109 61 non
1444 566 156 61 habet.
1553 566 78 61 â‹
1584 566 156 61 Quinta
1678 566 187 61 conclusio.

1094 608 191 52 Quilibet
1237 608 207 52 monachus,
1396 608 127 52 siue
1476 608 159 52 abbas,
1587 608 127 52 siue
1667 608 191 52 inferior
1794 608 64 52 po

1084 655 112 62 test
1154 655 112 62 esse
1224 655 238 62 proprietarius
1420 655 196 62 venialiter
1573 655 70 62 &
1601 655 210 62 mortaliter:
1755 655 112 62 grauis

1080 701 134 42 simen
1170 701 75 42 &
1199 701 149 42 minius
1304 701 209 42 grauitetr.
1468 701 119 42 honc
1542 701 104 42 est
1602 701 104 42 sub
1661 701 134 42 aliis
1736 701 134 42 vocabu-

1087 744 111 48 lis:
1156 744 138 48 potest
1253 744 166 48 quilibet
1378 744 166 48 istorum.
1502 744 221 48 contrauenire
1682 744 97 48 suo
1737 744 111 48 voto
1793 744 69 48 pau

1080 786 185 58 pertatis
1218 786 108 58 per
1280 786 169 58 veniale
1403 786 77 58 &
1434 786 185 58 mortale.
1572 786 108 58 Per
1634 786 231 58 (grauissime-

1086 831 194 51 intelligo
1235 831 149 51 multum
1340 831 194 51 grauiter.
1489 831 104 51 Non
1549 831 119 51 enim
1623 831 134 51 capio
1698 831 164 51 suplatiuu

1080 879 225 48 affirmatiue
1260 879 105 48 vel
1320 879 180 48 negatiue
1455 879 75 48 /
1484 879 90 48 de
1529 879 165 48 virtute
1649 879 180 48 sermois:
1784 879 105 48 sed

1077 921 97 61 ad
1125 921 146 61 bonum
1222 921 178 61 sensum.
1352 921 194 61 Probatur
1497 921 129 61 haec
1578 921 210 61 conclusio
1740 921 113 61 quo
1788 921 65 61 ad

1082 968 103 46 tres
1146 968 141 46 partes.
1249 968 103 46 quod
1313 968 179 46 venialiter
1454 968 128 46 peccet
1544 968 115 46 patet
1620 968 90 46 per
1672 968 115 46 motus
1749 968 141 46 secundo

1091 1011 142 53 primos:
1194 1011 103 53 quia
1259 1011 90 53 sic
1310 1011 155 53 peccatur
1426 1011 129 53 contra
1517 1011 168 53 praecepta
1646 1011 142 53 diuina.
1736 1011 116 53 Secundo

1080 1062 133 49 etiam
1169 1062 89 49 de
1213 1062 162 49 actibus
1331 1062 236 49 deliberatis:
1523 1062 118 49 quia
1597 1062 89 49 si
1641 1062 103 49 non
1700 1062 148 49 posset
1788 1062 74 49 pec

1085 1102 111 45 care
1155 1102 209 45 venialiter:
1322 1102 97 45 hoc
1377 1102 125 45 esset
1461 1102 111 45 quia
1530 1102 236 45 contraueniret
1725 1102 97 45 suo
1767 1102 83 45 voto

1081 1141 82 60 de
1122 1141 178 60 pauptate:
1259 1141 96 60 sed
1314 1141 96 60 hoc
1369 1141 96 60 non
1423 1141 137 60 probat
1519 1141 178 60 intentum,
1656 1141 109 60 quod
1724 1141 96 60 sic
1765 1141 96 60 osten

1079 1186 159 49 ditur.
1191 1186 111 49 non
1254 1186 143 49 magis
1350 1186 175 49 obligat
1477 1186 143 49 votum
1573 1186 207 49 spontanee
1716 1186 143 49 emissum

1077 1230 122 56 quam
1153 1230 107 56 ius
1214 1230 183 56 diuinum:
1351 1230 122 56 immo
1428 1230 92 56 de
1474 1230 122 56 iure
1550 1230 153 56 diuino
1657 1230 168 56 obligat
1763 1230 92 56 post

1079 1283 233 48 emissionem.
1266 1283 109 48 sed
1328 1283 171 48 aliquis
1452 1283 155 48 potest
1560 1283 171 48 peccare
1669 1283 186 48 venialiter

1074 1328 277 49 contraueniendo
1305 1328 200 49 praecepto
1459 1328 200 49 decalogi:
1613 1328 92 49 vt
1659 1328 169 49 furando
1767 1328 92 49 spin

1074 1365 104 57 ter
1133 1365 104 57 vel
1193 1365 133 57 pomum
1282 1365 118 57 quod
1356 1365 89 57 no
1400 1365 104 57 est
1459 1365 193 57 notabilis
1607 1365 207 57 bonitatis.
1755 1365 104 57 Fodem

1074 1411 118 51 modo
1148 1411 89 51 in
1193 1411 193 51 proposito
1341 1411 74 51 /
1370 1411 163 51 celando
1489 1411 74 51 a
1518 1411 193 51 superiore
1667 1411 163 51 aliquid
1770 1411 89 51 quod

1081 1457 104 48 non
1140 1457 104 48 est
1200 1457 192 48 notabilis
1347 1457 192 48 bonitatis
1495 1457 118 48 sine
1569 1457 192 48 facultate
1717 1457 118 48 eius
1776 1457 89 48 com-

1082 1502 139 49 cessa,
1179 1502 97 49 vel
1235 1502 250 49 rationabiliter
1444 1502 209 49 praesumpta.
1611 1502 111 49 Hinc
1666 1502 181 49 Innocentius

1084 1540 154 52 tertius
1196 1540 84 52 in
1238 1540 112 52 cap.
1308 1540 182 52 praefato.
1448 1540 98 52 Cum
1505 1540 84 52 ad
1547 1540 252 52 modonasterium.
1743 1540 112 52 dicit.

1081 1584 111 49 Vnde
1150 1584 83 49 si
1192 1584 124 49 ocqui
1275 1584 138 49 alicui
1371 1584 138 49 fuerit
1468 1584 207 49 specialiter
1634 1584 207 49 destinatum:
1786 1584 69 49 non

1095 1630 148 49 psumat
1199 1630 133 49 illud
1288 1630 163 49 accipe:
1406 1630 104 49 sed
1465 1630 148 49 abbati
1569 1630 104 49 vel
1628 1630 148 49 priori
1732 1630 104 49 vel
1776 1630 89 49 cel-

1070 1673 160 53 lerario
1187 1673 218 53 assignetur.
1361 1673 116 53 Quia
1434 1673 145 53 peccet
1535 1673 203 53 mortaliter
1681 1673 174 53 grauissime

1087 1719 179 60 probatur:
1225 1719 110 60 quia
1294 1719 138 60 potest
1390 1719 138 60 capere
1487 1719 124 60 multa
1570 1719 110 60 bona
1638 1719 179 60 coenobii,
1776 1719 69 60 &
1790 1719 69 60 con

1071 1764 107 53 tra
1132 1764 229 53 intentionem
1315 1764 168 53 regulae
1437 1764 92 53 ea
1483 1764 214 53 expendere:
1651 1764 92 53 vt
1696 1764 137 53 abbas
1773 1764 76 53 vel

1080 1811 189 48 syndicus
1222 1811 189 48 pecuniam
1364 1811 158 48 habens
1475 1811 95 48 in
1522 1811 205 48 custodia.
1680 1811 79 48 &
1711 1811 110 48 sic
1758 1811 95 48 erit

1079 1858 156 47 auarus,
1192 1858 256 47 proprietarius,
1406 1858 128 47 retro
1491 1858 185 47 aspiciens
1633 1858 85 47 ab
1676 1858 142 47 aratro
1775 1858 71 47 /
1789 1858 57 47 ad

1080 1899 120 56 quod
1155 1899 135 56 manum
1245 1899 150 56 misit:
1351 1899 75 56 &
1381 1899 90 56 de
1426 1899 165 56 itinere
1546 1899 90 56 ad
1591 1899 120 56 viam
1651 1899 211 56 promissionis

1076 1950 175 54 redibit
1203 1950 95 54 ad
1251 1950 207 54 Aegyptum,
1410 1950 111 54 vel
1474 1950 95 54 in
1521 1950 207 54 Babylonem
1664 1950 191 54 proficisce

1072 1986 116 53 tur.
1144 1986 72 53 &
1173 1986 101 53 sic
1231 1986 130 53 legem
1317 1986 159 53 diuinam
1433 1986 275 53 transgredietur.
1665 1986 145 53 Refert
1751 1986 116 53 Cassia

1075 2033 101 52 nus
1132 2033 144 52 libro.
1233 2033 115 52 vii.
1305 2033 115 52 cap.
1376 2033 115 52 xix.
1448 2033 144 52 verbum
1549 2033 144 52 sancti
1649 2033 158 52 Basilii
1750 2033 115 52 epsopi

1080 2078 258 44 Caesariensis
1289 2078 97 44 ad
1338 2078 145 44 virum
1434 2078 209 44 senatorii
1595 2078 177 44 ordinis
1708 2078 145 44 Syncle-

1068 2122 107 44 tum
1129 2122 169 44 nomine:
1252 2122 123 44 quem
1328 2122 107 44 cum
1390 2122 184 44 monachus
1528 2122 184 44 effectus
1666 2122 138 44 esset
1758 2122 77 44 /
1773 2122 77 44 sic

1080 2164 221 49 corripuit.
1254 2164 205 49 Senatorem
1411 2164 189 49 Synclete
1553 2164 236 49 perdidisti:
1742 2164 79 49 &
1758 2164 95 49 mona

1074 2211 118 54 chum
1148 2211 104 54 non
1207 2211 177 54 fecisti.
1340 2211 148 54 volens
1444 2211 163 54 dicere,
1562 2211 104 54 non
1621 2211 118 54 esse
1695 2211 133 54 bonum
1769 2211 89 54 mona

1083 2254 127 50 chum
1163 2254 111 50 qui
1226 2254 191 50 pecuniam
1369 2254 175 50 habeat.
1496 2254 95 50 Et
1544 2254 175 50 Vrbanus
1671 2254 143 50 papa.
1751 2254 95 50 xii.

1077 2302 107 47 qu.
1138 2302 92 47 i.
1184 2302 92 47 c.
1230 2302 169 47 Scimus.
1353 2302 153 47 dicit.
1460 2302 199 47 Quicumque
1614 2302 169 47 vestrum
1721 2302 138 47 comunem

1089 2346 141 53 vitam
1183 2346 203 53 susceptam
1340 2346 156 53 habet:
1449 2346 78 53 &
1481 2346 141 53 vouit
1574 2346 94 53 se
1621 2346 141 53 nihil
1700 2346 156 53 proprium

1082 2387 160 49 habere:
1199 2387 145 49 videat
1301 2387 87 49 ne
1344 2387 276 49 pollicitationem
1577 2387 116 49 suam
1649 2387 160 49 irritam
1751 2387 102 49 faci-

1083 2431 90 56 at:
1134 2431 90 56 sed
1186 2431 90 56 hoc
1237 2431 103 56 quod
1301 2431 128 56 domino
1391 2431 90 56 est
1442 2431 180 56 pollicitus
1584 2431 167 56 fideliter
1699 2431 154 56 custodiat.

1077 2475 89 62 ne
1122 2475 223 62 damnationem
1300 2475 104 62 sed
1359 2475 178 62 praemium
1493 2475 119 62 sibi
1567 2475 193 62 acquirat.
1715 2475 89 62 In
1745 2475 104 62 super

1080 2522 185 53 arguitur
1218 2522 77 53 a
1249 2522 231 53 posteriore,
1434 2522 108 53 non
1496 2522 216 53 infligitur
1665 2522 139 53 magna
1742 2522 108 53 poena

1072 2566 116 50 nisi
1144 2566 101 50 pro
1202 2566 145 50 magnis
1303 2566 188 50 peccatis.
1448 2566 101 50 sed
1506 2566 101 50 pro
1564 2566 159 50 talibus
1679 2566 174 50 peccatis
1795 2566 58 50 ma

1072 2612 116 51 gnae
1144 2612 145 51 poenae
1245 2612 231 51 infliguntur,
1433 2612 173 51 probatur
1563 2612 116 51 haec
1635 2612 145 51 minor.
1736 2612 101 51 nam
1780 2612 72 51 bea

1080 2657 110 46 tus
1143 2657 205 46 Gregorius
1301 2657 95 46 in
1348 2657 142 46 libro
1443 2657 221 46 Dialogorum
1616 2657 158 46 refert
1727 2657 95 46 se
1758 2657 95 46 quen

1078 2696 100 48 dam
1135 2696 85 48 in
1177 2696 228 48 sterquilinio
1363 2696 228 48 sepeliuisse,
1548 2696 128 48 penes
1633 2696 114 48 quem
1690 2696 157 48 mediocris

1082 2741 155 73 pecunia
1195 2741 155 73 inuenta
1307 2741 113 73 est.
1377 2741 84 73 Et
1420 2741 211 73 Innocentius
1589 2741 155 73 tertius
1701 2741 99 73 in.
1757 2741 70 73 c
1772 2741 84 73 prae

241 324 152 77 prior.
347 324 152 77 aliqui
453 324 152 77 namque
560 324 121 77 sunt
635 324 197 77 prioratus
787 324 121 77 adeo
863 324 167 77 pingues
969 324 61 77 vt

242 385 202 57 coenobia.
398 385 93 57 vt
445 385 156 57 videre
554 385 109 57 est
616 385 93 57 de
663 385 187 57 prioratu
803 385 156 57 sancti
896 385 125 57 Andres

249 435 103 53 Per
308 435 177 53 monachum
441 435 133 53 autem
529 435 74 53 /
559 435 192 53 canonicum
706 435 74 53 &
736 435 206 53 quencumque
883 435 133 53 religio

250 475 116 64 sum
300 475 248 64 intelligimus.

241 532 117 80 â‹
287 532 164 80 Hoc
381 532 329 80 praenotato
640 532 188 80 pono
757 532 258 80 aliquas
921 532 94 80 co

249 604 186 54 ciusiones.
395 604 120 54 Prima
474 604 106 54 est.
541 604 146 54 Nuillus
647 604 186 54 religiosus
793 604 133 54 potest
886 604 106 54 habe
939 604 80 54 pro-

254 655 126 55 prium
338 655 84 55 de
380 655 154 55 virtute
492 655 196 55 sermodois.
647 655 182 55 Probatur.
787 655 168 55 quilibet
899 655 126 55 religio

247 708 100 45 sus
304 708 185 45 abdicauit
446 708 171 45 dominium
574 708 142 45 omnium
674 708 128 45 rerum
759 708 71 45 a
787 708 85 45 se
830 708 85 45 in
873 708 128 45 prima
944 708 71 45 sua

252 739 211 61 professione.
424 739 106 61 ergo
490 739 132 61 nullus
582 739 159 61 alicuius
701 739 145 61 dominii
807 739 92 61 est
859 739 119 61 capax
926 739 92 61 quam-

249 797 107 39 diu
310 797 107 39 est
371 797 199 39 monachus.
525 797 77 39 â‹
555 797 169 39 Secunda
678 797 215 39 conclusio.
846 797 107 39 hoc
908 797 107 39 non
954 797 61 39 ob

237 830 146 57 stante
340 830 176 57 loquendo
472 830 88 57 vt
515 830 146 57 plures
618 830 73 57 /
647 830 161 57 aliquis
764 830 176 57 monachus
896 830 102 57 est
940 830 73 57 pro

246 874 238 53 prietarius.
436 874 111 53 nam
500 874 111 53 ita
563 874 206 53 loquuntur
722 874 127 53 omes
801 874 79 53 &
833 874 143 53 bene,
928 874 95 53 de
960 874 63 53 ma

240 918 104 46 lis
300 918 193 46 monachis.
448 918 74 46 â‹
478 918 149 46 Tertia
582 918 208 46 conclusio.
745 918 178 46 quilibet
864 918 149 46 religio-

235 968 104 44 sus
295 968 104 44 est
354 968 267 44 proprietarius:
577 968 74 44 &
606 968 223 44 contrauenit
784 968 119 44 voto
844 968 178 44 pauprtatis

232 1008 112 55 suae
302 1008 169 55 emissae,
429 1008 141 55 quando
527 1008 141 55 vtitur
625 1008 155 55 pecunia
738 1008 141 55 contra
836 1008 112 55 suam
893 1008 126 55 regulan

244 1055 157 47 Probatur
362 1055 105 47 sic.
428 1055 131 47 aliquo
519 1055 105 47 modo
585 1055 184 47 religiosus
729 1055 144 47 dicitur
821 1055 197 47 proprietarius

249 1099 103 54 per
308 1099 176 54 secundam
440 1099 250 54 conclusionem:
646 1099 73 54 &
675 1099 103 54 non
734 1099 132 54 solum
822 1099 103 54 per
866 1099 147 54 pecuniam

245 1141 159 49 abbati
357 1141 191 49 celatam,
500 1141 96 49 vt
548 1141 159 49 contra
659 1141 175 49 loannem
786 1141 175 49 Andream
914 1141 80 49 /
945 1141 80 49 &
961 1141 64 49 Pa

242 1193 116 49 nor.
314 1193 173 49 diximus:
444 1193 101 49 nec
502 1193 101 49 per
560 1193 101 49 hoc
617 1193 116 49 quod
690 1193 173 49 dominium
820 1193 101 49 rei
877 1193 130 49 habet
950 1193 72 49 per

259 1234 139 53 primam
356 1234 236 53 conclusionem:
551 1234 97 53 nec
607 1234 153 53 videtur
718 1234 97 53 per
774 1234 111 53 quid
843 1234 139 53 aliud:
927 1234 83 53 ergo

238 1274 107 60 noc
299 1274 123 60 modo
376 1274 107 60 est
437 1274 276 60 proprietarius.
667 1274 169 60 Secundo
789 1274 184 60 probatur
912 1274 107 60 idem.

243 1316 105 55 nam
303 1316 105 55 per
363 1316 120 55 hanc
438 1316 120 55 viam
513 1316 135 55 aliis
603 1316 135 55 votis
694 1316 120 55 suis
769 1316 75 55 &
784 1316 225 55 constitutioni

232 1364 121 48 bus
301 1364 276 48 contrauenit:
525 1364 138 48 ergo
611 1364 155 48 eodem
714 1364 138 48 modo
800 1364 138 48 suae
869 1364 155 48 pauprta

243 1407 106 52 ti.
303 1407 151 52 Tertio
409 1407 136 52 probo
499 1407 136 52 idem.
590 1407 211 52 Religiosus
756 1407 136 52 debet
846 1407 151 52 habere
937 1407 75 52 ali

241 1453 108 57 quem
309 1453 149 57 limitem
417 1453 176 57 rationis:
552 1453 95 57 vel
606 1453 149 57 regulam
715 1453 216 57 infallibilem
890 1453 95 57 per
931 1453 81 57 quan

238 1495 139 57 possit
335 1495 194 57 cognoscere
488 1495 139 57 quando
585 1495 111 57 male
654 1495 139 57 viuat.
751 1495 97 57 sed
807 1495 97 57 hoc
862 1495 97 57 fit
918 1495 97 57 per
960 1495 55 57 re

242 1545 119 52 gulam
321 1545 106 52 quam
388 1545 186 52 profitetur
533 1545 66 52 /
560 1545 106 52 quae
626 1545 93 52 est
679 1545 212 52 rationabilis
852 1545 80 52 ab
891 1545 133 52 optimo
971 1545 53 52 pa

240 1585 102 54 tre
299 1585 204 54 instituta:
459 1585 73 54 &
488 1585 102 54 per
547 1585 160 54 maximum
663 1585 204 54 pontificem
824 1585 160 54 admissa
940 1585 73 54 &
955 1585 73 54 ap-

237 1630 183 58 probata.
374 1630 137 58 Sicut
465 1630 122 58 enim
541 1630 137 58 inter
633 1630 137 58 leges
724 1630 183 58 vltimata
846 1630 167 58 resolutio

241 1673 99 58 est
297 1673 184 58 reducenda
439 1673 85 58 ad
481 1673 127 58 legem
566 1673 99 58 dei
623 1673 99 58 per
679 1673 113 58 quam
750 1673 141 58 tandem
835 1673 184 58 cognoscitur

242 1719 75 60 an
280 1719 88 60 lex
330 1719 88 60 sit
380 1719 200 60 rationabilis
543 1719 75 60 (&
581 1719 163 60 propterea
706 1719 113 60 recte
781 1719 138 60 dicitur
881 1719 100 60 quod
931 1719 88 60 volun

240 1766 114 46 tas
305 1766 163 46 diuina
419 1766 114 46 est
484 1766 147 46 prima
582 1766 114 46 lex
647 1766 244 46 obligatoria
826 1766 196 46 potissimum

230 1809 92 55 in
276 1809 291 55 contingentibus)
521 1809 107 55 ita
582 1809 138 55 inter
675 1809 138 55 leges
767 1809 169 55 humanas
874 1809 138 55 oportet

245 1850 79 49 ad
284 1850 119 49 legem
364 1850 119 49 illam
443 1850 146 49 tendere
549 1850 106 49 quae
616 1850 93 49 est
669 1850 159 49 rectior:
788 1850 66 49 &
814 1850 79 49 de
854 1850 119 49 cuius
920 1850 93 49 recti

244 1893 156 52 tudinem
357 1893 127 52 magis
442 1893 170 52 constat.
569 1893 99 52 sed
626 1893 99 52 sic
682 1893 99 52 est
739 1893 85 52 de
781 1893 141 52 regula
881 1893 113 52 quam
937 1893 85 52 homo

238 1936 206 63 profitetur.
403 1936 83 63 Et
445 1936 124 63 licet
527 1936 165 63 voluntas
651 1936 165 63 abbatis,
775 1936 179 63 religioso
912 1936 96 63 sit
953 1936 69 63 lex

252 1992 105 42 viua
317 1992 65 42 &
343 1992 157 42 animata:
461 1992 118 42 tamen
539 1992 131 42 quando
631 1992 157 42 constat,
749 1992 91 42 vel
801 1992 118 42 prima
879 1992 131 42 fronte
958 1992 52 42 du

242 2026 159 57 bitatur:
361 2026 80 57 an
401 2026 120 57 iuste
481 2026 199 57 praecipiat:
640 2026 146 57 oportet
746 2026 146 57 iacerae
839 2026 173 57 fundamentum

239 2077 80 57 ex
279 2077 134 57 regula
373 2077 94 57 per
426 2077 107 57 quam
493 2077 80 57 id
533 2077 214 57 cognoscatur.
708 2077 134 57 regula
802 2077 107 57 enim
869 2077 94 57 non
909 2077 107 57 potest

240 2118 188 50 deuiare:
381 2118 188 50 superior
522 2118 125 50 vero
600 2118 203 50 plerumque
756 2118 172 50 deuiat.
881 2118 78 50 â‹
897 2118 125 50 Quarta

238 2160 213 48 conclusio.
405 2160 152 48 Tenens
511 2160 167 48 aliquid
633 2160 197 48 temporale
784 2160 121 48 sine
845 2160 167 48 facultate

235 2210 169 52 abbatis
358 2210 185 52 concessa
496 2210 92 52 in
542 2210 231 52 particulari
727 2210 108 52 vel
773 2210 246 52 vniuersaliiest

238 2252 237 54 proprietarius
433 2252 70 54 /
461 2252 98 54 vbi
517 2252 84 54 in
559 2252 112 54 casu
629 2252 349 54 rationagilifacumltate
921 2252 98 54 habi-

238 2294 82 65 ta
279 2294 95 65 non
334 2294 122 65 esset
415 2294 245 65 proprietarius.
619 2294 136 65 Patet:
714 2294 109 65 quia
782 2294 95 65 tam
836 2294 149 65 regulae
931 2294 82 65 quam

238 2337 207 59 professioni
404 2337 221 59 contrauenit.
584 2337 166 59 Secundo,
708 2337 124 59 tenet
791 2337 138 59 contra
874 2337 138 59 volunta-

234 2386 107 50 tem
295 2386 229 50 superioris:
478 2386 107 50 cum
539 2386 107 50 non
600 2386 153 50 habeat
707 2386 214 50 facultatem
875 2386 92 50 ab
921 2386 92 50 eo
952 2386 76 50 con

251 2429 152 50 cessam:
362 2429 111 50 quia
431 2429 83 50 si
472 2429 304 50 facultatemhaberet:
735 2429 97 50 non
791 2429 125 50 esset
860 2429 152 50 proprieta

247 2472 125 51 rius.
330 2472 166 51 Exemplum
455 2472 83 51 de
496 2472 208 51 concessione
663 2472 222 51 particulari.
843 2472 97 51 cum
884 2472 125 51 praesen

230 2528 149 38 tatur
330 2528 149 38 Petro
429 2528 182 38 monacho
561 2528 165 38 liber:
677 2528 165 38 Petrus
793 2528 149 38 habet
875 2528 149 38 faculta

245 2562 101 50 tem
302 2562 72 50 a
331 2562 188 50 superiore
476 2562 144 50 librum
577 2562 217 50 suscipiendi
750 2562 87 50 in
793 2562 217 50 vniuersali.
952 2562 58 50 Ab

236 2605 114 46 bas
301 2605 147 46 autem
399 2605 163 46 videns
513 2605 163 46 Paulum
627 2605 147 46 bonum
725 2605 228 46 religiosum
905 2605 82 46 &
921 2605 98 46 stu-

234 2648 148 48 diosum
338 2648 74 48 /
368 2648 89 48 si
412 2648 178 48 concedat
546 2648 89 48 ei
590 2648 208 48 facultatem
754 2648 208 48 recipiendi
902 2648 119 48 libros

237 2695 76 59 &
267 2695 167 59 similia
389 2695 122 59 quae
465 2695 167 59 regulae
586 2695 106 59 non
647 2695 213 59 repugnant:
814 2695 122 59 ipse
875 2695 137 59 capiens

225 2738 102 66 non
284 2738 146 66 contra
386 2738 175 66 regulam,
517 2738 102 66 non
575 2738 102 66 est
633 2738 262 66 proprietarius.
852 2738 87 66 Ex
895 2738 102 66 hac
939 2738 73 66 con
