2347 3314
472 292 182 61 probitate
612 292 98 61 non
668 292 154 61 excipi,
779 292 112 61 siue
849 292 182 61 tractari.
989 292 112 61 ergo
1058 292 154 61 expedit
1156 292 84 61 quod

484 344 152 52 uilibet
595 344 139 52 habeat
692 344 97 52 sua
747 344 194 52 pecuniolam
900 344 222 52 expendendam.
1080 344 69 52 â‹
1094 344 152 52 Responde,

475 380 109 50 tur.
544 380 96 50 hic
598 380 164 50 tangitur
721 380 123 50 casus
803 380 123 50 sicut
886 380 82 50 in
927 380 137 50 priori
1022 380 178 50 argumento
1145 380 96 50 ambi-

469 425 127 51 guus,
553 425 183 51 ansciliet
694 425 141 51 liceat
793 425 70 51 &
821 425 169 51 expediat
947 425 197 51 religiosum
1088 425 155 51 conventua

474 465 100 60 lem
531 465 128 60 hatre
616 465 142 60 certam
716 465 171 60 pecuniae
844 465 142 60 summam
944 465 100 60 pro
1001 465 171 60 vestibus
1129 465 71 60 &
1143 465 100 60 aliis

469 513 227 50 necessariis
651 513 242 50 expendendam.
847 513 91 50 In
893 513 151 50 primis
999 513 167 50 suppono
1120 513 121 50 quod
1180 513 61 50 mu

466 557 84 57 ta
508 557 140 57 licent
606 557 112 57 quae
677 557 98 57 non
733 557 197 57 expediunt.
887 557 154 57 Secundo
999 557 112 57 dico
1070 557 98 57 non
1112 557 140 57 expedire

478 608 114 53 quod
549 608 199 53 religiosus
705 608 142 53 habeat
805 608 142 53 certam
905 608 142 53 quotam
1004 608 171 53 pecuniae
1132 608 100 53 sic
1175 608 71 53 ex-

482 645 217 50 pendendam,
652 645 93 50 vt
699 645 155 50 tangit
807 645 217 50 argumentum
978 645 78 50 /
1009 645 124 50 immo
1086 645 109 50 est
1133 645 109 50 valde

475 698 216 53 periculosum:
651 698 108 53 quia
719 698 95 53 est
773 698 162 53 cuilibet
895 698 176 53 religioso
1030 698 108 53 dare
1084 698 162 53 occasionem

477 740 189 50 redeundi
619 740 95 50 ad
666 740 173 50 vomitum
793 740 79 50 &
824 740 95 50 ad
872 740 205 50 Aegyptum.
1029 740 95 50 id
1077 740 110 50 est
1140 740 95 50 ad
1171 740 79 50 sae

477 773 126 54 culum
561 773 112 54 quod
631 773 182 54 deseruit.
772 773 98 54 nam
828 773 168 54 opinione
954 773 98 54 mea
1010 773 168 54 quilibet
1137 773 98 54 hoc
1193 773 84 54 in

483 825 75 47 se
520 825 175 47 experitur:
657 825 87 47 cum
707 825 137 47 aliquam
807 825 150 47 pecuniam
919 825 125 47 habet:
1006 825 187 47 sollicitior
1156 825 87 47 est
1206 825 75 47 ad

480 869 144 58 pecuniam
588 869 180 58 colligendam
731 869 96 58 quam
791 869 84 58 cum
839 869 108 58 nihil
911 869 120 58 habet:
995 869 60 58 &
1019 869 72 58 ad
1055 869 168 58 temporalia
1174 869 72 58 dis-

476 914 176 52 trahitur.
612 914 149 52 Secundo
720 914 149 52 dabitur
828 914 81 52 ei
869 914 149 52 occasio
977 914 162 52 mediante
1098 914 149 52 pecunia
1193 914 54 52 de

479 959 187 53 inquendi:
622 959 115 53 quia
694 959 86 53 si
738 959 158 53 pecunia
853 959 101 53 non
910 959 129 53 esset
996 959 158 53 occasio
1097 959 144 53 peccandi

476 1002 130 50 stulti
567 1002 156 50 fuissent
684 1002 117 50 omnes
762 1002 182 50 religionum
905 1002 208 50 institutores
1074 1002 65 50 /
1100 1002 91 50 sic
1139 1002 104 50 arctis

483 1043 117 62 sime
557 1043 176 62 pecuniae
689 1043 117 62 vsum
762 1043 235 62 prohibentes,
953 1043 117 62 quod
1026 1043 132 62 nefas
1114 1043 103 62 est
1158 1043 88 62 dice

466 1103 104 40 re.
525 1103 148 40 Tertio
629 1103 133 40 dico.
718 1103 163 40 possent
837 1103 148 40 aliqui
941 1103 133 40 tales
1030 1103 119 40 esse
1104 1103 89 40 in
1148 1103 104 40 via
1193 1103 59 40 sa

472 1133 141 52 lutis,
571 1133 155 52 dummodo
684 1133 170 52 pecuniam
811 1133 127 52 illam
896 1133 155 52 capiant
1009 1133 240 52 distribuendam
1192 1133 57 52 so

470 1178 118 56 lum,
544 1178 133 56 sicut
633 1178 162 56 prudens
751 1178 192 56 oeconomus
898 1178 118 56 sibi
972 1178 251 56 distribueret:
1164 1178 89 56 nisi

468 1219 98 56 sic
524 1219 98 56 via
580 1219 154 56 obliqua
692 1219 126 56 aliis
776 1219 224 56 detegeretur.
958 1219 98 56 sed
1014 1219 126 56 multi
1098 1219 98 56 non
1154 1219 98 56 sic
1196 1219 56 56 ex

464 1265 178 64 pendunt:
597 1265 133 64 quare
686 1265 133 64 ipsis
775 1265 178 64 aperitur
908 1265 178 64 fenestra
1042 1265 89 64 ad
1086 1265 148 64 vitia.
1175 1265 74 64 Pro

475 1319 144 48 regula
575 1319 144 48 itaque
676 1319 158 48 habeto.
791 1319 144 48 Nullus
892 1319 202 48 religiosus
1051 1319 144 48 potest
1137 1319 101 48 pecu-

478 1357 113 49 niam
548 1357 113 49 data
619 1357 183 49 expendere
759 1357 113 49 nisi
830 1357 99 49 cum
886 1357 141 49 licite
985 1357 141 49 potest
1083 1357 141 49 petere
1168 1357 70 49 pe-

466 1406 143 52 cuniam
566 1406 71 52 a
594 1406 186 52 superiore
737 1406 71 52 /
766 1406 71 52 &
795 1406 143 52 omnino
895 1406 86 52 in
937 1406 129 52 tales
1023 1406 129 52 vsus.
1109 1406 86 52 Si
1138 1406 114 52 igitur

470 1445 110 52 sit
533 1445 173 52 prudens
659 1445 220 52 religiosus
832 1445 94 52 in
879 1445 189 52 coenobio
1020 1445 110 52 qui
1083 1445 141 52 nouit
1162 1445 94 52 suam

470 1503 167 44 regulam:
595 1503 70 44 &
623 1503 125 44 nolit
707 1503 139 44 aliter
804 1503 181 44 expendere
943 1503 167 44 pecuniam
1068 1503 70 44 /
1096 1503 111 44 quam
1152 1503 97 44 regu-

474 1532 87 56 la
518 1532 190 56 patiatur:
664 1532 131 56 debet
751 1532 146 56 debito
853 1532 233 56 congiuitatis
1043 1532 73 56 /
1072 1532 102 56 vel
1116 1532 131 56 necessi

464 1582 146 53 tatis
561 1582 113 53 non
626 1582 162 53 capere
739 1582 146 53 illam
836 1582 162 53 quotam
949 1582 243 53 pecuniariam
1143 1582 97 53 ne
1175 1582 81 53 via

462 1631 185 47 reliquis
601 1631 262 47 imprudentibus
817 1631 216 47 aperiatur.
987 1631 154 47 Crebto
1095 1631 124 47 enim
1156 1631 93 47 homo

467 1675 175 54 abstinere
601 1675 121 54 debet
682 1675 67 54 a
708 1675 134 54 licito
803 1675 121 54 etiam
883 1675 81 54 si
923 1675 121 54 nihil
1004 1675 108 54 mali
1058 1675 188 54 sequaeretur,

470 1719 171 55 propter
595 1719 202 55 sequalam.
750 1719 202 55 propterea
905 1719 93 55 ex
951 1719 186 55 Cassiano
1075 1719 171 55 allegaui-

461 1753 122 55 mus
530 1753 209 55 publicam
687 1753 279 55 poenitentiam
914 1753 279 55 hebdomadatio
1124 1753 122 55 iposi

470 1811 111 46 tam
534 1811 111 46 pro
597 1811 207 46 ablatione
757 1811 143 46 trium
852 1811 191 46 granorum
995 1811 143 46 solum
1091 1811 96 46 ob
1123 1811 127 46 sequa-

474 1849 108 48 lam
535 1849 138 48 mali:
627 1849 92 48 ne
674 1849 138 48 parua
766 1849 185 48 audentes
904 1849 154 48 sensim
1012 1849 231 48 procederent
1181 1849 62 48 ad

470 1890 171 57 maiora.
595 1890 78 57 â‹
626 1890 93 57 Ex
672 1890 109 57 his
734 1890 140 57 patet
828 1890 326 57 argumentisolutio.
1107 1890 109 57 Cum
1154 1890 93 57 enim

473 1935 173 60 religiosi
606 1935 106 60 illi
672 1935 173 60 videantur
805 1935 106 60 esse
871 1935 226 60 proprietarii:
1057 1935 66 60 &
1084 1935 80 60 de
1110 1935 133 60 proprie-

476 1977 111 56 tate
545 1977 111 56 sint
614 1977 193 56 vehementer
766 1977 180 56 suspecti:
905 1977 152 56 quamuis
1015 1977 97 56 non
1070 1977 97 56 sit
1112 1977 138 56 necessa-

477 2022 122 55 rium
553 2022 107 55 eis
614 2022 92 55 ab
660 2022 107 55 hac
721 2022 138 55 summa
813 2022 183 55 pecuniae
951 2022 214 55 abstinere:
1103 2022 138 55 securum

470 2078 126 44 tamen
554 2078 98 44 est
610 2078 70 44 &
638 2078 224 44 consulendum.
820 2078 98 44 pot
875 2078 126 44 autem
959 2078 98 44 non
1015 2078 196 44 religiosus
1155 2078 98 44 pecu-

470 2113 105 52 niam
535 2113 157 52 seruare:
653 2113 92 52 vel
706 2113 131 52 plures
797 2113 170 52 vicissim:
929 2113 92 52 qui
981 2113 157 52 rationem
1086 2113 157 52 districtam

475 2155 165 53 habeant
595 2155 165 53 reddere
714 2155 165 53 abbati.
834 2155 75 53 &
864 2155 150 53 melius
969 2155 105 53 est
1029 2155 209 53 religiosis
1178 2155 60 53 de

473 2200 92 56 hoc
525 2200 79 56 se
565 2200 92 56 non
617 2200 170 56 ingerere:
748 2200 105 56 quia
814 2200 118 56 certe
892 2200 262 56 periculosissimum
1115 2200 92 56 est
1154 2200 92 56 offi-

467 2250 109 53 cium
535 2250 136 53 totius
631 2250 177 53 coenobii.
767 2250 82 53 Et
808 2250 150 53 vtilius
916 2250 95 53 est
971 2250 109 53 quod
1039 2250 109 53 vnus
1107 2250 95 53 sit
1148 2250 95 53 impli

478 2296 131 50 citus
566 2296 204 50 potissimum
726 2296 160 50 prudens
842 2296 131 50 circa
930 2296 131 50 iliam
1017 2296 175 50 pecuniam
1134 2296 116 50 expen-

480 2336 148 60 dendam,
587 2336 107 60 quim
654 2336 134 60 multum
748 2336 161 60 mereatur
869 2336 80 60 si
909 2336 107 60 bene
976 2336 174 60 expendat,
1110 2336 107 60 quam
1164 2336 80 60 quis

464 2380 130 55 quod
545 2380 276 55 religiosorum:
773 2380 163 55 quorum
886 2380 195 55 nonnulli
1033 2380 130 55 sunt
1098 2380 146 55 propest

466 2423 83 55 ad
508 2423 139 55 malum:
605 2423 69 55 &
633 2423 125 55 forte
716 2423 125 55 omnes
799 2423 125 55 erunt
883 2423 167 55 infecti.
1008 2423 111 55 ltem
1077 2423 139 55 potest
1161 2423 83 55 esse

465 2469 124 59 quod
542 2469 124 59 vnus
619 2469 108 59 sit
681 2469 170 59 prudens
804 2469 216 59 oeconomus:
974 2469 77 59 &
1005 2469 108 59 non
1067 2469 170 59 plures:
1175 2469 62 59 vl

471 2519 103 43 duo
530 2519 74 43 &
560 2519 103 43 non
619 2519 162 43 plures.
736 2519 74 43 &
766 2519 118 43 tunc
839 2519 133 43 illic
928 2519 191 43 sistendum
1075 2519 118 43 est.
1134 2519 103 43 licet

465 2555 135 53 autem
555 2555 135 53 omnes
645 2555 150 53 essent
750 2555 210 53 prudentes:
916 2555 165 53 propter
1021 2555 225 53 confequentiam

469 2600 132 64 quia
552 2600 116 64 non
618 2600 248 64 continuatur
816 2600 231 64 prudentia:
998 2600 99 64 in
1048 2600 116 64 vno
1097 2600 149 64 standum

474 2649 118 47 est,
548 2649 103 47 vel
607 2649 88 47 in
651 2649 177 47 coenobio
784 2649 103 47 vel
842 2649 147 47 foris,
945 2649 133 47 prout
1034 2649 206 47 opportunum
1181 2649 59 47 vi

461 2692 186 74 debitur.
601 2692 78 74 â‹
632 2692 93 74 Ad
679 2692 280 74 confirmationem
912 2692 233 74 respondetur
1099 2692 124 74 quod
1176 2692 109 74 non

1308 278 168 67 oportet
1430 278 137 67 adire
1521 278 168 67 abbatem
1643 278 76 67 /
1674 278 107 67 sed
1735 278 244 67 procuratorem
1918 278 168 67 prudentem

1306 336 108 54 qui
1367 336 185 54 effronti
1506 336 169 54 imponat
1629 336 215 54 silentium:
1798 336 77 54 &
1829 336 200 54 verecundo
1967 336 108 54 neget

1301 385 141 51 nihil.
1400 385 71 51 &
1428 385 85 51 si
1471 385 198 51 negauerit,
1626 385 212 51 quaerimonia
1796 385 99 51 est
1853 385 85 51 ad
1895 385 156 51 abbatem
1994 385 85 51 defe

1306 419 121 65 renda
1386 419 67 65 /
1413 419 94 65 qui
1467 419 121 65 omnia
1548 419 161 65 iudicare
1655 419 108 65 debet.

1301 468 112 94 â‹
1345 468 202 94 Habes
1480 468 269 94 vtcumque
1682 468 135 94 ex
1749 468 157 94 his
1839 468 247 94 quomodo
1996 468 90 94 mo

1307 546 134 61 nachus
1401 546 161 61 quilibet
1522 546 134 61 possit
1616 546 188 61 deprehendi
1763 546 228 61 proprietarius
1952 546 67 61 /
1978 546 94 61 vel
2019 546 67 61 non

1312 606 198 43 praecipuus
1467 606 127 43 autem
1552 606 240 43 proprietarius
1750 606 85 43 in
1792 606 170 43 coenohio
1920 606 99 43 est
1962 606 113 43 abbas.

1299 637 90 60 nam
1351 637 78 60 si
1389 637 90 60 cum
1441 637 142 60 quinque
1545 637 129 60 scutis
1635 637 155 60 decedens
1751 637 155 60 sepultus
1867 637 90 60 est
1919 637 78 60 in
1945 637 142 60 sterquili

1305 685 115 55 nio
1370 685 82 55 a
1403 685 131 55 bea.
1485 685 214 55 Gregorio:
1650 685 131 55 iure
1732 685 148 55 abbas
1830 685 115 55 sub
1896 685 148 55 vmbra
1978 685 115 55 prae-

1304 728 207 55 minentiae
1464 728 144 55 decem
1559 728 144 55 milia
1655 728 207 55 ducatorum
1815 728 80 55 &
1847 728 176 55 amplius
1958 728 128 55 sensim

1298 781 220 51 profundens
1471 781 173 51 meretur
1597 781 141 51 iuxta
1691 781 173 51 centrum
1817 781 157 51 terrae
1911 781 173 51 sepeliri.

1309 816 118 59 Cui
1377 816 203 59 consonat
1529 816 220 59 responsio
1698 816 203 59 Diomedis
1850 816 186 59 piratae
1969 816 118 59 capti

1296 864 83 55 &
1330 864 215 55 Alexandro
1495 864 198 55 Macedoni
1644 864 265 55 praesentati,
1859 864 198 55 dicetis.
1991 864 99 55 Quia

1302 911 103 48 ego
1361 911 132 48 pauca
1449 911 88 48 in
1493 911 118 48 mari
1567 911 132 48 capio
1655 911 73 48 /
1684 911 147 48 pirata
1787 911 147 48 vocor:
1890 911 88 48 tu
1934 911 132 48 autem
2008 911 73 48 qui

1303 948 133 58 omnia
1392 948 88 58 in
1436 948 133 58 terra
1524 948 147 58 capis,
1627 948 192 58 imperator
1775 948 177 58 vocaris.
1907 948 118 58 ldem
1966 948 118 58 nanque

1298 1006 220 45 religiosus
1471 1006 189 45 subditus
1613 1006 157 45 abbati
1723 1006 189 45 congnito
1864 1006 173 45 menalo,
1974 1006 110 45 mente

1299 1036 160 55 dicere
1411 1036 176 55 potest.
1539 1036 96 55 Ex
1587 1036 112 55 quo
1651 1036 144 55 patet
1747 1036 128 55 quod
1827 1036 176 55 abbatis
1939 1036 160 55 officium

1309 1083 101 63 est
1366 1083 86 63 in
1409 1083 115 63 tota
1482 1083 187 63 religione
1626 1083 303 63 periculosissimum:
1885 1083 115 63 quia
1943 1083 144 63 pecuniam

1302 1133 138 56 picem
1394 1133 138 56 manuu
1486 1133 246 56 denigratiuam
1686 1133 185 56 tractat.
1825 1133 77 56 &
1855 1133 92 56 se
1901 1133 92 56 in
1948 1133 123 56 vita
2009 1133 77 56 cum

1303 1180 182 48 Augusto
1436 1180 182 48 censens
1569 1180 199 48 felicem:
1718 1180 100 48 in
1768 1180 166 48 Priami
1867 1180 216 48 calamitates

1295 1214 197 63 incidet.
1442 1214 131 63 Hinc
1524 1214 180 63 Actuum.
1655 1214 115 63 vi.
1721 1214 98 63 de
1770 1214 213 63 apostolis
1917 1214 164 63 legimus.

1314 1257 231 54 Conuocantes
1498 1257 154 54 autem.
1606 1257 123 54 xii.
1683 1257 247 54 multitudinem
1868 1257 216 54 discipulorum

1301 1304 186 59 dixerunt.
1444 1304 100 59 Non
1501 1304 100 59 est
1558 1304 143 59 aequum
1658 1304 100 59 nos
1715 1304 243 59 derelinquanre
1915 1304 143 59 verbum
2001 1304 86 59 deii

1308 1348 77 66 &
1338 1348 215 66 ministrare
1507 1348 169 66 mensis.
1630 1348 107 66 Vbi
1691 1348 153 66 glossa
1799 1348 276 66 iuterlinearis.
2013 1348 77 66 Me-

1309 1390 124 60 liora
1392 1390 111 60 sunt
1461 1390 152 60 fercula
1572 1390 138 60 mentis
1668 1390 97 60 qui
1724 1390 124 60 dapes
1807 1390 180 60 corporis,
1945 1390 138 60 quaere
2028 1390 55 60 of

1300 1441 127 55 ficium
1389 1441 114 55 eorum
1466 1441 89 55 qui
1517 1441 204 55 temporalibus
1682 1441 153 55 praesunt
1796 1441 89 55 est
1847 1441 153 55 infimum.
1962 1441 76 55 Si
1987 1441 102 55 itaque

1316 1483 129 59 velit
1401 1483 86 59 se
1444 1483 71 59 a
1473 1483 214 59 proprietate
1644 1483 157 59 seruare
1758 1483 157 59 immunem
1873 1483 71 59 /
1901 1483 129 59 figat
1987 1483 86 59 se
2030 1483 86 59 in

1307 1531 147 54 tuto:
1404 1531 98 54 in
1453 1531 228 54 expensione
1633 1531 179 54 bonorum
1763 1531 196 54 coenobii
1910 1531 147 54 dubia
1991 1531 98 54 pru-

1301 1573 160 51 dentes
1413 1573 80 51 &
1445 1573 128 51 deum
1524 1573 192 51 timentes
1668 1573 207 51 consulat:
1828 1573 128 51 rato
1892 1573 192 51 egrediatur

1307 1616 187 55 coenobium:
1454 1616 94 55 sed
1507 1616 161 55 versetur
1628 1616 94 55 cum
1681 1616 120 55 aliis
1762 1616 80 55 in
1802 1616 134 55 choro.
1896 1616 94 55 nam
1936 1616 147 55 praestat.

1312 1666 111 59 quod
1381 1666 152 59 aliquam
1492 1666 166 59 iacturam
1616 1666 138 59 faciat
1713 1666 97 59 coe
1768 1666 138 59 nobium
1865 1666 83 59 in
1893 1666 193 59 temporalibus

1319 1714 80 57 ui
1359 1714 134 57 abbas,
1452 1714 93 57 vel
1506 1714 147 57 aliquis
1612 1714 214 57 religiosorum
1786 1714 214 57 periclitetur
1959 1714 80 57 in
1986 1714 107 57 anima.

1312 1751 133 57 Forte
1401 1751 118 57 enim
1474 1751 192 57 coenobium
1622 1751 133 57 nimis
1710 1751 177 57 abundat.
1843 1751 162 57 Elonget
1946 1751 147 57 praeter-

1312 1796 89 56 ea
1357 1796 89 56 se
1401 1796 74 56 a
1431 1796 238 56 saecularibus
1625 1796 149 56 viris.
1729 1796 119 56 Hinc
1803 1796 149 56 beatus
1907 1796 179 56 Antonius
2026 1796 60 56 ho

1306 1840 138 51 minum
1398 1840 214 51 conspectus
1566 1840 107 51 cum
1627 1840 199 51 fratribus
1781 1840 153 51 fugit.
1888 1840 77 51 &
1918 1840 92 51 ad
1949 1840 138 51 Carthu-

1305 1890 161 46 sienses
1423 1890 206 46 difficilis
1584 1890 103 46 est
1643 1890 206 46 ingressus.
1804 1890 191 46 Bernardus
1951 1890 117 46 vero
2010 1890 88 46 ius-

1311 1929 103 47 sit
1370 1929 88 47 in
1414 1929 192 47 nemoribus
1562 1929 192 47 habitare.
1709 1929 88 47 Et
1753 1929 206 47 potissimum
1915 1929 147 47 fugiat
2004 1929 88 47 con-

1313 1972 206 48 sanguineos
1475 1972 73 48 /
1504 1972 73 48 a
1534 1972 147 48 quibus
1637 1972 176 48 facilius
1769 1972 176 48 vincitur
1901 1972 176 48 prudens:
2019 1972 73 48 cum

1310 2016 185 51 religioso
1452 2016 171 51 cuilibet
1581 2016 143 51 dictum
1681 2016 100 51 sit
1738 2016 114 51 illd
1809 2016 171 51 Genesis.
1937 2016 114 51 xii.
1994 2016 86 51 Egre

1317 2065 122 45 dere
1393 2065 91 45 de
1439 2065 137 45 terra
1530 2065 107 45 tua
1591 2065 76 45 /
1621 2065 76 45 &
1652 2065 91 45 de
1697 2065 213 45 cognatione
1865 2065 122 45 tua,
1941 2065 76 45 &
1971 2065 91 45 de
2002 2065 91 45 domo

1315 2107 151 49 patris
1421 2107 121 49 tui:
1497 2107 76 49 &
1527 2107 121 49 veni
1603 2107 91 49 in
1648 2107 151 49 terram
1754 2107 121 49 quam
1830 2107 212 49 mostrauero
1981 2107 106 49 tibi-

1305 2157 104 43 hoc
1365 2157 119 43 est,
1439 2157 179 43 relinque
1573 2157 164 43 terrena
1693 2157 89 43 id
1737 2157 104 43 est
1797 2157 179 43 fortunae
1931 2157 119 43 bona
2006 2157 89 43 (&
2035 2157 60 43 de

1313 2202 219 49 cognatione
1485 2202 125 49 tua)
1564 2202 110 49 hoc
1626 2202 110 49 est
1689 2202 188 49 egredere
1830 2202 94 49 de
1861 2202 219 49 inclinatione

1303 2245 110 46 tibi
1372 2245 221 46 connaturali,
1551 2245 83 46 id
1593 2245 96 46 est
1648 2245 165 46 appetitu
1772 2245 165 46 illicito
1896 2245 138 46 carnis
1992 2245 83 46 (&
2020 2245 55 46 de

1311 2286 123 53 domo
1388 2286 154 53 patris
1495 2286 123 53 tu).
1572 2286 108 53 hoc
1634 2286 123 53 est,
1711 2286 154 53 procul
1818 2286 108 53 sis
1880 2286 77 53 a
1895 2286 185 53 consangui-

1299 2336 117 44 neis
1372 2336 117 44 tuis
1445 2336 102 44 qui
1503 2336 146 44 animam
1605 2336 117 44 tuam
1678 2336 102 44 abs
1736 2336 87 44 te
1780 2336 189 44 euellunt.
1926 2336 73 44 &
1955 2336 117 44 veni
2028 2336 87 44 in

1305 2372 217 57 religionem:
1478 2372 72 57 &
1507 2372 159 57 versare
1623 2372 101 57 cum
1681 2372 145 57 bonis:
1782 2372 72 57 &
1811 2372 101 57 cum
1869 2372 101 57 iis
1927 2372 145 57 quorum
2014 2372 72 57 san

1305 2416 96 53 cta
1360 2416 96 53 est
1415 2416 220 53 conversatio:
1594 2416 110 53 quia
1663 2416 96 53 Cum
1718 2416 138 53 sancto
1815 2416 151 53 sanctus
1925 2416 124 53 eris:
2007 2416 69 53 &
2021 2416 69 53 cum

1319 2464 172 48 nnocente
1448 2464 172 48 innocens
1577 2464 129 48 eris.
1663 2464 86 48 Et
1707 2464 101 48 cum
1764 2464 144 48 electo
1865 2464 158 48 electus
1979 2464 129 48 eris:

1317 2505 75 59 &
1347 2505 104 59 cum
1407 2505 179 59 peruerso
1541 2505 209 59 puerteris.
1705 2505 134 59 Psal.
1794 2505 134 59 xvii.
1883 2505 104 59 Cum
1943 2505 134 59 manum
2032 2505 89 59 ad

1308 2560 164 47 aratrum
1427 2560 179 47 miseris:
1561 2560 119 47 noli
1636 2560 134 47 retro
1725 2560 194 47 aspicere.
1874 2560 164 47 Purgare
1979 2560 104 47 insu-

1310 2598 112 56 per
1374 2598 144 56 habet
1470 2598 144 56 abbas
1565 2598 255 56 religiosorum
1773 2598 160 56 vitia,
1885 2598 80 56 &
1901 2598 192 56 potissimum

1308 2641 202 54 religionem
1466 2641 202 54 tangentia.
1625 2641 130 54 Dabit
1711 2641 101 54 eis
1769 2641 130 54 solum
1855 2641 202 54 necessaria
2000 2641 86 54 quae

1310 2678 77 78 ad
1349 2678 142 78 salutem
1452 2678 180 78 conducunt:
1594 2678 90 78 non
1645 2678 180 78 ferculorum
1787 2678 206 78 pluralitatem
1954 2678 103 78 quam
2006 2678 77 78 fra
