2358 3318
237 349 115 55 neae
309 349 231 55 complexionis
496 349 101 55 vel
554 349 202 55 cholericae
713 349 72 55 a
742 349 144 55 natura
843 349 159 55 fuerit:
944 349 72 55 fri

239 399 156 53 quenti
348 399 234 53 meditatione
535 399 93 53 in
582 399 202 53 pituitam,
738 399 171 53 dolorem
847 399 171 53 stomachi-

230 437 166 53 morbos
347 437 233 53 chronicos,
529 437 100 53 in
579 437 282 53 consumptionem
812 437 166 53 virium
912 437 116 53 natu-

239 485 137 51 ralium
335 485 164 51 labitur,
458 485 96 51 nec
513 485 82 51 in
554 485 137 51 sonino
649 485 123 51 noctu
731 485 150 51 quietem
840 485 137 51 habet:
922 485 96 51 syllo

244 527 137 58 gizat
335 527 198 58 hincinde,
487 527 167 58 suadet,
609 527 213 58 dissuadet:
776 527 183 58 opponit:
898 527 122 58 respon

242 583 126 42 det:
321 583 158 42 semper
431 583 110 42 est
495 583 221 42 occupatus:
668 583 142 42 aegre
763 583 205 42 comedendo
905 583 110 42 ocium

231 616 147 49 mentis
334 616 147 49 capit.
437 616 103 49 Nec
496 616 88 49 in
540 616 103 49 hoc
599 616 118 49 male
672 616 132 49 agit,
760 616 132 49 licet
849 616 132 49 vitam
922 616 103 49 corri

235 668 149 52 piat.
335 668 116 52 nam
401 668 99 52 in
451 668 182 52 honesta
583 668 248 52 occupatione
782 668 132 52 more
864 668 182 52 militis
980 668 50 52 &

233 704 182 54 agricolae,
376 704 65 54 &
402 704 91 54 pro
454 704 169 54 vtilitate
584 704 143 54 communi
689 704 117 54 omnia
767 704 130 54 facit,
858 704 78 54 vt
884 704 130 54 scribat.

235 750 147 51 legat,
338 750 191 51 praedicet
485 750 147 51 verbum
587 750 117 51 dei:
661 750 103 51 vel
720 750 132 51 artes
808 750 132 51 bonas
896 750 88 51 vt
925 750 88 51 gram

243 795 164 56 maticam
362 795 75 56 &
392 795 179 56 logicen,
527 795 119 56 quae
601 795 90 56 ad
646 795 149 56 verbum
750 795 104 56 dei
795 795 224 56 intelligendum

225 839 105 48 non
285 839 135 48 parum
375 839 211 48 conducunt,
541 839 165 48 tradat.
661 839 120 48 quis
736 839 165 48 sapiens
857 839 135 48 dicet
932 839 90 48 hunc

237 883 186 60 ociosum:
376 883 77 60 &
407 883 108 60 non
468 883 139 60 minus
561 883 170 60 alendum
685 883 77 60 a
716 883 201 60 republica
870 883 124 60 quam
948 883 108 60 ma-

238 928 167 57 nuarios
359 928 197 57 opifices?
511 928 197 57 Religiosi
663 928 137 57 autem
754 928 228 57 mendicantes
921 928 91 57 haec

232 974 182 48 faciunt,
369 974 106 48 vbi
429 974 122 48 bene
505 974 167 48 viuunt.
627 974 137 48 Forum
718 974 122 48 vero
779 974 243 48 importunitatem

237 1016 98 50 in
286 1016 196 50 petendo,
432 1016 81 50 &
465 1016 163 50 nimiam
579 1016 212 50 inutilium
726 1016 293 50 multiplicationem

224 1061 157 57 laudat
334 1061 141 57 nemo.
428 1061 141 57 Scite
523 1061 94 57 ad
570 1061 110 57 hoc
633 1061 220 57 propositum
805 1061 204 57 respondet
947 1061 79 57 Au-

232 1112 204 51 gustinus
385 1112 102 51 in
436 1112 153 51 libro
538 1112 102 51 de
589 1112 204 51 operibus
741 1112 255 51 monachorum.
928 1112 85 51 Tam

222 1154 174 56 multos
343 1154 244 56 hypocritas
535 1154 122 56 sub
604 1154 174 56 habitu
726 1154 244 56 monachorum
900 1154 122 56 vsque

235 1200 141 53 quaque
334 1200 183 53 dispersit
474 1200 240 53 callidissimus
672 1200 141 53 hostis
770 1200 225 53 circumeuntes
940 1200 70 53 pro

237 1243 187 42 uincias:
378 1243 140 42 omnes
471 1243 171 42 petunt:
596 1243 140 42 omnes
689 1243 187 42 exigunt,
829 1243 109 42 aut
876 1243 140 42 sumptus

234 1287 172 48 lucrosae
363 1287 200 48 egestatis,
520 1287 100 48 aut
577 1287 186 48 simulatae
720 1287 157 48 precium
821 1287 200 48 sanctitatis.

226 1329 121 48 Hic
295 1329 138 48 fige
381 1329 172 48 pedem.
502 1329 155 48 Porro
605 1329 103 48 si
657 1329 190 48 videret
795 1329 138 48 hunc
864 1329 155 48 numerum

222 1373 243 46 multiplicatum
422 1373 100 46 qui
479 1373 71 46 a
508 1373 186 46 trecentis
650 1373 129 46 annis
736 1373 214 46 praeteritis
893 1373 129 46 initium

224 1422 186 57 sumpsit,
363 1422 139 57 plura
456 1422 186 57 diceret.
595 1422 170 57 Videmus
719 1422 186 57 siquidem
843 1422 170 57 mendican-

235 1466 139 51 tium
321 1466 208 51 plurimos
478 1466 156 51 nomen
582 1466 156 51 ipsum
686 1466 278 51 mendicitatis
894 1466 122 51 ample

231 1503 176 50 ctentes:
364 1503 73 50 &
393 1503 103 50 rem
452 1503 103 50 non
510 1503 250 50 prosequentes:
716 1503 103 50 sed
775 1503 235 50 institutorum
951 1503 59 50 in

228 1549 212 62 tentionem
390 1549 260 62 frustrantes.
602 1549 114 62 hoc
667 1549 130 62 est,
748 1549 212 62 importune
895 1549 130 62 mendi-

234 1600 138 50 cant,
326 1600 77 50 &
357 1600 92 50 id
403 1600 77 50 a
434 1600 169 50 plebeis
557 1600 215 50 pauperibus
726 1600 215 50 tenuissime
880 1600 138 50 alitis:

227 1639 129 56 ipsi
307 1639 145 56 autem
404 1639 193 56 inutiles
549 1639 274 56 imtemperanter
774 1639 81 56 &
807 1639 177 56 prodige
919 1639 97 56 haec

222 1689 233 53 expendunt.
406 1689 183 53 Videbis
539 1689 183 53 fratres
672 1689 183 53 minores
805 1689 200 53 plurimos
939 1689 83 53 con

228 1726 108 53 tra
289 1726 124 53 suam
367 1726 247 53 professionem
568 1726 170 53 pyxides
691 1726 108 53 pro
753 1726 170 53 pecunia
861 1726 155 53 quaestuo

218 1776 94 54 se
265 1776 219 54 colligenda
437 1776 94 54 in
484 1776 141 54 mensa
578 1776 282 54 praesentantes:
813 1776 203 54 triticum,
953 1776 63 54 bo

226 1818 121 58 ues,
301 1818 76 58 &
332 1818 121 58 oues
407 1818 106 58 sub
468 1818 212 58 deuotionis
634 1818 136 58 vmbra
725 1818 76 58 /
755 1818 227 58 mendicitate
921 1818 91 58 comn

219 1859 210 57 quirentes.
384 1859 75 57 &
414 1859 105 57 ita
474 1859 90 57 de
519 1859 135 57 aliis
609 1859 150 57 tribus
713 1859 255 57 religionibus.
908 1859 105 57 Verum

214 1905 119 56 non
282 1905 170 56 loquor
401 1905 102 56 in
452 1905 238 56 religiosos
639 1905 255 56 mendicantes
826 1905 187 56 reformate

226 1958 197 53 viuentes:
377 1958 106 53 sed
438 1958 91 53 in
483 1958 106 53 hos
544 1958 182 53 dyscolos
680 1958 106 53 qui
741 1958 197 53 reformari
877 1958 136 53 renuunt

221 2006 111 46 cum
285 2006 254 46 oculatissimi
491 2006 79 46 &
523 2006 270 46 prudentissimi
746 2006 143 46 harum
841 2006 175 46 quatuor
952 2006 64 46 re

214 2036 188 62 ligiorium
358 2036 231 62 institutores
545 2036 216 62 intenderent
718 2036 115 62 quod
791 2036 144 62 paucis
877 2036 130 62 conten-

216 2084 90 60 ti
261 2084 165 60 forent:
381 2084 225 60 eleemosynas
561 2084 165 60 oblatas
682 2084 195 60 caperent:
832 2084 75 60 &
862 2084 135 60 solum
937 2084 60 60 pr

203 2131 243 54 necessitate
397 2131 146 54 vitae
495 2131 97 54 cu
543 2131 162 54 quadam
657 2131 259 54 mediocritate
867 2131 113 54 vbi
916 2131 81 54 opo

203 2177 115 53 tet,
274 2177 230 53 requirerent.
490 2177 143 53 Quarto
590 2177 186 53 arguitur.
733 2177 115 53 Isti
805 2177 186 53 religiosi
934 2177 72 53 men

209 2224 187 39 dicantes
349 2224 187 39 tenentur
490 2224 109 39 pro
552 2224 140 39 aliis
645 2224 156 39 orare:
754 2224 124 39 ergo
832 2224 140 39 eorum
910 2224 93 39 oran

203 2258 111 56 tio
266 2258 142 56 minus
361 2258 111 56 pro
425 2258 142 56 ipsis
520 2258 269 56 applicabitur:
741 2258 79 56 &
773 2258 111 56 per
820 2258 190 56 consequens

190 2307 260 54 imprudenter
397 2307 277 54 profitentur.
622 2307 277 54 Respondetur.
847 2307 121 54 hoc
899 2307 104 54 argu

201 2358 160 50 mentum
313 2358 160 50 contra
425 2358 144 50 omnes
521 2358 224 50 religiosos
696 2358 224 50 aequaliter
872 2358 176 50 tendit:

191 2392 78 58 &
223 2392 187 58 breuiter
363 2392 156 58 contra
472 2392 156 58 primas
582 2392 203 58 ecclesiae
738 2392 203 58 colunnas,
878 2392 125 58 aposto

181 2439 132 53 los,
264 2439 83 53 &
297 2439 182 53 sanctos
430 2439 116 53 qui
496 2439 149 53 erant
595 2439 281 53 hierosolymis:
827 2439 116 53 pro
877 2439 132 53 quibus

187 2483 155 52 Paulus
295 2483 155 52 crebro
403 2483 93 52 vt
449 2483 93 52 ex
496 2483 124 52 eius
573 2483 201 52 epistolis
728 2483 170 52 liquet,
836 2483 170 52 eleemosy-

194 2532 119 52 nam
262 2532 238 52 quaesiuit.
449 2532 119 52 nam
517 2532 153 52 orans
619 2532 119 52 pro
687 2532 153 52 aliis
789 2532 119 52 non
857 2532 153 52 minus
942 2532 68 52 me

185 2576 119 56 retur
264 2576 106 56 sibi
330 2576 106 56 ipsi
396 2576 79 56 ad
436 2576 119 56 vitam
515 2576 159 56 aeternam
634 2576 106 56 quam
700 2576 79 56 si
740 2576 92 56 pro
793 2576 79 56 se
832 2576 106 56 solo
885 2576 119 56 oraret.

219 2621 179 55 Quinto
344 2621 233 55 arguitur.
523 2621 161 55 multi
631 2621 143 55 sunt
720 2621 197 55 istorum
864 2621 125 55 qui
917 2621 90 55 non

188 2665 238 51 mendicant:
375 2665 136 51 ergo
460 2665 119 51 non
528 2665 136 51 sunt
612 2665 153 51 omnes
714 2665 102 51 de
765 2665 221 51 religione
918 2665 85 51 men

184 2701 247 55 dicantium:
379 2701 124 55 nec
449 2701 159 55 illum
555 2701 194 55 ordinem
697 2701 212 55 secundum
838 2701 159 55 institu

181 2750 185 70 tionem
310 2750 185 70 patrum
440 2750 222 70 seruant.
606 2750 278 70 Respondetur
810 2750 204 70 conceden

1087 341 104 59 do
1139 341 260 59 antecedens.
1347 341 122 59 nam
1417 341 191 59 sanctus
1555 341 191 59 Thomas,
1677 341 191 59 Albertus,

1092 396 214 49 Alexander
1256 396 214 49 Halensis,
1420 396 82 49 &
1453 396 181 49 loannes
1585 396 164 49 Scotus
1700 396 115 49 non
1749 396 115 49 mendi

1083 443 167 56 carunt,
1204 443 152 56 saltem
1310 443 106 56 non
1371 443 182 56 constat.
1508 443 106 56 sed
1568 443 182 56 viuebant
1705 443 91 56 ex
1751 443 106 56 his
1796 443 76 56 qua

1084 484 117 51 sibi
1157 484 175 51 dabantur
1288 484 87 51 in
1332 484 160 51 ratione
1449 484 218 51 eleemosynae
1623 484 73 51 a
1653 484 204 51 diuitibus.
1798 484 73 51 vel

1092 531 252 49 nutriebantur
1297 531 173 49 mediate
1423 531 95 49 ex
1470 531 252 49 eleemosynis.
1675 531 110 49 nam
1738 531 126 49 alii
1801 531 79 49 men

1095 573 196 46 dicantes
1242 573 213 46 soluerunt
1406 573 115 46 pro
1471 573 147 46 eorum
1569 573 147 46 victu
1667 573 82 46 &
1700 573 196 46 vestitu:
1831 573 49 46 &

1085 618 126 55 ipsi
1164 618 141 55 alios
1258 618 189 55 exemplo,
1400 618 141 55 verbo
1494 618 157 55 vitae,
1604 618 79 55 &
1635 618 173 55 legendo
1745 618 126 55 docue-

1077 661 136 58 runt,
1167 661 91 58 vt
1213 661 211 58 praedicare
1379 661 181 58 possent.
1515 661 121 58 alii
1590 661 136 58 autem
1666 661 196 58 praedicando

1088 710 222 48 necessaria
1262 710 206 48 conuentui
1421 710 238 48 attulerunt.
1611 710 95 48 Et
1658 710 206 48 propterea
1801 710 63 48 ex

1083 750 162 52 ordine
1196 750 260 52 mendicantium
1407 750 162 52 vocati
1521 750 130 52 sunt
1602 750 130 52 isti
1683 750 179 52 quatuor
1797 750 65 52 no

1082 799 177 52 minati:
1211 799 81 52 &
1243 799 145 52 multi
1340 799 129 52 alii
1420 799 145 52 harum
1517 799 242 52 religionum,
1710 799 81 52 &
1726 799 145 52 aliarum

1079 838 184 52 duarum.
1213 838 151 52 Etiam
1314 838 101 52 in
1364 838 201 52 ecclesia
1515 838 201 52 plurimum
1649 838 218 52 profuerunt,

1077 881 75 54 &
1107 881 119 54 plus
1181 881 119 54 quam
1256 881 164 54 plurimi
1375 881 224 54 saeculares.
1554 881 89 54 De
1599 881 104 54 his
1658 881 134 54 tamen
1733 881 119 54 duobus

1076 934 222 50 minoribus
1247 934 222 50 nominatis
1418 934 85 50 &
1452 934 256 50 Middiltono,
1657 934 85 50 &
1674 934 188 50 similibus

1074 974 236 50 sufficienter
1266 974 162 50 constat
1384 974 118 50 quod
1457 974 88 50 in
1502 974 162 50 itinere
1619 974 103 50 vbi
1678 974 103 50 non
1723 974 147 50 habebant

1084 1021 214 52 coenobium:
1252 1021 137 52 amore
1343 1021 107 52 dei
1404 1021 153 52 victum
1511 1021 76 52 /
1542 1021 198 52 hospitium
1694 1021 76 52 /
1725 1021 76 52 &
1740 1021 122 52 trans-

1081 1060 111 55 itum
1150 1060 97 55 per
1206 1060 152 55 oceanum
1316 1060 69 55 a
1344 1060 180 55 Britannia
1482 1060 83 55 ad
1523 1060 152 55 gallias
1634 1060 69 55 &
1662 1060 138 55 contra
1758 1060 69 55 /
1772 1060 83 55 peti

1080 1111 129 51 uerunt
1170 1111 65 51 /
1196 1111 77 51 in
1235 1111 129 51 grande
1325 1111 142 51 meritum
1429 1111 103 51 sibi
1493 1111 65 51 /
1519 1111 65 51 &
1545 1111 142 51 aliorum
1635 1111 220 51 aedificationem:

1077 1158 116 48 quod
1149 1158 116 48 viri
1221 1158 130 48 summo
1308 1158 217 48 pontificatu
1482 1158 130 48 digni
1569 1158 72 48 /
1598 1158 145 48 digito
1685 1158 174 48 demonstra-

1078 1202 92 52 ti
1124 1202 92 52 ob
1170 1202 200 52 eminentes
1324 1202 123 52 suas
1401 1202 200 52 virtutes,
1554 1202 108 52 sic
1616 1202 231 52 eleemosynam
1785 1202 77 52 non

1072 1247 145 47 veriti
1173 1247 116 47 sunt
1245 1247 159 47 petere.
1361 1247 116 47 ldem
1433 1247 188 47 fecissent
1578 1247 145 47 doctor
1679 1247 174 47 sanctus,
1795 1247 72 47 li-

1071 1292 112 51 cet
1135 1292 160 51 genere
1247 1292 192 51 nobilis:
1390 1292 80 51 &
1422 1292 160 51 doctor
1534 1292 239 51 seraphicus,
1725 1292 112 51 vbi
1773 1292 96 51 opus

1074 1330 185 56 fuisset.
1243 1330 138 56 Sexto
1335 1330 200 56 arguitur.
1489 1330 215 56 Religiones
1643 1330 215 56 mendicantium

1077 1380 135 47 parum
1167 1380 120 47 fixe
1242 1380 196 47 steterunt
1393 1380 90 47 in
1438 1380 135 47 prima
1528 1380 256 47 institutione.
1739 1380 105 47 nam
1784 1380 75 47 bea

1069 1416 117 53 tus
1136 1416 250 53 Bonauentura
1336 1416 167 53 statim
1453 1416 133 53 post
1536 1416 183 53 regulam
1670 1416 200 53 veniens,
1803 1416 67 53 re

1073 1459 140 59 gulam
1167 1459 217 59 reformare,
1337 1459 78 59 &
1368 1459 171 59 fratres
1493 1459 155 59 deuios
1601 1459 93 59 ad
1648 1459 155 59 normam
1756 1459 140 59 redu-

1080 1508 117 56 cere
1153 1508 160 56 conatus
1270 1508 117 56 est:
1343 1508 102 56 ita
1401 1508 88 56 vt
1445 1508 131 56 multi
1533 1508 160 56 fratres
1649 1508 190 56 conquesti
1780 1508 88 56 sint

1077 1553 95 49 in
1125 1553 191 49 concilio
1268 1553 270 49 Constantiensi
1490 1553 95 49 se
1538 1553 159 49 habere
1633 1553 223 49 conscientias

1080 1597 221 49 laceratas:
1254 1597 158 49 quibus
1365 1597 206 49 concilium
1523 1597 190 49 tradidit
1665 1597 142 49 modum
1744 1597 111 49 viuen

1084 1638 103 54 di:
1143 1638 103 54 qui
1202 1638 163 54 hodiemo
1321 1638 103 54 die
1380 1638 222 54 obseruantes
1557 1638 192 54 dicuntur,
1705 1638 118 54 quod
1764 1638 89 54 prae

1081 1687 193 58 dicatores
1230 1687 74 58 &
1259 1687 134 58 multi
1348 1687 119 58 alii
1423 1687 163 58 sequuti
1541 1687 134 58 sunt.
1630 1687 119 58 Alii
1705 1687 134 58 autem
1779 1687 89 58 reli

1085 1738 128 51 giosi
1170 1738 157 51 diutius
1284 1738 242 51 perstiterunt.
1484 1738 142 51 signum
1583 1738 100 51 est
1640 1738 114 51 ergo
1711 1738 114 51 quod
1768 1738 100 51 reli-

1071 1772 112 51 gio
1135 1772 255 51 mendicantium
1342 1772 255 51 religiosorum
1550 1772 112 51 sit
1614 1772 144 51 minus
1693 1772 160 51 rationa-

1072 1821 159 46 biliter
1187 1821 173 46 fundata.
1317 1821 101 46 Nec
1374 1821 173 46 sufficit
1504 1821 159 46 dicere,
1619 1821 101 46 hoc
1677 1821 187 46 prouenire
1807 1821 43 46 a

1076 1861 155 51 culpa
1179 1861 276 51 religiosorum
1404 1861 190 51 regulam
1542 1861 121 51 non
1594 1861 259 51 obseruantium,

1073 1908 81 48 &
1105 1908 114 48 non
1170 1908 81 48 a
1203 1908 179 48 regula.
1333 1908 130 48 quia
1414 1908 195 48 loquimur
1560 1908 98 48 de
1609 1908 130 48 bono
1674 1908 179 48 instrumen

1064 1952 101 43 to
1115 1952 118 43 quo
1182 1952 185 43 homines
1317 1952 185 43 vtuntur
1452 1952 101 43 vt
1502 1952 101 43 ad
1553 1952 270 43 beatitudinem
1755 1952 101 43 pue-

1064 1995 155 52 niant.
1173 1995 109 52 cum
1235 1995 124 52 enim
1313 1995 140 52 multi
1406 1995 140 52 alias
1499 1995 217 52 religiones
1670 1995 202 52 obseruent
1809 1995 47 52 &

1074 2040 108 56 non
1135 2040 123 56 has:
1212 2040 154 56 signum
1319 2040 108 56 est
1381 2040 123 56 quod
1458 2040 108 56 non
1519 2040 108 56 est
1581 2040 246 56 instrumentum
1765 2040 92 56 adeo

1067 2083 230 63 perfectum,
1247 2083 115 63 quo
1313 2083 181 63 homines
1444 2083 181 63 vtuntur
1576 2083 99 63 ad
1609 2083 246 63 beatitudinem,

1072 2129 92 58 vt
1118 2129 138 58 aliae
1210 2129 231 58 religiones.
1425 2129 231 58 Respondetur
1610 2129 215 58 concedendo
1764 2129 92 58 quod

1073 2174 130 55 multi
1159 2174 158 55 istorum
1274 2174 130 55 lapsi
1361 2174 115 55 sunt
1433 2174 72 55 a
1462 2174 144 55 patrum
1562 2174 202 55 limitibus.
1721 2174 144 55 aliqui
1807 2174 58 55 ta

1073 2220 114 55 men
1138 2220 146 55 eorum
1235 2220 195 55 spiritum
1382 2220 163 55 domini
1495 2220 195 55 habentes
1642 2220 146 55 alios
1739 2220 98 55 ad
1772 2220 81 55 vi-

1078 2262 92 55 am
1124 2262 169 55 salutis
1247 2262 200 55 reduxere.
1401 2262 77 55 &
1432 2262 92 55 vt
1478 2262 215 55 intentioni
1647 2262 200 55 argumenti
1785 2262 62 55 sa

1060 2308 155 57 tisfiat
1173 2308 70 57 /
1201 2308 113 57 dico
1271 2308 113 57 quod
1341 2308 141 57 partim
1440 2308 169 57 prouenit
1567 2308 197 57 superiorum
1721 2308 127 57 culpa
1792 2308 70 57 tot

1065 2360 146 47 passim
1168 2360 88 47 ad
1211 2360 117 47 suas
1284 2360 204 47 religiones
1445 2360 248 47 admittentium.
1649 2360 117 47 Alii
1722 2360 131 47 autem
1795 2360 58 47 ex

1065 2394 161 51 communi
1182 2394 176 51 viuentes
1314 2394 102 51 non
1373 2394 205 51 suscipiunt
1534 2394 117 51 nisi
1607 2394 117 51 quos
1680 2394 88 51 ex
1710 2394 146 51 redditi-

1063 2436 111 60 bus
1126 2436 190 60 coenobii
1269 2436 142 60 alere
1364 2436 190 60 possunt.
1506 2436 142 60 tamen
1601 2436 142 60 etiam
1696 2436 142 60 multi
1775 2436 63 60 eo

1070 2486 118 54 rum
1137 2486 101 54 ex
1188 2486 185 54 communi
1323 2486 219 54 viuentium
1491 2486 118 54 non
1558 2486 118 54 diu
1608 2486 236 54 perstiterunt

1058 2526 95 61 in
1106 2526 158 61 rigore
1216 2526 268 61 institutorum.
1468 2526 221 61 Epilogando
1642 2526 126 61 dico
1705 2526 142 61 religio

1058 2573 112 59 nes
1122 2573 176 59 quatuor
1250 2573 256 59 mendicantium
1459 2573 288 59 rationabiliter
1683 2573 160 59 institu-

1074 2620 119 50 tas.
1149 2620 119 50 quod
1223 2620 75 50 a
1253 2620 134 50 signo
1342 2620 149 50 patet.
1447 2620 104 50 Nam
1506 2620 179 50 egregios
1640 2620 134 50 viros
1730 2620 89 50 in
1760 2620 89 50 lite

1076 2670 97 51 ris
1132 2670 69 51 &
1159 2670 153 51 moribus
1270 2670 83 51 in
1312 2670 180 51 ecclesiam
1451 2670 153 51 emisit:
1562 2670 69 51 &
1589 2670 236 51 praedicatores
1770 2670 69 51 quo

1070 2708 151 52 tidie
1171 2708 184 52 emittit
1305 2708 101 52 in
1355 2708 168 52 vineam
1472 2708 168 52 domini
1590 2708 101 52 ad
1623 2708 218 52 declamandum

1060 2761 92 63 in
1106 2761 168 63 templis
1228 2761 76 63 /
1258 2761 76 63 &
1289 2761 92 63 ad
1334 2761 214 63 supplendas
1502 2761 137 63 vices
1594 2761 244 63 ineruditorum
1777 2761 76 63 cu
