2295 3310
208 322 144 69 plius.
308 322 72 69 &
337 322 129 69 illic
423 322 101 69 est
480 322 144 69 status
581 322 86 69 in
624 322 230 69 elongatione.
811 322 72 69 ⁋
839 322 144 69 Tertio
926 322 57 69 at

206 371 178 58 guitur,
335 371 227 58 consuetudo
513 371 113 58 iam
578 371 113 58 est
643 371 227 58 introducta
821 371 97 58 in
853 371 130 58 multis

213 422 212 54 regionibus
380 422 121 54 quod
455 422 227 54 mendicantes
637 422 197 54 religiosi
789 422 167 54 habeant
895 422 91 54 red-

212 465 141 43 ditus
306 465 94 43 ex
353 465 157 43 quibus
463 465 141 43 ferme
557 465 157 43 viuere
667 465 188 43 possint.
792 465 188 43 consuetudo

199 507 155 57 autem
302 507 155 57 legem
406 507 224 57 pofitiuam
578 507 310 57 interpretatur.
820 507 172 57 Responde

206 556 114 44 tur.
277 556 157 44 seruare
391 556 128 44 votum
476 556 100 44 est
533 556 85 44 de
576 556 114 44 iure
647 556 157 44 diuino:
761 556 142 44 contra
861 556 100 44 ius
918 556 100 44 au-

209 599 118 53 tem
277 599 186 53 diuinum
412 599 152 53 nulla
513 599 169 53 currit
631 599 253 53 consuetudo.
834 599 84 53 ⁋
868 599 152 53 Quar-

210 640 90 54 to
255 640 196 54 arguitur.
405 640 120 54 quia
481 640 180 54 multorum
616 640 196 54 refriguit
766 640 196 54 charitas:
902 640 75 54 non

206 681 174 64 possunt
333 681 222 64 sustentari
507 681 254 64 eleemosynis:
713 681 127 64 ergo
777 681 206 64 necessarium

214 730 106 57 est
274 730 151 57 capere
380 730 197 57 redditus:
531 730 181 57 alioquin
667 730 121 57 ordo
743 730 181 57 corruet.
864 730 121 57 Respon

218 775 142 53 detur.
317 775 128 53 culpa
403 775 100 53 est
460 775 85 53 ex
502 775 128 53 parte
588 775 142 53 eorum,
687 775 85 53 si
730 775 171 53 charitas
858 775 114 53 erga
915 775 71 53 eos

204 821 205 46 refriguit:
365 821 117 46 quia
438 821 102 46 non
497 821 146 46 viuunt
599 821 205 46 religiose,
760 821 102 46 sed
804 821 175 46 saeculares

212 860 267 63 scandalizant.
432 860 173 63 Secundo
558 860 142 63 nimis
653 860 110 63 sua
716 860 236 63 philacteria
889 860 94 63 dila

212 906 155 48 tant.
315 906 120 48 nam
384 906 155 48 omnes
487 906 137 48 suam
573 906 241 48 religionem
762 906 206 48 assumere
899 906 86 48 vo-

211 949 161 51 lentes,
329 949 147 51 vtiles
431 949 73 51 &
461 949 176 51 inutiles
593 949 117 51 sine
666 949 205 51 discrimine
813 949 176 51 admittunt:

207 1000 97 49 in
255 1000 195 49 grauamen
401 1000 81 49 &
434 1000 130 49 onus
515 1000 178 49 populi:
645 1000 162 49 contra
758 1000 243 49 aequitatem,
936 1000 49 49 &

212 1042 158 56 contra
323 1042 174 56 ordinis
449 1042 190 56 rigorem,
591 1042 126 56 quem
670 1042 142 56 tanta
765 1042 205 56 congeries
907 1042 79 56 non

209 1084 158 52 seruat.
324 1084 101 52 sed
381 1084 86 52 si
425 1084 202 52 redigerent
583 1084 86 52 se
626 1084 86 52 ad
669 1084 144 52 certum
770 1084 173 52 numerum,
900 1084 72 52 &
914 1084 72 52 be-

205 1130 91 56 ne
250 1130 198 56 viuerent:
402 1130 152 56 optime
509 1130 106 56 eis
570 1130 258 56 prouideretur.
782 1130 122 56 Quod
843 1130 137 56 ostendo

200 1176 221 53 manifeste,
374 1176 173 53 nouimus
500 1176 189 53 siquidem
642 1176 95 53 in
689 1176 173 53 vtroque
815 1176 142 53 regno
894 1176 79 53 Bri

207 1219 169 47 tanniae
330 1219 138 47 multa
422 1219 123 47 esse
499 1219 185 47 coenobia
637 1219 92 47 de
684 1219 231 47 obseruantia
853 1219 123 47 sancti

216 1263 181 53 Francisci,
358 1263 91 53 qui
410 1263 78 53 in
449 1263 104 53 diem
514 1263 142 53 viuunt,
617 1263 117 53 nihil
695 1263 78 53 de
734 1263 155 53 crastino
838 1263 142 53 solliciti

205 1304 199 50 secundum
354 1304 132 50 suam
437 1304 265 50 professionem
652 1304 99 50 in
702 1304 149 50 magno
801 1304 182 50 numero:
917 1304 66 50 po

203 1351 154 56 pulum
306 1351 154 56 verbo
408 1351 86 56 &
442 1351 188 56 exemplo
579 1351 291 56 instituentes:
819 1351 86 56 &
836 1351 137 56 eleemo

208 1399 137 56 synis
299 1399 198 56 viuentes.
451 1399 122 56 ergo
527 1399 106 56 vbi
588 1399 122 56 alii
664 1399 106 56 non
725 1399 122 56 bene
801 1399 167 56 viuunt,
907 1399 76 56 sua

198 1437 160 65 culpa
305 1437 125 65 non
376 1437 285 65 consequuntur
608 1437 285 65 eleemosynas.
839 1437 89 65 ⁋
857 1437 125 65 Quin-

201 1484 92 52 to
247 1484 200 52 arguitur.
401 1484 154 52 dicunt
508 1484 92 52 se
555 1484 154 52 habere
662 1484 277 52 dispensationem
893 1484 77 52 a
908 1484 62 52 Ro

203 1531 127 56 mano
283 1531 207 56 pontifice
442 1531 96 56 vt
490 1531 175 56 possint
617 1531 255 56 posfessiones
808 1531 175 56 recipere:

189 1572 90 53 &
225 1572 198 53 fratres
369 1572 198 53 minores
513 1572 234 53 pecuniam.
692 1572 144 53 modo
782 1572 144 53 papa
854 1572 126 53 omnia

200 1619 116 49 iura
272 1619 87 49 in
315 1619 159 49 scrinio
431 1619 173 49 pectoris
561 1619 101 49 sui
619 1619 173 49 censetur
749 1619 159 49 habere.
864 1619 87 49 de
893 1619 87 49 con-

206 1660 142 49 stitu.
305 1660 99 49 ca.
362 1660 85 49 i.
404 1660 113 49 lib.
475 1660 99 49 vi.
531 1660 226 49 Respondetur.
715 1660 113 49 male
786 1660 184 49 informant
913 1660 57 49 Ro

196 1709 156 54 manum
299 1709 259 54 pontificem:
507 1709 86 54 &
542 1709 208 54 adducunt
697 1709 190 54 aliquos
818 1709 156 54 sophist

194 1748 110 48 cos
257 1748 173 48 colores
383 1748 110 48 pro
445 1748 110 48 se:
508 1748 110 48 nec
571 1748 157 48 dicunt
681 1748 94 48 de
728 1748 110 48 sua
791 1748 126 48 mala
869 1748 126 48 vita
932 1748 47 48 &

194 1792 150 53 nimia
294 1792 266 53 religiosorum
511 1792 333 53 multiplicatione.
794 1792 133 53 modo
860 1792 117 53 priui

197 1843 163 44 legium
311 1843 114 44 per
376 1843 260 44 surreptionem
587 1843 211 44 obtentum,
749 1843 163 44 vigore
847 1843 130 44 caret.

193 1885 88 57 de
237 1885 177 57 rescrip.
370 1885 103 57 ca.
429 1885 133 57 Super
517 1885 177 57 literis.
650 1885 133 57 Nulli
738 1885 118 57 enim
812 1885 147 57 dubium
900 1885 74 57 est

195 1938 120 50 quin
270 1938 90 50 si
315 1938 120 50 papa
390 1938 225 50 cognosceret
570 1938 105 50 rem
631 1938 150 50 sicuti
736 1938 120 50 est:
811 1938 105 50 non
856 1938 120 50 conce-

192 1974 136 54 deret
282 1974 106 54 eis
343 1974 121 54 haec
418 1974 226 54 priuilegia.
599 1974 106 54 sed
659 1974 121 54 quia
735 1974 151 54 habent
840 1974 90 54 in
870 1974 106 54 curia

185 2018 168 50 Romana
303 2018 185 50 aliquos
438 2018 118 50 pro
505 2018 101 50 se
556 2018 219 50 rogantes,
724 2018 236 50 quaerentes
893 2018 84 50 la-

179 2069 126 53 nam,
258 2069 79 53 &
290 2069 110 53 non
353 2069 173 53 salutem
479 2069 221 53 rogantium:
652 2069 252 53 conceduntur.
857 2069 79 53 ⁋
873 2069 110 53 Sexto

188 2117 214 47 arguitur.
352 2117 99 47 Si
401 2117 164 47 frater
516 2117 148 47 minor
615 2117 197 47 transeat
763 2117 115 47 per
813 2117 164 47 regionem

185 2153 176 63 aliquam
313 2153 96 63 in
361 2153 112 63 qua
425 2153 112 63 non
489 2153 160 63 possit
602 2153 160 63 habere
714 2153 240 63 necessaria:
890 2153 80 63 vbi

172 2201 194 51 aliquis
314 2201 159 51 daret
420 2201 106 51 ei
473 2201 177 51 scutum
596 2201 106 51 ad
649 2201 194 51 emendum
790 2201 177 51 panem,
896 2201 71 51 po

180 2244 123 46 test
257 2244 139 46 illud
349 2244 185 46 accipere
487 2244 92 46 ne
534 2244 123 46 fame
611 2244 169 46 pereat:
734 2244 215 46 necessitas
888 2244 92 46 enim

166 2286 120 45 non
234 2286 154 45 habet
337 2286 171 45 legem.
457 2286 257 45 Confirmatur
662 2286 137 45 haec
748 2286 171 45 ratio.
850 2286 120 45 primo

172 2329 119 60 die
240 2329 119 60 quo
308 2329 186 60 fratres
443 2329 186 60 minores
579 2329 220 60 transeunt
748 2329 102 60 de
782 2329 186 60 Edinburgo

177 2385 98 52 ad
226 2385 212 52 capitulum
389 2385 114 52 per
454 2385 147 52 mare:
552 2385 196 52 magister
699 2385 147 52 nauis
797 2385 163 52 potest
895 2385 82 52 eos

178 2419 134 56 alere
268 2419 89 56 in
312 2419 134 56 naui:
402 2419 149 56 Sortes
506 2419 89 56 in
551 2419 179 56 itinere,
685 2419 134 56 primo
774 2419 104 56 die
819 2419 164 56 egressus:

173 2463 137 61 Plato
264 2463 167 61 secundo
385 2463 121 61 die:
461 2463 152 61 Cicero
567 2463 167 61 tertio.
689 2463 76 61 &
719 2463 106 61 sic
780 2463 182 61 quolibet
901 2463 76 61 die

173 2506 151 52 Romam
274 2506 168 52 vsque.
392 2506 118 52 vel
459 2506 202 52 breuiter
611 2506 185 52 aliquis
745 2506 219 52 opulentus
897 2506 67 52 vi

163 2553 203 53 transiens
320 2553 125 53 alia
398 2553 141 53 causa
492 2553 141 53 Romam
586 2553 156 53 potest
695 2553 110 53 eos
758 2553 141 53 alere
852 2553 94 53 in
883 2553 94 53 iti-

175 2599 145 51 nere.
272 2599 129 51 ergo
352 2599 129 51 pari
433 2599 177 51 ratione
562 2599 177 51 possunt
691 2599 161 51 habere
804 2599 161 51 socium
901 2599 65 51 ha

178 2640 170 49 bentem
297 2640 204 49 pecuniam
450 2640 102 49 ab
501 2640 170 49 aliquo
620 2640 204 49 amicorum
773 2640 187 49 ordinis
892 2640 85 49 qui

181 2685 133 46 omnia
270 2685 207 46 necessaria
432 2685 222 46 ministrabit
610 2685 89 46 in
654 2685 177 46 itinere.
787 2685 74 46 ⁋
816 2685 89 46 Ad
846 2685 118 46 sextum

173 2726 257 76 respondetur.
382 2726 96 76 si
430 2726 161 76 caelum
543 2726 177 76 rueret,
671 2726 145 76 omnia
768 2726 161 76 essent
864 2726 113 76 confu

1048 326 106 59 sa.
1109 326 182 59 conditio
1245 326 137 59 nempe
1337 326 122 59 illa
1413 326 167 59 nunquam
1534 326 167 59 euenit.
1656 326 167 59 nunquid
1762 326 61 59 de

1047 373 193 48 Hibernia
1192 373 177 48 insula,
1321 373 177 48 Scotia,
1450 373 177 48 Anglia,
1578 373 193 48 Norpegia
1707 373 113 48 obser

1044 419 164 45 uantes
1159 419 164 45 vadunt
1274 419 99 45 in
1323 419 181 45 ltaliam
1454 419 115 45 vel
1520 419 214 45 Hispaniam
1685 419 99 45 ad
1717 419 99 45 capi

1046 463 145 58 tulum,
1147 463 73 58 &
1176 463 189 58 transeunt
1321 463 131 58 satis
1408 463 174 58 commode:
1539 463 189 58 Contingit
1684 463 116 58 quod
1756 463 87 58 in

1043 507 155 45 terdum
1152 507 186 45 penuriam
1292 507 217 45 patiantur:
1462 507 124 45 haec
1540 507 124 45 enim
1617 507 109 45 est
1664 507 155 45 inuentio

1042 550 162 51 regulae
1160 550 74 51 &
1190 550 251 51 institutoris.
1397 550 162 51 capiant
1515 550 103 51 pro
1574 550 133 51 primo
1662 550 162 51 ferculo
1766 550 44 51 i

1035 596 191 51 scutella
1178 596 127 51 vnum
1257 596 159 51 gradum
1369 596 238 51 patientiae:
1559 596 111 51 qui
1623 596 191 51 perdice,
1750 596 79 51 spi

1038 641 178 43 rituali
1167 641 129 43 viro
1248 641 113 43 est
1313 641 194 43 dulcior.
1458 641 97 43 Ad
1507 641 291 43 confirmationem
1733 641 81 43 con

1045 685 112 55 cedo
1115 685 112 55 quod
1185 685 84 55 si
1227 685 98 55 diu
1284 685 154 55 maneant
1396 685 84 55 in
1438 685 112 55 naui
1508 685 70 55 /
1536 685 154 55 capiunt
1635 685 182 55 refectionem

1049 727 86 58 in
1092 727 129 58 naui,
1177 727 100 58 vel
1234 727 71 58 a
1263 727 171 58 magistro
1392 727 143 58 nauis,
1491 727 100 58 vel
1549 727 243 58 mercatoribus:
1734 727 86 58 quam

1039 776 109 47 sibi
1108 776 177 47 libentius
1244 776 218 47 impartiuntur
1421 776 109 47 quam
1490 776 109 47 ipsi
1558 776 164 47 capiant.
1681 776 68 47 &
1708 776 96 47 ita
1749 776 68 47 tan

1031 819 161 45 tisper
1144 819 113 45 eis
1208 819 129 45 fiet
1289 819 145 45 quoad
1385 819 129 45 bene
1466 819 161 45 viuant
1578 819 81 45 &
1611 819 113 45 non
1659 819 161 45 amplius.

1037 864 192 58 Christus
1181 864 128 58 enim
1260 864 112 58 qui
1324 864 160 58 pascit
1436 864 128 58 aues
1516 864 96 58 in
1564 864 176 58 campis,
1691 864 112 58 eos
1739 864 80 58 san

1038 910 105 52 cte
1098 910 75 52 &
1128 910 195 52 religiose
1278 910 180 52 viuentes
1413 910 105 52 non
1474 910 165 52 deseret
1594 910 120 52 nisi
1669 910 90 52 se
1699 910 120 52 primum

1043 952 197 44 deserant
1191 952 82 44 &
1224 952 181 44 famulum
1355 952 132 44 suum
1438 952 115 44 qui
1503 952 181 44 ordinem
1619 952 197 44 instituit.

1034 996 111 54 Non
1098 996 143 54 tamen
1193 996 159 54 debent
1305 996 191 54 accipere
1448 996 80 54 a
1480 996 159 54 variis
1591 996 111 54 vel
1655 996 96 54 ab
1703 996 111 54 vno
1750 996 64 54 in

1034 1040 157 52 itinere
1148 1040 100 52 sic
1205 1040 214 52 necessaria:
1377 1040 114 52 quia
1448 1040 100 52 hoc
1505 1040 129 52 esset
1591 1040 86 52 in
1634 1040 157 52 fraudem
1734 1040 71 52 re-

1047 1083 151 58 gulae,
1153 1083 76 58 &
1183 1083 121 58 deus
1258 1083 151 58 tandem
1364 1083 106 58 eos
1424 1083 227 58 negligeret.
1606 1083 166 58 possunt
1711 1083 106 58 tamen

1040 1128 146 49 capere
1143 1128 220 49 refectionem
1318 1128 88 49 ab
1362 1128 102 49 iis
1421 1128 102 49 qui
1479 1128 88 49 in
1523 1128 161 49 itinere
1626 1128 190 49 offeruntur:

1042 1171 72 49 &
1070 1171 201 49 praesumere
1228 1171 115 49 quod
1300 1171 115 49 deus
1371 1171 172 49 dignatus
1501 1171 100 49 est
1558 1171 115 49 sibi
1630 1171 115 49 dare
1701 1171 115 49 hanc
1759 1171 57 49 re

1031 1217 221 53 fectionem,
1205 1217 142 53 sicut
1300 1217 158 53 Heliae
1411 1217 158 53 coruum
1521 1217 111 53 cum
1585 1217 142 53 pane.
1680 1217 79 53 &
1711 1217 95 53 si
1743 1217 79 53 non

1041 1259 146 56 essent
1144 1259 132 56 alii.
1231 1259 205 56 religionem
1392 1259 205 56 foedantes,
1553 1259 73 56 &
1582 1259 175 56 pecuniam
1699 1259 117 56 contre

1032 1304 176 56 ctantes:
1164 1304 132 56 multo
1252 1304 147 56 melius
1355 1304 249 56 tractarentur,
1561 1304 147 56 nescit
1663 1304 117 56 enim
1722 1304 88 56 popu

1039 1354 98 42 lus
1095 1354 197 42 frequenter
1250 1354 84 42 an
1292 1354 112 42 sint
1362 1354 211 42 obseruantes
1531 1354 70 42 /
1559 1354 84 42 an
1601 1354 155 42 fratres
1714 1354 84 42 de
1742 1354 84 42 lar-

1036 1396 100 58 ga
1086 1396 183 58 manica,
1219 1396 100 58 vt
1269 1396 166 58 aiunt.
1386 1396 83 58 ⁋
1419 1396 183 58 Septimo
1552 1396 216 58 arguitur.
1702 1396 116 58 seque

1038 1441 132 62 retur
1126 1441 117 62 quod
1199 1441 190 62 peccarent
1346 1441 146 62 dantes
1448 1441 190 62 fratribus
1594 1441 190 62 minoribus
1726 1441 88 62 pecu

1044 1485 132 48 niam,
1132 1485 191 48 similiter
1279 1485 235 48 possessiones
1470 1485 103 48 eis
1529 1485 88 48 et
1559 1485 264 48 praedicatoribus.

1042 1527 190 51 Distinguo
1189 1527 117 51 quod
1262 1527 205 51 peccarent.
1422 1527 102 51 vel
1481 1527 132 51 illud
1569 1527 146 51 errore
1656 1527 161 51 inuincibi

1043 1570 84 52 li
1085 1570 169 52 putantes
1212 1570 113 52 esse
1282 1570 169 52 licitum:
1409 1570 70 52 &
1437 1570 99 52 sic
1493 1570 127 52 nego.
1578 1570 127 52 multi
1662 1570 141 52 namque
1747 1570 70 52 sim

1049 1620 143 48 plices
1149 1620 171 48 nesciunt
1277 1620 128 48 illud
1362 1620 114 48 esse
1434 1620 185 48 peccatum:
1576 1620 100 48 nec
1633 1620 128 48 scire
1704 1620 100 48 tener

1046 1661 114 60 tur.
1117 1661 86 60 si
1160 1661 114 60 vero
1231 1661 157 60 fuerint
1346 1661 129 60 docti
1431 1661 100 60 hoc
1488 1661 186 60 scientes:
1631 1661 157 60 concedo
1731 1661 86 60 quod

1036 1705 209 60 peccarent
1196 1705 241 60 cooperantes
1389 1705 193 60 scienter
1533 1705 193 60 peccatis
1662 1705 160 60 aliorum.

1035 1750 84 53 ⁋
1069 1750 167 53 Octauo
1186 1750 217 53 arguitur.
1353 1750 184 53 Minores
1486 1750 201 53 marsupia
1620 1750 184 53 replentes

1038 1802 168 46 pecunia
1160 1802 122 46 sunt
1236 1802 122 46 adeo
1312 1802 137 46 docti
1404 1802 92 46 vt
1450 1802 122 46 alii
1526 1802 244 46 obseruantes:
1724 1802 76 46 &
1740 1802 76 46 ver

1032 1836 104 60 bum
1092 1836 104 60 dei
1151 1836 209 60 praedicant
1315 1836 104 60 tam
1375 1836 179 60 vtiliter
1509 1836 119 60 quam
1584 1836 134 60 alii.
1673 1836 119 60 ergo
1733 1836 89 60 sunt

1041 1879 126 52 aeque
1125 1879 140 52 vtiles
1223 1879 210 52 reipublicae
1391 1879 224 52 christianae:
1572 1879 70 52 &
1600 1879 98 52 per
1642 1879 168 52 consequens

1031 1928 176 60 fouendi
1159 1928 128 60 more
1239 1928 192 60 aliorum.
1383 1928 256 60 Respondetur,
1592 1928 176 60 quamuis
1704 1928 112 60 forte

1036 1974 120 49 sint
1111 1974 136 49 aeque
1202 1974 136 49 docti
1292 1974 90 49 in
1337 1974 226 49 speculatiua
1518 1974 196 49 scientia:
1668 1974 75 49 &
1684 1974 120 49 habean

1030 2015 186 58 gratiam
1165 2015 135 58 bene
1250 2015 271 58 concionandi:
1470 2015 118 58 non
1537 2015 152 58 tamen
1622 2015 203 58 praedicant

1042 2061 125 58 sicut
1125 2061 111 58 alii
1194 2061 97 58 qui
1250 2061 125 58 verbo
1333 2061 69 58 &
1360 2061 111 58 vita
1430 2061 152 58 docent.
1540 2061 111 58 isti
1609 2061 125 58 autem
1692 2061 111 58 sibi
1748 2061 69 58 con

1027 2109 200 58 tradicunt.
1184 2109 129 58 verbo
1270 2109 143 58 tatnum
1370 2109 157 58 docent:
1485 2109 100 58 nam
1542 2109 115 58 vita
1614 2109 186 58 repugnat.
1742 2109 72 58 Num

1035 2152 122 58 quid
1111 2152 122 58 apud
1187 2152 214 58 ethnicorum
1355 2152 275 58 sapientissimum
1584 2152 183 58 legisti.
1706 2152 107 58 viii.

1032 2208 102 50 ca.
1091 2208 88 50 x.
1135 2208 205 50 Ethicorum,
1295 2208 161 50 Veritas
1412 2208 132 50 tamen
1500 2208 88 50 in
1544 2208 102 50 iis
1602 2208 117 50 quae
1675 2208 88 50 in
1705 2208 102 50 actio

1025 2237 111 51 nem
1089 2237 191 51 veniunt:
1232 2237 95 51 ex
1279 2237 191 51 operibus
1423 2237 207 51 iudicatur
1581 2237 79 51 &
1613 2237 143 51 vita?
1709 2237 95 51 Et
1740 2237 64 51 to

1037 2282 79 53 to
1076 2282 105 53 illo
1142 2282 105 53 dato
1207 2282 105 53 quod
1273 2282 118 53 aeque
1351 2282 157 53 vtiliter
1469 2282 210 53 praedicarent
1640 2282 79 53 ac
1679 2282 118 53 alii:
1744 2282 66 53 non

1033 2333 157 50 sequitur
1151 2333 105 50 quod
1216 2333 105 50 sint
1282 2333 79 50 in
1321 2333 118 50 statu
1400 2333 157 50 salutis:
1518 2333 118 50 sicut
1596 2333 92 50 nec
1649 2333 157 50 existens
1767 2333 79 50 in

1042 2370 154 61 mortali
1154 2370 112 61 bene
1224 2370 196 61 praedicans
1378 2370 140 61 aliis.
1477 2370 70 61 ⁋
1505 2370 196 61 Epilogando
1659 2370 112 61 dico
1715 2370 84 61 quod

1037 2416 199 58 religiosi
1190 2416 229 58 mendicantes
1373 2416 107 58 non
1434 2416 168 58 possunt
1556 2416 153 58 habere
1663 2416 138 58 agros
1740 2416 76 58 vel

1028 2456 190 68 perpetuos
1174 2456 175 68 redditus
1305 2456 87 68 in
1349 2456 131 68 parte
1437 2456 102 68 vel
1495 2456 87 68 in
1539 2456 131 68 toto:
1626 2456 117 68 nisi
1684 2456 117 68 contir

1031 2504 134 61 geret
1120 2504 119 61 quod
1195 2504 104 61 non
1254 2504 163 61 possent
1373 2504 149 61 viuere
1477 2504 223 61 eleemosynis
1641 2504 163 61 fidelium:

1025 2550 127 52 quod
1104 2550 174 52 nunquam
1231 2550 95 52 vt
1279 2550 158 52 opinor
1389 2550 143 52 adhuc
1484 2550 206 52 contigit.
1643 2550 111 52 nam
1690 2550 111 52 veran

1035 2598 271 55 institutionem
1258 2598 112 55 seu
1322 2598 176 55 regulam
1450 2598 207 55 seruantes
1610 2598 96 55 vt
1657 2598 160 55 vbique
1753 2598 64 55 vi

1035 2642 159 57 demus,
1146 2642 191 57 meliorem
1289 2642 159 57 habent
1400 2642 222 57 portionem:
1575 2642 175 57 templum
1702 2642 79 57 /
1718 2642 95 57 refe

1043 2686 187 58 ctorium,
1184 2686 78 58 &
1215 2686 140 58 omnia
1309 2686 156 58 melius
1418 2686 187 58 extructa
1558 2686 78 58 &
1590 2686 140 58 culta
1683 2686 125 58 quam
1746 2686 62 58 ha

1039 2729 135 67 beant
1129 2729 240 67 irregulares.
1324 2729 165 67 Videmus
1444 2729 105 67 hoc
1504 2729 180 67 Parisiis
1639 2729 105 67 tam
1699 2729 90 67 in
1729 2729 90 67 prae
