2317 3302
197 359 110 105 ⁋
241 359 374 105 Distinctionis
527 359 440 105 Trigesimaeoctauae.

361 440 275 79 Quaestio
545 440 321 79 Decimasexta.

548 508 348 93 Ecimmosexto
826 508 139 93 in
873 508 116 93 hac

557 590 212 61 distinctione
729 590 186 61 quaeritur.
875 590 80 61 An
901 590 80 61 quis

566 636 122 61 ossit
648 636 176 61 profiteri
783 636 189 61 religionem
918 636 68 61 re-

556 678 203 63 inquendo
708 678 203 63 parentum
843 678 152 63 alterum

553 725 92 51 in
599 725 169 51 extrema
722 725 246 51 necessitate.
906 725 77 51 Pro

529 756 210 74 solutione
691 756 243 74 quaestionis
869 756 113 74 ponam

532 813 290 54 conclusiones.
770 813 85 54 ⁋
805 813 153 54 Prima
890 813 102 54 est.

535 852 123 66 Male
612 852 139 66 facit
704 852 154 66 filius
797 852 185 66 religionem

213 904 206 56 profitendo
375 904 74 56 /
405 904 206 56 relinquens
567 904 177 56 parentum
700 904 162 56 aliquem
818 904 88 56 in
847 904 133 56 extrema

198 946 242 59 necessitate.
394 946 181 59 Probatur
530 946 211 59 conclusio,
696 946 106 59 nam
757 946 211 59 succurrere
908 946 75 59 pa-

204 1004 181 47 rentibus
340 1004 91 47 in
385 1004 166 47 extrema
506 1004 227 47 necessitate
687 1004 106 47 est
748 1004 211 47 praeceptum
899 1004 76 47 le-

196 1039 100 54 gis
253 1039 157 54 naturae
367 1039 72 54 &
396 1039 172 54 diuinum.
525 1039 115 54 modo
597 1039 186 54 consilium
740 1039 129 54 istud
826 1039 100 54 non
868 1039 115 54 absol-

205 1091 102 46 uit
264 1091 73 46 a
293 1091 189 46 praecepto
438 1091 160 46 diuino:
554 1091 102 46 nec
612 1091 131 46 facit
699 1091 131 46 ipsum
786 1091 174 46 desinere
902 1091 87 46 esse

204 1130 216 53 praeceptu.
373 1130 77 53 ⁋
404 1130 170 53 Secunda
528 1130 216 53 conclusio.
697 1130 154 53 Filius
790 1130 185 53 religiosus

206 1173 180 50 tenetur
337 1173 213 50 coenobium
500 1173 164 50 egredi
615 1173 98 50 vt
664 1173 229 50 parentibus
828 1173 147 50 aliunde

202 1216 272 55 sustentationem
429 1216 151 55 habere
535 1216 106 55 non
595 1216 212 55 valentibus
761 1216 212 55 succurrat.
913 1216 60 55 Et

200 1264 130 49 quia
281 1264 162 49 Beatus
394 1264 162 49 Thomas
507 1264 97 49 in
556 1264 178 49 secunda
686 1264 210 49 Secundae,
847 1264 81 49 &
864 1264 113 49 Nico-

191 1308 125 56 laus
270 1308 188 56 Lyranus.
410 1308 157 56 Matth.
520 1308 110 56 xv.
583 1308 157 56 tenent
692 1308 172 56 priorem
802 1308 172 56 conclusio

190 1351 105 61 nem
250 1351 75 61 /
280 1351 75 61 &
310 1351 285 61 contradictoriam
550 1351 150 61 huius:
656 1351 135 61 paulo
746 1351 195 61 prolixius
881 1351 90 61 hano

200 1397 160 57 probabo
317 1397 73 57 /
346 1397 102 57 per
404 1397 174 57 expressa
534 1397 131 57 verba
622 1397 160 57 Christi
738 1397 87 57 in
781 1397 131 57 eodem
854 1397 116 57 capite

196 1447 153 50 quibus
303 1447 169 50 glossam
425 1447 169 50 futilem
548 1447 199 50 apponunt.
701 1447 107 50 Cum
763 1447 138 50 illic
839 1447 138 50 scribae

191 1485 69 51 &
219 1485 179 51 pharisaei
357 1485 179 51 arguerent
495 1485 165 51 Christum
619 1485 110 51 quod
688 1485 179 51 discipuli
825 1485 110 51 eius
881 1485 97 51 trans

198 1529 231 56 grederentur
382 1529 231 56 traditiones
567 1529 185 56 seniorum
706 1529 92 56 de
752 1529 92 56 no
798 1529 185 56 lauandis
921 1529 62 56 ma

197 1576 120 52 nibus
277 1576 107 52 ante
344 1576 134 52 cibum:
437 1576 174 52 proposuit
570 1576 93 52 eis
624 1576 214 52 quaestionem:
797 1576 107 52 quam
864 1576 80 52 si
891 1576 80 52 sol-

199 1621 165 52 uissent:
323 1621 110 52 data
391 1621 151 52 fuisset
501 1621 178 52 responsio
638 1621 192 52 quaestioni
789 1621 137 52 eorum:
885 1621 69 52 &
898 1621 69 52 non

199 1665 131 46 sicut
287 1665 174 46 Nicolaus
418 1665 145 46 putat:
519 1665 145 46 clauum
621 1665 131 46 clauo
708 1665 218 46 retundendo.
868 1665 102 46 Quae-

198 1705 135 50 siuit
288 1705 150 50 itaque
393 1705 196 50 Christus,
544 1705 135 50 quare
634 1705 105 50 vos
694 1705 271 50 transgredimini
905 1705 75 50 man

193 1752 126 46 datum
277 1752 98 46 dei
333 1752 154 46 propter
445 1752 210 46 traditionem
612 1752 168 46 vestram:
738 1752 112 46 inam
808 1752 112 46 deus
864 1752 112 46 dixit.

193 1797 147 56 Honora
296 1797 147 56 patrem
400 1797 74 56 &
429 1797 162 56 matrem.
547 1797 103 56 vos
606 1797 133 56 autem
694 1797 177 56 dicitis.
812 1797 162 56 Quicumque

200 1844 155 51 dixerit
313 1844 127 51 patri
397 1844 99 51 vel
453 1844 141 51 matri:
552 1844 127 51 munus
636 1844 197 51 quodcumque
791 1844 99 51 est
847 1844 84 51 ex
890 1844 84 51 me
918 1844 56 51 /-

187 1882 135 55 tibi
271 1882 219 55 proderit:
440 1882 84 55 &
473 1882 118 55 non
541 1882 286 55 honorificabit
776 1882 168 55 patrem
877 1882 101 55 suum

190 1932 122 48 aut
259 1932 174 48 matrem
381 1932 156 48 suam.
485 1932 87 48 &
520 1932 191 48 irritum
658 1932 208 48 fecistis
797 1932 174 48 mandatum

191 1974 109 54 dei
254 1974 171 54 propter
378 1974 233 54 traditionem
564 1974 186 54 vestram.
703 1974 109 54 Hic
765 1974 186 54 expresse
889 1974 78 54 est

195 2016 147 55 sermo
293 2016 98 55 de
342 2016 246 55 succurrendo
538 2016 229 55 parentibus
718 2016 98 55 in
751 2016 213 55 necessitate

195 2062 123 55 quod
271 2062 108 55 est
333 2062 108 55 dei
394 2062 230 55 praeceptum.
579 2062 108 55 sed
640 2062 92 55 vt
686 2062 154 55 glossa
778 2062 200 55 interlinea-

190 2108 97 49 ris
245 2108 166 49 exponit:
370 2108 166 49 dixerunt
494 2108 124 49 auari
577 2108 193 49 pharisaei.
729 2108 83 49 si
770 2108 124 49 filii
839 2108 138 49 offerant

187 2154 118 42 deo
254 2154 118 42 hoc
322 2154 134 42 quod
406 2154 235 42 parentibus
591 2154 202 42 debetur,
742 2154 101 42 id
792 2154 151 42 magis
876 2154 101 42 pro-

183 2197 132 47 derit
271 2197 206 47 parentibus
433 2197 117 47 quam
506 2197 103 47 eis
565 2197 220 47 succurrere:
741 2197 73 47 &
770 2197 132 47 etiam
844 2197 132 47 filiis.

186 2240 122 46 vVbi
262 2240 182 46 Christus
399 2240 137 46 dicit
490 2240 243 46 praeuaricari
687 2240 137 46 legem
779 2240 106 46 dei
824 2240 137 46 propter

183 2285 234 47 traditionem
371 2285 187 47 hominum.
511 2285 109 47 nam
574 2285 172 47 offerre
699 2285 109 47 deo
745 2285 219 47 sacrificium:

174 2330 102 56 est
233 2330 161 56 licitum
350 2330 219 56 communiter:
525 2330 102 56 sed
583 2330 117 56 male
656 2330 102 56 fit
715 2330 131 56 dando
802 2330 131 56 illud
875 2330 88 56 quod

177 2370 120 61 homo
252 2370 165 61 tenetur
372 2370 120 61 dare
447 2370 180 61 parenti:
582 2370 120 61 quia
656 2370 225 61 relinquitur
836 2370 105 61 dei
881 2370 90 61 prae

186 2425 167 51 ceptum.
307 2425 106 51 sic
368 2425 137 51 autem
459 2425 106 51 est
520 2425 91 51 in
565 2425 121 51 casu
641 2425 167 51 nostrae
747 2425 228 51 conclusionis.

182 2463 116 50 Sed
249 2463 166 50 dicis.
365 2463 116 50 hoc
431 2463 149 50 solum
530 2463 215 50 concludit
696 2463 182 50 priorem
812 2463 149 50 conclu-

180 2504 167 50 sionem:
301 2504 122 50 quod
377 2504 182 50 scilicet
514 2504 122 50 ante
590 2504 198 50 ingressum
742 2504 213 50 religionis
894 2504 76 50 bo-

177 2547 97 57 na
225 2547 97 57 si
274 2547 211 57 habeantur
436 2547 146 57 danda
533 2547 130 57 sunt
614 2547 243 57 parentibus:
809 2547 113 57 vel
858 2547 113 57 labo-

177 2601 168 51 randum
295 2601 118 51 est
362 2601 118 51 pro
430 2601 152 51 bonis
531 2601 202 51 habendis
683 2601 101 51 ad
733 2601 118 51 eis
784 2601 185 51 subuenien

180 2637 126 65 dum.
259 2637 126 65 ldeo
338 2637 189 65 probatur
479 2637 157 65 aliter
589 2637 205 65 conclusio
747 2637 126 65 sic.
825 2637 94 65 Si
857 2637 110 65 quis-

178 2687 134 48 piam
262 2687 234 48 premeretur
446 2687 84 48 &
480 2687 285 48 conculcaretur
714 2687 100 48 ab
764 2687 151 48 equo:
848 2687 117 48 reli-

190 2729 142 61 giosus
289 2729 128 61 stans
375 2729 85 61 in
417 2729 128 61 ostio
503 2729 71 61 /
531 2729 142 61 potens
631 2729 85 61 ei
673 2729 199 61 succurrere
830 2729 71 61 /
844 2729 114 61 prohi-

189 2776 144 60 bente
285 2776 160 60 abbate
396 2776 207 60 teneretur
556 2776 223 60 succurrere
732 2776 176 60 presso.
859 2776 112 60 vel
907 2776 64 60 si

1041 375 171 64 claudus
1166 375 109 64 sit
1228 375 93 64 in
1274 375 124 64 domo
1352 375 124 64 quae
1430 375 124 64 igni
1507 375 233 64 consumitur:
1678 375 140 64 religio

1041 423 109 55 sus
1104 423 217 55 succurrere
1274 423 155 55 potens
1383 423 78 55 /
1414 423 217 55 prohibente
1584 423 155 55 abbate
1693 423 93 55 ex
1724 423 93 55 lege

1039 470 183 45 naturae
1173 470 83 45 &
1206 470 117 45 dei
1273 470 100 45 ad
1323 470 117 45 hoc
1389 470 200 45 tenetur.
1540 470 133 45 ergo
1623 470 150 45 eodem
1723 470 133 45 modo

1037 505 95 54 in
1085 505 126 54 casu
1163 505 252 54 conclusionis
1368 505 205 54 secundae.
1526 505 110 54 Non
1589 505 142 54 valet
1668 505 142 54 respon-

1048 553 103 55 sio
1107 553 163 55 Nicolai
1226 553 177 55 dicentis
1359 553 118 55 quod
1433 553 207 55 succurrere
1595 553 207 55 parentibus
1743 553 74 55 est

1060 597 201 57 raeceptum
1214 597 247 57 affirmatiuum
1415 597 77 57 /
1446 597 186 57 obligans
1585 597 108 57 pro
1647 597 124 57 loco
1724 597 77 57 &
1740 597 77 57 tem

1040 651 145 53 pore.
1136 651 129 53 modo
1217 651 129 53 post
1297 651 145 53 votum
1394 651 225 53 religiosis
1571 651 225 53 succurrere
1732 651 80 53 pa-

1048 693 163 51 entibus
1166 693 103 51 est
1226 693 192 51 illicitum
1373 693 74 51 /
1403 693 207 51 prohibente
1566 693 207 51 superiore.
1714 693 103 51 sicut

1042 733 198 53 sacerdoti
1194 733 107 53 non
1255 733 137 53 licet
1346 733 213 53 succurrere
1514 733 137 53 patri
1605 733 107 53 per
1666 733 122 53 vsum
1742 733 107 53 ar-

1046 780 143 48 morum
1142 780 96 48 si
1189 780 96 48 ab
1237 780 191 48 hostibus
1380 780 223 48 inuadatur:
1555 780 127 48 quia
1635 780 111 48 iam
1699 780 111 48 non
1746 780 80 48 est

1044 820 92 57 ei
1090 820 169 57 licitum
1212 820 169 57 pugnare
1335 820 261 57 corporaliter.
1550 820 107 57 Hoc
1611 820 153 57 inquam
1719 820 107 57 non
1765 820 61 57 va

1044 865 126 57 let.
1123 865 110 57 nam
1186 865 220 57 praeceptum
1358 865 251 57 affirmatiuum
1563 865 110 57 pro
1626 865 126 57 loco
1704 865 79 57 &
1720 865 94 57 tem-

1035 910 125 58 pore
1114 910 188 58 obligat:
1254 910 109 58 sed
1317 910 109 58 iam
1379 910 109 58 est
1442 910 141 58 locus
1536 910 78 58 &
1567 910 172 58 tempus:
1692 910 125 58 quia
1754 910 63 58 si

1042 957 279 46 praetermittat,
1274 957 186 46 parentes
1413 957 217 46 morientur.
1584 957 93 46 Et
1630 957 124 46 quod
1692 957 124 46 affert

1037 1005 86 44 de
1080 1005 186 44 sacerdote
1223 1005 72 44 /
1251 1005 100 44 non
1309 1005 129 44 habet
1395 1005 158 44 speciem
1509 1005 129 44 veri:
1595 1005 115 44 quia
1667 1005 143 44 potest
1753 1005 57 44 re

1034 1040 180 56 sistere
1164 1040 163 56 patrem
1278 1040 180 56 iuuando
1409 1040 82 56 &
1442 1040 163 56 contra
1556 1040 163 56 hostem
1654 1040 163 56 defendem

1039 1082 106 62 do:
1099 1082 91 62 ac
1145 1082 91 62 si
1190 1082 136 62 nullo
1281 1082 121 62 modo
1356 1082 136 62 esset
1447 1082 197 62 sacerdos:
1598 1082 106 62 vbi
1659 1082 136 62 pater
1734 1082 76 62 non

1038 1136 159 50 posset
1149 1136 159 50 aliter
1261 1136 191 50 euadere.
1404 1136 159 50 nullum
1515 1136 127 50 enim
1594 1136 223 50 praeceptum
1753 1136 64 50 hu

1032 1182 150 54 manum
1132 1182 100 54 ab
1182 1182 117 54 hoc
1249 1182 200 54 relaxat.
1399 1182 133 54 Dico
1482 1182 133 54 ergo
1565 1182 150 54 sicut
1648 1182 167 54 Christus

1034 1220 207 61 intendebat
1197 1220 148 61 contra
1301 1220 163 61 scribas
1419 1220 74 61 &
1449 1220 222 61 pharisaeos:
1626 1220 118 61 quod
1686 1220 118 61 aposto

1028 1265 93 49 li
1075 1265 217 49 comedentes
1246 1265 171 49 relicta
1370 1265 217 49 traditione
1541 1265 109 49 tam
1603 1265 155 49 crebro
1696 1265 109 49 lauan

1042 1308 90 51 di
1087 1308 134 51 manus
1177 1308 105 51 non
1236 1308 209 51 peccarunt.
1401 1308 105 51 Nam
1460 1308 149 51 Marci.
1565 1308 120 51 vii.
1640 1308 105 51 sic
1684 1308 120 51 scribi

1029 1359 114 50 tur.
1100 1359 186 50 Pharisaei
1243 1359 114 50 enim
1315 1359 72 50 &
1343 1359 129 50 omnes
1429 1359 143 50 iudaei
1529 1359 129 50 inisi
1615 1359 143 50 crebro
1701 1359 100 50 laue-

1024 1402 119 45 rint
1098 1402 134 45 manus
1187 1402 119 45 suas
1262 1402 74 45 /
1291 1402 104 45 non
1351 1402 208 45 manducant.
1514 1402 119 45 quod
1588 1402 89 45 Et
1633 1402 163 45 peccant
1737 1402 74 45 deo

1038 1443 208 51 offerentes
1201 1443 134 51 (nisi
1290 1443 208 51 occurreret
1454 1443 223 51 praeceptum)
1632 1443 104 51 non
1676 1443 134 51 succur-

1028 1488 152 64 rendo
1129 1488 253 64 parentibus.
1331 1488 118 64 Sic
1399 1488 236 64 relinquens
1584 1488 202 64 parentes
1719 1488 101 64 fame

1029 1530 207 54 morituros
1188 1530 128 54 ante
1268 1530 223 54 religionis
1443 1530 255 54 professionem
1651 1530 112 54 vel
1698 1530 112 54 post,

1034 1579 190 55 propter
1172 1579 155 55 votum
1276 1579 173 55 sponte
1396 1579 190 55 emissum
1535 1579 86 55 &
1569 1579 190 55 hominum
1690 1579 121 55 tradi

1023 1621 171 54 tiones,
1148 1621 140 54 legem
1241 1621 109 54 dei
1303 1621 264 54 transgreditur
1521 1621 93 54 de
1567 1621 218 54 parentibus
1738 1621 109 54 ho-

1029 1667 198 43 norandis.
1181 1667 76 43 &
1212 1667 153 43 egredi
1319 1667 183 43 coenobio
1456 1667 137 43 etiam
1548 1667 153 43 abbate
1639 1667 168 43 prohiben-

1030 1708 84 54 te
1072 1708 70 54 /
1100 1708 98 54 non
1156 1708 98 54 est
1212 1708 182 54 peccatum.
1353 1708 126 54 sicut
1437 1708 168 54 apostoli
1563 1708 98 54 non
1620 1708 182 54 peccabant
1746 1708 56 54 re

1030 1750 217 63 linquendo
1197 1750 251 63 traditiones
1381 1750 184 63 seniorum.

1026 1794 126 85 ⁋
1076 1794 252 85 Contra
1253 1794 302 85 secundam
1454 1794 353 85 conclusionem

1029 1871 196 58 arguitur
1175 1871 212 58 argumento
1338 1871 163 58 altero
1452 1871 293 58 commentatoris,
1697 1871 114 58 seu
1746 1871 65 58 vt

1028 1919 159 58 dicunt
1139 1919 286 58 postillatoris.
1378 1919 223 58 Contrahens
1553 1919 238 58 matrimonium
1728 1919 79 58 non

1024 1955 176 52 tenetur
1152 1955 224 52 cohabitare
1328 1955 112 52 cum
1392 1955 160 52 patre,
1504 1955 176 52 propter
1632 1955 144 52 aliud
1712 1955 96 52 vin-

1034 1999 144 63 culum
1130 1999 112 63 quo
1194 1999 208 63 obligatur
1354 1999 160 63 vxori.
1465 1999 128 63 ergo
1545 1999 144 63 neque
1641 1999 112 63 per
1689 1999 128 63 profes

1031 2045 156 63 sionem
1141 2045 78 63 a
1172 2045 203 63 fortiori.
1328 2045 125 63 ltem
1406 2045 172 63 arguunt
1530 2045 172 63 aliqui.
1655 2045 140 63 maius
1733 2045 78 63 est

1029 2094 197 47 vinculum
1176 2094 115 47 deo
1242 2094 164 47 factum
1356 2094 131 47 quam
1438 2094 246 47 parentibus.
1635 2094 148 47 votum
1717 2094 82 47 est

1032 2135 101 63 deo
1089 2135 158 63 factum.
1204 2135 158 63 igitur.
1320 2135 72 63 ⁋
1348 2135 86 63 Ad
1392 2135 144 63 primum
1493 2135 158 63 dicitur
1608 2135 115 63 quod
1665 2135 130 63 potest:

1030 2180 220 58 subuenire
1199 2180 152 58 patri
1301 2180 254 58 cohabitando
1504 2180 119 58 cum
1572 2180 169 58 vxore.
1690 2180 102 58 Ad
1724 2180 85 58 se-

1022 2229 170 47 cundum
1141 2229 136 47 nego
1226 2229 136 47 quod
1310 2229 119 47 sit
1378 2229 203 47 vinculum
1531 2229 119 47 deo
1599 2229 187 47 factum:
1717 2229 85 47 cum

1029 2266 106 61 sit
1090 2266 152 61 contra
1196 2266 213 61 praeceptum
1363 2266 106 61 dei
1424 2266 76 61 /
1454 2266 106 61 non
1515 2266 198 61 subuenire
1652 2266 152 61 parenti-

1026 2312 125 51 bus:
1105 2312 109 51 nec
1167 2312 141 51 votum
1261 2312 109 51 est
1323 2312 94 51 ad
1370 2312 219 51 oppositum.
1542 2312 141 51 Nihil
1636 2312 109 51 est
1683 2312 109 51 dice-

1027 2357 105 58 re,
1087 2357 209 58 praeceptum
1251 2357 90 58 de
1296 2357 120 58 voto
1371 2357 105 58 est
1430 2357 90 58 de
1475 2357 134 58 prima
1565 2357 164 58 tabula:
1670 2357 134 58 subueni

1025 2399 95 49 re
1073 2399 143 49 autem
1168 2399 223 49 parentibus
1343 2399 95 49 de
1391 2399 191 49 secunda.
1534 2399 127 49 quia
1613 2399 175 49 dicimus
1725 2399 79 49 vo-

1017 2442 102 59 tum
1076 2442 102 59 non
1134 2442 117 59 esse
1207 2442 234 59 obligatorium
1397 2442 88 59 in
1441 2442 102 59 hoc
1500 2442 132 59 casu.
1587 2442 102 59 Nec
1646 2442 146 59 valet.
1734 2442 58 59 di

1024 2491 128 58 cere:
1109 2491 100 58 non
1166 2491 128 58 habet
1251 2491 199 58 voluntatem
1408 2491 71 58 /
1436 2491 100 58 cum
1493 2491 100 58 sit
1550 2491 213 58 religiosus.
1707 2491 85 58 quia

1020 2531 134 62 adhuc
1109 2531 194 62 praecepta
1258 2531 194 62 ecclesiae
1407 2531 164 62 tenetur
1526 2531 164 62 seruare
1630 2531 179 62 prohibente

1028 2577 157 68 abbate.
1142 2577 114 68 ergo
1213 2577 71 68 a
1241 2577 171 68 fortiori
1369 2577 185 68 praecepta
1498 2577 85 68 dei.

1012 2623 118 72 ⁋
1059 2623 235 72 Contra
1223 2623 235 72 eandem
1388 2623 376 72 conclusionem
1670 2623 118 72 ar-

1021 2682 154 61 guitur.
1133 2682 84 61 Ex
1175 2682 84 61 ea
1217 2682 168 61 sequitur
1343 2682 112 61 quod
1414 2682 140 61 filius
1512 2682 98 61 non
1568 2682 154 61 tenetur
1666 2682 126 61 profite

1018 2742 92 44 ri
1064 2742 215 44 religionem
1233 2742 154 44 quando
1341 2742 185 44 parentes
1479 2742 123 44 sunt
1556 2742 169 44 tristes
1679 2742 92 44 de
1710 2742 92 44 eius

1011 2777 242 63 professione:
1208 2777 106 63 sic
1268 2777 182 63 scilicet
1404 2777 91 63 vt
1450 2777 197 63 affirment
1601 2777 91 63 se
1631 2777 167 63 morituros
