<?xml version="1.0" encoding="UTF-8"?>
<alto xmlns:xsi="http://www.w3.org/2001/XMLSchema-instance"
      xmlns="http://www.loc.gov/standards/alto/ns-v2#"
      xmlns:page="http://schema.primaresearch.org/PAGE/gts/pagecontent/2013-07-15"
      xsi:schemaLocation="http://www.loc.gov/standards/alto/ns-v2# http://www.loc.gov/standards/alto/alto.xsd">
   <Description>
      <MeasurementUnit>pixel</MeasurementUnit>
      <OCRProcessing ID="IdOcr">
         <ocrProcessingStep>
            <processingDateTime>2020-06-19T10:10:37.299-04:00</processingDateTime>
            <processingSoftware>
               <softwareCreator>READ COOP</softwareCreator>
               <softwareName>Transkribus</softwareName>
            </processingSoftware>
         </ocrProcessingStep>
      </OCRProcessing>
   </Description>
   <Tags/>
   <Layout>
      <Page ID="Page1" PHYSICAL_IMG_NR="1" HEIGHT="3306" WIDTH="2340">
         <TopMargin HEIGHT="0" WIDTH="2340" VPOS="0" HPOS="0"/>
         <LeftMargin HEIGHT="3306" WIDTH="0" VPOS="0" HPOS="0"/>
         <RightMargin HEIGHT="3306" WIDTH="0" VPOS="0" HPOS="2340"/>
         <BottomMargin HEIGHT="0" WIDTH="2340" VPOS="3306" HPOS="0"/>
         <PrintSpace HEIGHT="3306" WIDTH="2340" VPOS="0" HPOS="0">
            <TextBlock ID="TextRegion_1592249025566_1182"
                       HEIGHT="2525"
                       WIDTH="810"
                       VPOS="284"
                       HPOS="491">
               <Shape>
                  <Polygon POINTS="491,284 1301,284 1301,2809 491,2809"/>
               </Shape>
               <TextLine ID="r1l3"
                         BASELINE="417"
                         HEIGHT="67"
                         WIDTH="773"
                         VPOS="350"
                         HPOS="485">
                  <String HEIGHT="67" WIDTH="89" VPOS="350" HPOS="470" CONTENT="si"/>
                  <SP HEIGHT="67" WIDTH="15" VPOS="350" HPOS="559"/>
                  <String HEIGHT="67"
                          WIDTH="149"
                          VPOS="350"
                          HPOS="515"
                          CONTENT="filius"/>
                  <SP HEIGHT="67" WIDTH="15" VPOS="350" HPOS="663"/>
                  <String HEIGHT="67"
                          WIDTH="193"
                          VPOS="350"
                          HPOS="619"
                          CONTENT="coenobium"/>
                  <SP HEIGHT="67" WIDTH="15" VPOS="350" HPOS="812"/>
                  <String HEIGHT="67"
                          WIDTH="238"
                          VPOS="350"
                          HPOS="767"
                          CONTENT="ingrediatur."/>
                  <SP HEIGHT="67" WIDTH="15" VPOS="350" HPOS="1005"/>
                  <String HEIGHT="67"
                          WIDTH="208"
                          VPOS="350"
                          HPOS="961"
                          CONTENT="consequens"/>
                  <SP HEIGHT="67" WIDTH="15" VPOS="350" HPOS="1169"/>
                  <String HEIGHT="67"
                          WIDTH="104"
                          VPOS="350"
                          HPOS="1124"
                          CONTENT="est"/>
                  <SP HEIGHT="67" WIDTH="15" VPOS="350" HPOS="1228"/>
                  <String HEIGHT="67"
                          WIDTH="89"
                          VPOS="350"
                          HPOS="1169"
                          CONTENT="fal"
                          SUBS_TYPE="HypPart1"
                          SUBS_CONTENT="falsum."/>
                  <HYP CONTENT="-"/>
               </TextLine>
               <TextLine ID="r1l5"
                         BASELINE="464"
                         HEIGHT="60"
                         WIDTH="763"
                         VPOS="404"
                         HPOS="490">
                  <String HEIGHT="60"
                          WIDTH="133"
                          VPOS="404"
                          HPOS="473"
                          CONTENT="sum."
                          SUBS_TYPE="HypPart2"
                          SUBS_CONTENT="falsum."/>
                  <SP HEIGHT="60" WIDTH="17" VPOS="404" HPOS="606"/>
                  <String HEIGHT="60"
                          WIDTH="199"
                          VPOS="404"
                          HPOS="556"
                          CONTENT="alioquin"/>
                  <SP HEIGHT="60" WIDTH="17" VPOS="404" HPOS="755"/>
                  <String HEIGHT="60"
                          WIDTH="149"
                          VPOS="404"
                          HPOS="706"
                          CONTENT="multi"/>
                  <SP HEIGHT="60" WIDTH="17" VPOS="404" HPOS="855"/>
                  <String HEIGHT="60" WIDTH="83" VPOS="404" HPOS="805" CONTENT="a"/>
                  <SP HEIGHT="60" WIDTH="17" VPOS="404" HPOS="888"/>
                  <String HEIGHT="60"
                          WIDTH="216"
                          VPOS="404"
                          HPOS="838"
                          CONTENT="religione"/>
                  <SP HEIGHT="60" WIDTH="17" VPOS="404" HPOS="1054"/>
                  <String HEIGHT="60"
                          WIDTH="265"
                          VPOS="404"
                          HPOS="988"
                          CONTENT="prohiberentur."/>
               </TextLine>
               <TextLine ID="r1l7"
                         BASELINE="509"
                         HEIGHT="57"
                         WIDTH="756"
                         VPOS="452"
                         HPOS="497">
                  <String HEIGHT="57" WIDTH="71" VPOS="452" HPOS="483" CONTENT="⁋"/>
                  <SP HEIGHT="57" WIDTH="14" VPOS="452" HPOS="554"/>
                  <String HEIGHT="57"
                          WIDTH="214"
                          VPOS="452"
                          HPOS="511"
                          CONTENT="Respondetur"/>
                  <SP HEIGHT="57" WIDTH="14" VPOS="452" HPOS="725"/>
                  <String HEIGHT="57"
                          WIDTH="157"
                          VPOS="452"
                          HPOS="682"
                          CONTENT="negando"/>
                  <SP HEIGHT="57" WIDTH="14" VPOS="452" HPOS="839"/>
                  <String HEIGHT="57"
                          WIDTH="185"
                          VPOS="452"
                          HPOS="797"
                          CONTENT="sequelam."/>
                  <SP HEIGHT="57" WIDTH="14" VPOS="452" HPOS="982"/>
                  <String HEIGHT="57"
                          WIDTH="114"
                          VPOS="452"
                          HPOS="939"
                          CONTENT="illa"/>
                  <SP HEIGHT="57" WIDTH="14" VPOS="452" HPOS="1053"/>
                  <String HEIGHT="57"
                          WIDTH="143"
                          VPOS="452"
                          HPOS="1011"
                          CONTENT="namque"/>
                  <SP HEIGHT="57" WIDTH="14" VPOS="452" HPOS="1153"/>
                  <String HEIGHT="57"
                          WIDTH="157"
                          VPOS="452"
                          HPOS="1096"
                          CONTENT="tristitia"/>
               </TextLine>
               <TextLine ID="r1l9"
                         BASELINE="549"
                         HEIGHT="56"
                         WIDTH="767"
                         VPOS="493"
                         HPOS="489">
                  <String HEIGHT="56" WIDTH="89" VPOS="493" HPOS="474" CONTENT="in"/>
                  <SP HEIGHT="56" WIDTH="15" VPOS="493" HPOS="563"/>
                  <String HEIGHT="56"
                          WIDTH="162"
                          VPOS="493"
                          HPOS="519"
                          CONTENT="gaudium"/>
                  <SP HEIGHT="56" WIDTH="15" VPOS="493" HPOS="681"/>
                  <String HEIGHT="56"
                          WIDTH="148"
                          VPOS="493"
                          HPOS="637"
                          CONTENT="tandem"/>
                  <SP HEIGHT="56" WIDTH="15" VPOS="493" HPOS="784"/>
                  <String HEIGHT="56"
                          WIDTH="236"
                          VPOS="493"
                          HPOS="740"
                          CONTENT="convertetur."/>
                  <SP HEIGHT="56" WIDTH="15" VPOS="493" HPOS="976"/>
                  <String HEIGHT="56" WIDTH="89" VPOS="493" HPOS="932" CONTENT="id"/>
                  <SP HEIGHT="56" WIDTH="15" VPOS="493" HPOS="1020"/>
                  <String HEIGHT="56"
                          WIDTH="118"
                          VPOS="493"
                          HPOS="976"
                          CONTENT="enim"/>
                  <SP HEIGHT="56" WIDTH="15" VPOS="493" HPOS="1094"/>
                  <String HEIGHT="56"
                          WIDTH="192"
                          VPOS="493"
                          HPOS="1050"
                          CONTENT="plerumque"/>
                  <SP HEIGHT="56" WIDTH="15" VPOS="493" HPOS="1241"/>
                  <String HEIGHT="56"
                          WIDTH="74"
                          VPOS="493"
                          HPOS="1182"
                          CONTENT="vi"
                          SUBS_TYPE="HypPart1"
                          SUBS_CONTENT="visum"/>
                  <HYP CONTENT="-"/>
               </TextLine>
               <TextLine ID="r1l11"
                         BASELINE="601"
                         HEIGHT="65"
                         WIDTH="758"
                         VPOS="536"
                         HPOS="495">
                  <String HEIGHT="65"
                          WIDTH="96"
                          VPOS="536"
                          HPOS="481"
                          CONTENT="sum"
                          SUBS_TYPE="HypPart2"
                          SUBS_CONTENT="visum"/>
                  <SP HEIGHT="65" WIDTH="14" VPOS="536" HPOS="578"/>
                  <String HEIGHT="65"
                          WIDTH="110"
                          VPOS="536"
                          HPOS="536"
                          CONTENT="est."/>
                  <SP HEIGHT="65" WIDTH="14" VPOS="536" HPOS="647"/>
                  <String HEIGHT="65" WIDTH="69" VPOS="536" HPOS="605" CONTENT="&amp;"/>
                  <SP HEIGHT="65" WIDTH="14" VPOS="536" HPOS="674"/>
                  <String HEIGHT="65"
                          WIDTH="124"
                          VPOS="536"
                          HPOS="633"
                          CONTENT="licer"/>
                  <SP HEIGHT="65" WIDTH="14" VPOS="536" HPOS="757"/>
                  <String HEIGHT="65"
                          WIDTH="138"
                          VPOS="536"
                          HPOS="716"
                          CONTENT="dicant"/>
                  <SP HEIGHT="65" WIDTH="14" VPOS="536" HPOS="853"/>
                  <String HEIGHT="65" WIDTH="83" VPOS="536" HPOS="812" CONTENT="se"/>
                  <SP HEIGHT="65" WIDTH="14" VPOS="536" HPOS="895"/>
                  <String HEIGHT="65"
                          WIDTH="234"
                          VPOS="536"
                          HPOS="853"
                          CONTENT="praetristitia"/>
                  <SP HEIGHT="65" WIDTH="14" VPOS="536" HPOS="1088"/>
                  <String HEIGHT="65"
                          WIDTH="193"
                          VPOS="536"
                          HPOS="1046"
                          CONTENT="morituros:"/>
                  <SP HEIGHT="65" WIDTH="14" VPOS="536" HPOS="1239"/>
                  <String HEIGHT="65" WIDTH="69" VPOS="536" HPOS="1184" CONTENT="non"/>
               </TextLine>
               <TextLine ID="r1l13"
                         BASELINE="640"
                         HEIGHT="45"
                         WIDTH="748"
                         VPOS="595"
                         HPOS="498">
                  <String HEIGHT="45"
                          WIDTH="201"
                          VPOS="595"
                          HPOS="484"
                          CONTENT="consequens"/>
                  <SP HEIGHT="45" WIDTH="14" VPOS="595" HPOS="685"/>
                  <String HEIGHT="45" WIDTH="101" VPOS="595" HPOS="642" CONTENT="est"/>
                  <SP HEIGHT="45" WIDTH="14" VPOS="595" HPOS="743"/>
                  <String HEIGHT="45"
                          WIDTH="115"
                          VPOS="595"
                          HPOS="699"
                          CONTENT="quod"/>
                  <SP HEIGHT="45" WIDTH="14" VPOS="595" HPOS="814"/>
                  <String HEIGHT="45"
                          WIDTH="201"
                          VPOS="595"
                          HPOS="771"
                          CONTENT="morientur:"/>
                  <SP HEIGHT="45" WIDTH="14" VPOS="595" HPOS="973"/>
                  <String HEIGHT="45" WIDTH="101" VPOS="595" HPOS="930" CONTENT="nec"/>
                  <SP HEIGHT="45" WIDTH="14" VPOS="595" HPOS="1030"/>
                  <String HEIGHT="45" WIDTH="101" VPOS="595" HPOS="987" CONTENT="eis"/>
                  <SP HEIGHT="45" WIDTH="14" VPOS="595" HPOS="1088"/>
                  <String HEIGHT="45" WIDTH="86" VPOS="595" HPOS="1045" CONTENT="in"/>
                  <SP HEIGHT="45" WIDTH="14" VPOS="595" HPOS="1131"/>
                  <String HEIGHT="45"
                          WIDTH="115"
                          VPOS="595"
                          HPOS="1088"
                          CONTENT="illo"/>
                  <SP HEIGHT="45" WIDTH="14" VPOS="595" HPOS="1203"/>
                  <String HEIGHT="45"
                          WIDTH="101"
                          VPOS="595"
                          HPOS="1145"
                          CONTENT="dicto"/>
               </TextLine>
               <TextLine ID="r1l15"
                         BASELINE="683"
                         HEIGHT="57"
                         WIDTH="753"
                         VPOS="626"
                         HPOS="497">
                  <String HEIGHT="57" WIDTH="110" VPOS="626" HPOS="481" CONTENT="est"/>
                  <SP HEIGHT="57" WIDTH="16" VPOS="626" HPOS="591"/>
                  <String HEIGHT="57"
                          WIDTH="220"
                          VPOS="626"
                          HPOS="544"
                          CONTENT="credendum:"/>
                  <SP HEIGHT="57" WIDTH="16" VPOS="626" HPOS="764"/>
                  <String HEIGHT="57"
                          WIDTH="141"
                          VPOS="626"
                          HPOS="717"
                          CONTENT="quiam"/>
                  <SP HEIGHT="57" WIDTH="16" VPOS="626" HPOS="858"/>
                  <String HEIGHT="57"
                          WIDTH="141"
                          VPOS="626"
                          HPOS="811"
                          CONTENT="pauci"/>
                  <SP HEIGHT="57" WIDTH="16" VPOS="626" HPOS="952"/>
                  <String HEIGHT="57" WIDTH="110" VPOS="626" HPOS="905" CONTENT="vel"/>
                  <SP HEIGHT="57" WIDTH="16" VPOS="626" HPOS="1015"/>
                  <String HEIGHT="57"
                          WIDTH="141"
                          VPOS="626"
                          HPOS="968"
                          CONTENT="nulli"/>
                  <SP HEIGHT="57" WIDTH="16" VPOS="626" HPOS="1109"/>
                  <String HEIGHT="57"
                          WIDTH="110"
                          VPOS="626"
                          HPOS="1062"
                          CONTENT="hoc"/>
                  <SP HEIGHT="57" WIDTH="16" VPOS="626" HPOS="1172"/>
                  <String HEIGHT="57"
                          WIDTH="126"
                          VPOS="626"
                          HPOS="1125"
                          CONTENT="modo"/>
                  <SP HEIGHT="57" WIDTH="16" VPOS="626" HPOS="1250"/>
                  <String HEIGHT="57" WIDTH="63" VPOS="626" HPOS="1187" CONTENT="mo"/>
               </TextLine>
               <TextLine ID="r1l17"
                         BASELINE="727"
                         HEIGHT="57"
                         WIDTH="771"
                         VPOS="670"
                         HPOS="494">
                  <String HEIGHT="57"
                          WIDTH="171"
                          VPOS="670"
                          HPOS="480"
                          CONTENT="riuntur."/>
                  <SP HEIGHT="57" WIDTH="14" VPOS="670" HPOS="651"/>
                  <String HEIGHT="57" WIDTH="86" VPOS="670" HPOS="608" CONTENT="Si"/>
                  <SP HEIGHT="57" WIDTH="14" VPOS="670" HPOS="694"/>
                  <String HEIGHT="57"
                          WIDTH="129"
                          VPOS="670"
                          HPOS="651"
                          CONTENT="tamen"/>
                  <SP HEIGHT="57" WIDTH="14" VPOS="670" HPOS="780"/>
                  <String HEIGHT="57"
                          WIDTH="157"
                          VPOS="670"
                          HPOS="737"
                          CONTENT="praeter"/>
                  <SP HEIGHT="57" WIDTH="14" VPOS="670" HPOS="894"/>
                  <String HEIGHT="57"
                          WIDTH="129"
                          VPOS="670"
                          HPOS="851"
                          CONTENT="legem"/>
                  <SP HEIGHT="57" WIDTH="14" VPOS="670" HPOS="979"/>
                  <String HEIGHT="57" WIDTH="86" VPOS="670" HPOS="937" CONTENT="ei"/>
                  <SP HEIGHT="57" WIDTH="14" VPOS="670" HPOS="1022"/>
                  <String HEIGHT="57"
                          WIDTH="214"
                          VPOS="670"
                          HPOS="979"
                          CONTENT="reuelaretur"/>
                  <SP HEIGHT="57" WIDTH="14" VPOS="670" HPOS="1194"/>
                  <String HEIGHT="57"
                          WIDTH="114"
                          VPOS="670"
                          HPOS="1151"
                          CONTENT="quod"/>
                  <SP HEIGHT="57" WIDTH="14" VPOS="670" HPOS="1265"/>
                  <String HEIGHT="57" WIDTH="57" VPOS="670" HPOS="1208" CONTENT="pa"/>
               </TextLine>
               <TextLine ID="r1l19"
                         BASELINE="771"
                         HEIGHT="53"
                         WIDTH="760"
                         VPOS="718"
                         HPOS="493">
                  <String HEIGHT="53"
                          WIDTH="155"
                          VPOS="718"
                          HPOS="477"
                          CONTENT="rentum"/>
                  <SP HEIGHT="53" WIDTH="16" VPOS="718" HPOS="633"/>
                  <String HEIGHT="53"
                          WIDTH="140"
                          VPOS="718"
                          HPOS="586"
                          CONTENT="alter"/>
                  <SP HEIGHT="53" WIDTH="16" VPOS="718" HPOS="726"/>
                  <String HEIGHT="53"
                          WIDTH="202"
                          VPOS="718"
                          HPOS="679"
                          CONTENT="moriturus"/>
                  <SP HEIGHT="53" WIDTH="16" VPOS="718" HPOS="881"/>
                  <String HEIGHT="53" WIDTH="109" VPOS="718" HPOS="834" CONTENT="sit"/>
                  <SP HEIGHT="53" WIDTH="16" VPOS="718" HPOS="943"/>
                  <String HEIGHT="53" WIDTH="93" VPOS="718" HPOS="896" CONTENT="si"/>
                  <SP HEIGHT="53" WIDTH="16" VPOS="718" HPOS="989"/>
                  <String HEIGHT="53"
                          WIDTH="217"
                          VPOS="718"
                          HPOS="943"
                          CONTENT="religionem"/>
                  <SP HEIGHT="53" WIDTH="16" VPOS="718" HPOS="1160"/>
                  <String HEIGHT="53"
                          WIDTH="155"
                          VPOS="718"
                          HPOS="1098"
                          CONTENT="assumat:"/>
               </TextLine>
               <TextLine ID="r1l21"
                         BASELINE="817"
                         HEIGHT="52"
                         WIDTH="751"
                         VPOS="765"
                         HPOS="504">
                  <String HEIGHT="52" WIDTH="97" VPOS="765" HPOS="490" CONTENT="lam"/>
                  <SP HEIGHT="52" WIDTH="14" VPOS="765" HPOS="587"/>
                  <String HEIGHT="52" WIDTH="97" VPOS="765" HPOS="546" CONTENT="est"/>
                  <SP HEIGHT="52" WIDTH="14" VPOS="765" HPOS="643"/>
                  <String HEIGHT="52"
                          WIDTH="153"
                          VPOS="765"
                          HPOS="601"
                          CONTENT="euentus"/>
                  <SP HEIGHT="52" WIDTH="14" VPOS="765" HPOS="754"/>
                  <String HEIGHT="52"
                          WIDTH="236"
                          VPOS="765"
                          HPOS="713"
                          CONTENT="conclusionis."/>
                  <SP HEIGHT="52" WIDTH="14" VPOS="765" HPOS="949"/>
                  <String HEIGHT="52" WIDTH="97" VPOS="765" HPOS="907" CONTENT="Nec"/>
                  <SP HEIGHT="52" WIDTH="14" VPOS="765" HPOS="1005"/>
                  <String HEIGHT="52"
                          WIDTH="181"
                          VPOS="765"
                          HPOS="963"
                          CONTENT="tristitia"/>
                  <SP HEIGHT="52" WIDTH="14" VPOS="765" HPOS="1144"/>
                  <String HEIGHT="52"
                          WIDTH="125"
                          VPOS="765"
                          HPOS="1102"
                          CONTENT="diuae"/>
                  <SP HEIGHT="52" WIDTH="14" VPOS="765" HPOS="1227"/>
                  <String HEIGHT="52"
                          WIDTH="83"
                          VPOS="765"
                          HPOS="1172"
                          CONTENT="vir"
                          SUBS_TYPE="HypPart1"
                          SUBS_CONTENT="virgins"/>
                  <HYP CONTENT="-"/>
               </TextLine>
               <TextLine ID="r1l22"
                         BASELINE="868"
                         HEIGHT="54"
                         WIDTH="754"
                         VPOS="814"
                         HPOS="498">
                  <String HEIGHT="54"
                          WIDTH="126"
                          VPOS="814"
                          HPOS="482"
                          CONTENT="gins"
                          SUBS_TYPE="HypPart2"
                          SUBS_CONTENT="virgins"/>
                  <SP HEIGHT="54" WIDTH="16" VPOS="814" HPOS="608"/>
                  <String HEIGHT="54"
                          WIDTH="173"
                          VPOS="814"
                          HPOS="561"
                          CONTENT="tempore"/>
                  <SP HEIGHT="54" WIDTH="16" VPOS="814" HPOS="734"/>
                  <String HEIGHT="54"
                          WIDTH="204"
                          VPOS="814"
                          HPOS="687"
                          CONTENT="passionis"/>
                  <SP HEIGHT="54" WIDTH="16" VPOS="814" HPOS="891"/>
                  <String HEIGHT="54" WIDTH="110" VPOS="814" HPOS="844" CONTENT="hoc"/>
                  <SP HEIGHT="54" WIDTH="16" VPOS="814" HPOS="954"/>
                  <String HEIGHT="54"
                          WIDTH="126"
                          VPOS="814"
                          HPOS="906"
                          CONTENT="loco"/>
                  <SP HEIGHT="54" WIDTH="16" VPOS="814" HPOS="1032"/>
                  <String HEIGHT="54"
                          WIDTH="173"
                          VPOS="814"
                          HPOS="985"
                          CONTENT="citanda"/>
                  <SP HEIGHT="54" WIDTH="16" VPOS="814" HPOS="1158"/>
                  <String HEIGHT="54"
                          WIDTH="126"
                          VPOS="814"
                          HPOS="1111"
                          CONTENT="est."/>
                  <SP HEIGHT="54" WIDTH="16" VPOS="814" HPOS="1236"/>
                  <String HEIGHT="54" WIDTH="79" VPOS="814" HPOS="1173" CONTENT="tum"/>
               </TextLine>
               <TextLine ID="r1l24"
                         BASELINE="912"
                         HEIGHT="58"
                         WIDTH="758"
                         VPOS="854"
                         HPOS="507">
                  <String HEIGHT="58"
                          WIDTH="119"
                          VPOS="854"
                          HPOS="492"
                          CONTENT="quod"/>
                  <SP HEIGHT="58" WIDTH="15" VPOS="854" HPOS="611"/>
                  <String HEIGHT="58"
                          WIDTH="178"
                          VPOS="854"
                          HPOS="566"
                          CONTENT="Christus"/>
                  <SP HEIGHT="58" WIDTH="15" VPOS="854" HPOS="745"/>
                  <String HEIGHT="58"
                          WIDTH="163"
                          VPOS="854"
                          HPOS="700"
                          CONTENT="salutem"/>
                  <SP HEIGHT="58" WIDTH="15" VPOS="854" HPOS="864"/>
                  <String HEIGHT="58"
                          WIDTH="178"
                          VPOS="854"
                          HPOS="819"
                          CONTENT="publicam"/>
                  <SP HEIGHT="58" WIDTH="15" VPOS="854" HPOS="997"/>
                  <String HEIGHT="58"
                          WIDTH="149"
                          VPOS="854"
                          HPOS="953"
                          CONTENT="humani"/>
                  <SP HEIGHT="58" WIDTH="15" VPOS="854" HPOS="1102"/>
                  <String HEIGHT="58"
                          WIDTH="163"
                          VPOS="854"
                          HPOS="1057"
                          CONTENT="generis"/>
                  <SP HEIGHT="58" WIDTH="15" VPOS="854" HPOS="1220"/>
                  <String HEIGHT="58"
                          WIDTH="104"
                          VPOS="854"
                          HPOS="1161"
                          CONTENT="egit."/>
               </TextLine>
               <TextLine ID="r1l26"
                         BASELINE="951"
                         HEIGHT="61"
                         WIDTH="761"
                         VPOS="890"
                         HPOS="498">
                  <String HEIGHT="61" WIDTH="95" VPOS="890" HPOS="484" CONTENT="tum"/>
                  <SP HEIGHT="61" WIDTH="14" VPOS="890" HPOS="580"/>
                  <String HEIGHT="61"
                          WIDTH="109"
                          VPOS="890"
                          HPOS="539"
                          CONTENT="quod"/>
                  <SP HEIGHT="61" WIDTH="14" VPOS="890" HPOS="647"/>
                  <String HEIGHT="61"
                          WIDTH="149"
                          VPOS="890"
                          HPOS="607"
                          CONTENT="sciebat"/>
                  <SP HEIGHT="61" WIDTH="14" VPOS="890" HPOS="756"/>
                  <String HEIGHT="61"
                          WIDTH="136"
                          VPOS="890"
                          HPOS="715"
                          CONTENT="matrem"/>
                  <SP HEIGHT="61" WIDTH="14" VPOS="890" HPOS="851"/>
                  <String HEIGHT="61" WIDTH="82" VPOS="890" HPOS="811" CONTENT="ex"/>
                  <SP HEIGHT="61" WIDTH="14" VPOS="890" HPOS="892"/>
                  <String HEIGHT="61"
                          WIDTH="109"
                          VPOS="890"
                          HPOS="851"
                          CONTENT="illa"/>
                  <SP HEIGHT="61" WIDTH="14" VPOS="890" HPOS="960"/>
                  <String HEIGHT="61"
                          WIDTH="177"
                          VPOS="890"
                          HPOS="919"
                          CONTENT="tristitia"/>
                  <SP HEIGHT="61" WIDTH="14" VPOS="890" HPOS="1096"/>
                  <String HEIGHT="61" WIDTH="95" VPOS="890" HPOS="1055" CONTENT="non"/>
                  <SP HEIGHT="61" WIDTH="14" VPOS="890" HPOS="1150"/>
                  <String HEIGHT="61"
                          WIDTH="163"
                          VPOS="890"
                          HPOS="1096"
                          CONTENT="morituram."/>
               </TextLine>
               <TextLine ID="r1l28"
                         BASELINE="998"
                         HEIGHT="53"
                         WIDTH="751"
                         VPOS="945"
                         HPOS="510">
                  <String HEIGHT="53" WIDTH="80" VPOS="945" HPOS="494" CONTENT="⁋"/>
                  <SP HEIGHT="53" WIDTH="16" VPOS="945" HPOS="574"/>
                  <String HEIGHT="53"
                          WIDTH="176"
                          VPOS="945"
                          HPOS="526"
                          CONTENT="Sccundo"/>
                  <SP HEIGHT="53" WIDTH="16" VPOS="945" HPOS="702"/>
                  <String HEIGHT="53"
                          WIDTH="208"
                          VPOS="945"
                          HPOS="654"
                          CONTENT="arguitur."/>
                  <SP HEIGHT="53" WIDTH="16" VPOS="945" HPOS="862"/>
                  <String HEIGHT="53"
                          WIDTH="128"
                          VPOS="945"
                          HPOS="814"
                          CONTENT="Homo"/>
                  <SP HEIGHT="53" WIDTH="16" VPOS="945" HPOS="941"/>
                  <String HEIGHT="53" WIDTH="112" VPOS="945" HPOS="893" CONTENT="non"/>
                  <SP HEIGHT="53" WIDTH="16" VPOS="945" HPOS="1005"/>
                  <String HEIGHT="53" WIDTH="96" VPOS="945" HPOS="957" CONTENT="in"/>
                  <SP HEIGHT="53" WIDTH="16" VPOS="945" HPOS="1053"/>
                  <String HEIGHT="53"
                          WIDTH="208"
                          VPOS="945"
                          HPOS="1005"
                          CONTENT="infinitum"/>
                  <SP HEIGHT="53" WIDTH="16" VPOS="945" HPOS="1213"/>
                  <String HEIGHT="53"
                          WIDTH="112"
                          VPOS="945"
                          HPOS="1149"
                          CONTENT="tene"
                          SUBS_TYPE="HypPart1"
                          SUBS_CONTENT="tenetur"/>
                  <HYP CONTENT="-"/>
               </TextLine>
               <TextLine ID="r1l30"
                         BASELINE="1039"
                         HEIGHT="49"
                         WIDTH="745"
                         VPOS="990"
                         HPOS="510">
                  <String HEIGHT="49"
                          WIDTH="93"
                          VPOS="990"
                          HPOS="497"
                          CONTENT="tur"
                          SUBS_TYPE="HypPart2"
                          SUBS_CONTENT="tenetur"/>
                  <SP HEIGHT="49" WIDTH="13" VPOS="990" HPOS="590"/>
                  <String HEIGHT="49"
                          WIDTH="106"
                          VPOS="990"
                          HPOS="550"
                          CONTENT="plus"/>
                  <SP HEIGHT="49" WIDTH="13" VPOS="990" HPOS="656"/>
                  <String HEIGHT="49"
                          WIDTH="173"
                          VPOS="990"
                          HPOS="616"
                          CONTENT="procurare"/>
                  <SP HEIGHT="49" WIDTH="13" VPOS="990" HPOS="789"/>
                  <String HEIGHT="49"
                          WIDTH="186"
                          VPOS="990"
                          HPOS="749"
                          CONTENT="necessaria"/>
                  <SP HEIGHT="49" WIDTH="13" VPOS="990" HPOS="936"/>
                  <String HEIGHT="49"
                          WIDTH="186"
                          VPOS="990"
                          HPOS="896"
                          CONTENT="parentibus"/>
                  <SP HEIGHT="49" WIDTH="13" VPOS="990" HPOS="1082"/>
                  <String HEIGHT="49"
                          WIDTH="106"
                          VPOS="990"
                          HPOS="1042"
                          CONTENT="quam"/>
                  <SP HEIGHT="49" WIDTH="13" VPOS="990" HPOS="1149"/>
                  <String HEIGHT="49"
                          WIDTH="133"
                          VPOS="990"
                          HPOS="1109"
                          CONTENT="aliis:"/>
                  <SP HEIGHT="49" WIDTH="13" VPOS="990" HPOS="1242"/>
                  <String HEIGHT="49" WIDTH="67" VPOS="990" HPOS="1188" CONTENT="sed"/>
               </TextLine>
               <TextLine ID="r1l32"
                         BASELINE="1088"
                         HEIGHT="57"
                         WIDTH="763"
                         VPOS="1031"
                         HPOS="495">
                  <String HEIGHT="57" WIDTH="97" VPOS="1031" HPOS="481" CONTENT="pro"/>
                  <SP HEIGHT="57" WIDTH="14" VPOS="1031" HPOS="578"/>
                  <String HEIGHT="57"
                          WIDTH="125"
                          VPOS="1031"
                          HPOS="537"
                          CONTENT="aliis"/>
                  <SP HEIGHT="57" WIDTH="14" VPOS="1031" HPOS="661"/>
                  <String HEIGHT="57" WIDTH="97" VPOS="1031" HPOS="620" CONTENT="non"/>
                  <SP HEIGHT="57" WIDTH="14" VPOS="1031" HPOS="717"/>
                  <String HEIGHT="57"
                          WIDTH="153"
                          VPOS="1031"
                          HPOS="675"
                          CONTENT="tenetur"/>
                  <SP HEIGHT="57" WIDTH="14" VPOS="1031" HPOS="828"/>
                  <String HEIGHT="57"
                          WIDTH="194"
                          VPOS="1031"
                          HPOS="786"
                          CONTENT="religionem"/>
                  <SP HEIGHT="57" WIDTH="14" VPOS="1031" HPOS="981"/>
                  <String HEIGHT="57"
                          WIDTH="180"
                          VPOS="1031"
                          HPOS="939"
                          CONTENT="differre:"/>
                  <SP HEIGHT="57" WIDTH="14" VPOS="1031" HPOS="1119"/>
                  <String HEIGHT="57"
                          WIDTH="111"
                          VPOS="1031"
                          HPOS="1078"
                          CONTENT="ergo"/>
                  <SP HEIGHT="57" WIDTH="14" VPOS="1031" HPOS="1189"/>
                  <String HEIGHT="57"
                          WIDTH="97"
                          VPOS="1031"
                          HPOS="1147"
                          CONTENT="nec"/>
                  <SP HEIGHT="57" WIDTH="14" VPOS="1031" HPOS="1244"/>
                  <String HEIGHT="57"
                          WIDTH="69"
                          VPOS="1031"
                          HPOS="1189"
                          CONTENT="pro"/>
               </TextLine>
               <TextLine ID="r1l34"
                         BASELINE="1139"
                         HEIGHT="63"
                         WIDTH="760"
                         VPOS="1076"
                         HPOS="501">
                  <String HEIGHT="63"
                          WIDTH="248"
                          VPOS="1076"
                          HPOS="484"
                          CONTENT="parentibus."/>
                  <SP HEIGHT="63" WIDTH="17" VPOS="1076" HPOS="732"/>
                  <String HEIGHT="63" WIDTH="83" VPOS="1076" HPOS="683" CONTENT="⁋"/>
                  <SP HEIGHT="63" WIDTH="17" VPOS="1076" HPOS="765"/>
                  <String HEIGHT="63"
                          WIDTH="182"
                          VPOS="1076"
                          HPOS="716"
                          CONTENT="Tertio,"/>
                  <SP HEIGHT="63" WIDTH="17" VPOS="1076" HPOS="898"/>
                  <String HEIGHT="63"
                          WIDTH="165"
                          VPOS="1076"
                          HPOS="848"
                          CONTENT="Petrus"/>
                  <SP HEIGHT="63" WIDTH="17" VPOS="1076" HPOS="1013"/>
                  <String HEIGHT="63"
                          WIDTH="116"
                          VPOS="1076"
                          HPOS="964"
                          CONTENT="non"/>
                  <SP HEIGHT="63" WIDTH="17" VPOS="1076" HPOS="1079"/>
                  <String HEIGHT="63"
                          WIDTH="165"
                          VPOS="1076"
                          HPOS="1030"
                          CONTENT="potens"/>
                  <SP HEIGHT="63" WIDTH="17" VPOS="1076" HPOS="1195"/>
                  <String HEIGHT="63"
                          WIDTH="132"
                          VPOS="1076"
                          HPOS="1129"
                          CONTENT="manere"/>
               </TextLine>
               <TextLine ID="r1l36"
                         BASELINE="1174"
                         HEIGHT="51"
                         WIDTH="761"
                         VPOS="1123"
                         HPOS="501">
                  <String HEIGHT="51" WIDTH="97" VPOS="1123" HPOS="487" CONTENT="cum"/>
                  <SP HEIGHT="51" WIDTH="14" VPOS="1123" HPOS="584"/>
                  <String HEIGHT="51"
                          WIDTH="138"
                          VPOS="1123"
                          HPOS="543"
                          CONTENT="salute"/>
                  <SP HEIGHT="51" WIDTH="14" VPOS="1123" HPOS="681"/>
                  <String HEIGHT="51"
                          WIDTH="138"
                          VPOS="1123"
                          HPOS="639"
                          CONTENT="animae"/>
                  <SP HEIGHT="51" WIDTH="14" VPOS="1123" HPOS="778"/>
                  <String HEIGHT="51"
                          WIDTH="111"
                          VPOS="1123"
                          HPOS="736"
                          CONTENT="suae"/>
                  <SP HEIGHT="51" WIDTH="14" VPOS="1123" HPOS="847"/>
                  <String HEIGHT="51" WIDTH="83" VPOS="1123" HPOS="805" CONTENT="in"/>
                  <SP HEIGHT="51" WIDTH="14" VPOS="1123" HPOS="888"/>
                  <String HEIGHT="51"
                          WIDTH="152"
                          VPOS="1123"
                          HPOS="847"
                          CONTENT="saeculo"/>
                  <SP HEIGHT="51" WIDTH="14" VPOS="1123" HPOS="999"/>
                  <String HEIGHT="51"
                          WIDTH="138"
                          VPOS="1123"
                          HPOS="958"
                          CONTENT="potest"/>
                  <SP HEIGHT="51" WIDTH="14" VPOS="1123" HPOS="1096"/>
                  <String HEIGHT="51"
                          WIDTH="194"
                          VPOS="1123"
                          HPOS="1054"
                          CONTENT="religionem"/>
                  <SP HEIGHT="51" WIDTH="14" VPOS="1123" HPOS="1248"/>
                  <String HEIGHT="51"
                          WIDTH="69"
                          VPOS="1123"
                          HPOS="1193"
                          CONTENT="pro"/>
               </TextLine>
               <TextLine ID="r1l37"
                         BASELINE="1219"
                         HEIGHT="58"
                         WIDTH="764"
                         VPOS="1161"
                         HPOS="501">
                  <String HEIGHT="58"
                          WIDTH="145"
                          VPOS="1161"
                          HPOS="488"
                          CONTENT="fiteri:"/>
                  <SP HEIGHT="58" WIDTH="13" VPOS="1161" HPOS="633"/>
                  <String HEIGHT="58"
                          WIDTH="105"
                          VPOS="1161"
                          HPOS="593"
                          CONTENT="quia"/>
                  <SP HEIGHT="58" WIDTH="13" VPOS="1161" HPOS="699"/>
                  <String HEIGHT="58"
                          WIDTH="105"
                          VPOS="1161"
                          HPOS="659"
                          CONTENT="plus"/>
                  <SP HEIGHT="58" WIDTH="13" VPOS="1161" HPOS="764"/>
                  <String HEIGHT="58"
                          WIDTH="119"
                          VPOS="1161"
                          HPOS="725"
                          CONTENT="debet"/>
                  <SP HEIGHT="58" WIDTH="13" VPOS="1161" HPOS="843"/>
                  <String HEIGHT="58"
                          WIDTH="132"
                          VPOS="1161"
                          HPOS="804"
                          CONTENT="curare"/>
                  <SP HEIGHT="58" WIDTH="13" VPOS="1161" HPOS="936"/>
                  <String HEIGHT="58"
                          WIDTH="145"
                          VPOS="1161"
                          HPOS="896"
                          CONTENT="salutem"/>
                  <SP HEIGHT="58" WIDTH="13" VPOS="1161" HPOS="1041"/>
                  <String HEIGHT="58"
                          WIDTH="132"
                          VPOS="1161"
                          HPOS="1002"
                          CONTENT="animae"/>
                  <SP HEIGHT="58" WIDTH="13" VPOS="1161" HPOS="1133"/>
                  <String HEIGHT="58"
                          WIDTH="145"
                          VPOS="1161"
                          HPOS="1094"
                          CONTENT="proprie"/>
                  <SP HEIGHT="58" WIDTH="13" VPOS="1161" HPOS="1239"/>
                  <String HEIGHT="58"
                          WIDTH="79"
                          VPOS="1161"
                          HPOS="1186"
                          CONTENT="quam"/>
               </TextLine>
               <TextLine ID="r1l40"
                         BASELINE="1260"
                         HEIGHT="47"
                         WIDTH="769"
                         VPOS="1213"
                         HPOS="501">
                  <String HEIGHT="47"
                          WIDTH="256"
                          VPOS="1213"
                          HPOS="483"
                          CONTENT="corporalem"/>
                  <SP HEIGHT="47" WIDTH="18" VPOS="1213" HPOS="739"/>
                  <String HEIGHT="47"
                          WIDTH="238"
                          VPOS="1213"
                          HPOS="684"
                          CONTENT="parentum."/>
                  <SP HEIGHT="47" WIDTH="18" VPOS="1213" HPOS="922"/>
                  <String HEIGHT="47" WIDTH="92" VPOS="1213" HPOS="867" CONTENT="⁋"/>
                  <SP HEIGHT="47" WIDTH="18" VPOS="1213" HPOS="959"/>
                  <String HEIGHT="47"
                          WIDTH="183"
                          VPOS="1213"
                          HPOS="904"
                          CONTENT="Quarto"/>
                  <SP HEIGHT="47" WIDTH="18" VPOS="1213" HPOS="1087"/>
                  <String HEIGHT="47"
                          WIDTH="238"
                          VPOS="1213"
                          HPOS="1032"
                          CONTENT="arguitur."/>
                  <SP HEIGHT="47" WIDTH="18" VPOS="1213" HPOS="1270"/>
                  <String HEIGHT="47" WIDTH="73" VPOS="1213" HPOS="1197" CONTENT="Ad"/>
               </TextLine>
               <TextLine ID="r1l42"
                         BASELINE="1301"
                         HEIGHT="50"
                         WIDTH="764"
                         VPOS="1251"
                         HPOS="506">
                  <String HEIGHT="50"
                          WIDTH="133"
                          VPOS="1251"
                          HPOS="489"
                          CONTENT="eius"/>
                  <SP HEIGHT="50" WIDTH="17" VPOS="1251" HPOS="622"/>
                  <String HEIGHT="50"
                          WIDTH="266"
                          VPOS="1251"
                          HPOS="572"
                          CONTENT="professionem"/>
                  <SP HEIGHT="50" WIDTH="17" VPOS="1251" HPOS="838"/>
                  <String HEIGHT="50"
                          WIDTH="199"
                          VPOS="1251"
                          HPOS="788"
                          CONTENT="sequitur"/>
                  <SP HEIGHT="50" WIDTH="17" VPOS="1251" HPOS="988"/>
                  <String HEIGHT="50"
                          WIDTH="149"
                          VPOS="1251"
                          HPOS="938"
                          CONTENT="solum"/>
                  <SP HEIGHT="50" WIDTH="17" VPOS="1251" HPOS="1087"/>
                  <String HEIGHT="50"
                          WIDTH="199"
                          VPOS="1251"
                          HPOS="1037"
                          CONTENT="parentum"/>
                  <SP HEIGHT="50" WIDTH="17" VPOS="1251" HPOS="1237"/>
                  <String HEIGHT="50"
                          WIDTH="100"
                          VPOS="1251"
                          HPOS="1170"
                          CONTENT="mors"/>
               </TextLine>
               <TextLine ID="r1l43"
                         BASELINE="1342"
                         HEIGHT="50"
                         WIDTH="758"
                         VPOS="1292"
                         HPOS="504">
                  <String HEIGHT="50"
                          WIDTH="223"
                          VPOS="1292"
                          HPOS="489"
                          CONTENT="corporalis:"/>
                  <SP HEIGHT="50" WIDTH="15" VPOS="1292" HPOS="712"/>
                  <String HEIGHT="50" WIDTH="74" VPOS="1292" HPOS="667" CONTENT="&amp;"/>
                  <SP HEIGHT="50" WIDTH="15" VPOS="1292" HPOS="742"/>
                  <String HEIGHT="50"
                          WIDTH="149"
                          VPOS="1292"
                          HPOS="697"
                          CONTENT="magnum"/>
                  <SP HEIGHT="50" WIDTH="15" VPOS="1292" HPOS="846"/>
                  <String HEIGHT="50"
                          WIDTH="223"
                          VPOS="1292"
                          HPOS="801"
                          CONTENT="detrimentum"/>
                  <SP HEIGHT="50" WIDTH="15" VPOS="1292" HPOS="1024"/>
                  <String HEIGHT="50"
                          WIDTH="134"
                          VPOS="1292"
                          HPOS="980"
                          CONTENT="filio"/>
                  <SP HEIGHT="50" WIDTH="15" VPOS="1292" HPOS="1113"/>
                  <String HEIGHT="50" WIDTH="89" VPOS="1292" HPOS="1069" CONTENT="in"/>
                  <SP HEIGHT="50" WIDTH="15" VPOS="1292" HPOS="1158"/>
                  <String HEIGHT="50"
                          WIDTH="163"
                          VPOS="1292"
                          HPOS="1099"
                          CONTENT="spiritua:"/>
               </TextLine>
               <TextLine ID="r1l45"
                         BASELINE="1391"
                         HEIGHT="50"
                         WIDTH="760"
                         VPOS="1341"
                         HPOS="504">
                  <String HEIGHT="50"
                          WIDTH="155"
                          VPOS="1341"
                          HPOS="488"
                          CONTENT="libus:"/>
                  <SP HEIGHT="50" WIDTH="16" VPOS="1341" HPOS="644"/>
                  <String HEIGHT="50"
                          WIDTH="124"
                          VPOS="1341"
                          HPOS="597"
                          CONTENT="quam"/>
                  <SP HEIGHT="50" WIDTH="16" VPOS="1341" HPOS="721"/>
                  <String HEIGHT="50"
                          WIDTH="186"
                          VPOS="1341"
                          HPOS="675"
                          CONTENT="iacturam"/>
                  <SP HEIGHT="50" WIDTH="16" VPOS="1341" HPOS="861"/>
                  <String HEIGHT="50"
                          WIDTH="109"
                          VPOS="1341"
                          HPOS="814"
                          CONTENT="non"/>
                  <SP HEIGHT="50" WIDTH="16" VPOS="1341" HPOS="923"/>
                  <String HEIGHT="50"
                          WIDTH="171"
                          VPOS="1341"
                          HPOS="876"
                          CONTENT="tenetur"/>
                  <SP HEIGHT="50" WIDTH="16" VPOS="1341" HPOS="1047"/>
                  <String HEIGHT="50"
                          WIDTH="155"
                          VPOS="1341"
                          HPOS="1000"
                          CONTENT="subire"/>
                  <SP HEIGHT="50" WIDTH="16" VPOS="1341" HPOS="1155"/>
                  <String HEIGHT="50"
                          WIDTH="109"
                          VPOS="1341"
                          HPOS="1109"
                          CONTENT="pro"/>
                  <SP HEIGHT="50" WIDTH="16" VPOS="1341" HPOS="1217"/>
                  <String HEIGHT="50"
                          WIDTH="109"
                          VPOS="1341"
                          HPOS="1155"
                          CONTENT="morte"/>
               </TextLine>
               <TextLine ID="r1l47"
                         BASELINE="1441"
                         HEIGHT="53"
                         WIDTH="748"
                         VPOS="1388"
                         HPOS="516">
                  <String HEIGHT="53"
                          WIDTH="191"
                          VPOS="1388"
                          HPOS="501"
                          CONTENT="corporali"/>
                  <SP HEIGHT="53" WIDTH="15" VPOS="1388" HPOS="692"/>
                  <String HEIGHT="53"
                          WIDTH="191"
                          VPOS="1388"
                          HPOS="648"
                          CONTENT="parentum:"/>
                  <SP HEIGHT="53" WIDTH="15" VPOS="1388" HPOS="839"/>
                  <String HEIGHT="53"
                          WIDTH="147"
                          VPOS="1388"
                          HPOS="795"
                          CONTENT="quibus"/>
                  <SP HEIGHT="53" WIDTH="15" VPOS="1388" HPOS="941"/>
                  <String HEIGHT="53"
                          WIDTH="132"
                          VPOS="1388"
                          HPOS="897"
                          CONTENT="forte"/>
                  <SP HEIGHT="53" WIDTH="15" VPOS="1388" HPOS="1029"/>
                  <String HEIGHT="53"
                          WIDTH="161"
                          VPOS="1388"
                          HPOS="985"
                          CONTENT="prodest"/>
                  <SP HEIGHT="53" WIDTH="15" VPOS="1388" HPOS="1147"/>
                  <String HEIGHT="53"
                          WIDTH="147"
                          VPOS="1388"
                          HPOS="1103"
                          CONTENT="perite"/>
                  <SP HEIGHT="53" WIDTH="15" VPOS="1388" HPOS="1249"/>
                  <String HEIGHT="53"
                          WIDTH="73"
                          VPOS="1388"
                          HPOS="1191"
                          CONTENT="fa"
                          SUBS_TYPE="HypPart1"
                          SUBS_CONTENT="fame,"/>
                  <HYP CONTENT="-"/>
               </TextLine>
               <TextLine ID="r1l50"
                         BASELINE="1484"
                         HEIGHT="48"
                         WIDTH="777"
                         VPOS="1436"
                         HPOS="499">
                  <String HEIGHT="48"
                          WIDTH="116"
                          VPOS="1436"
                          HPOS="482"
                          CONTENT="me,"
                          SUBS_TYPE="HypPart2"
                          SUBS_CONTENT="fame,"/>
                  <SP HEIGHT="48" WIDTH="17" VPOS="1436" HPOS="598"/>
                  <String HEIGHT="48"
                          WIDTH="132"
                          VPOS="1436"
                          HPOS="549"
                          CONTENT="quia"/>
                  <SP HEIGHT="48" WIDTH="17" VPOS="1436" HPOS="681"/>
                  <String HEIGHT="48"
                          WIDTH="132"
                          VPOS="1436"
                          HPOS="631"
                          CONTENT="sunt"/>
                  <SP HEIGHT="48" WIDTH="17" VPOS="1436" HPOS="764"/>
                  <String HEIGHT="48" WIDTH="99" VPOS="1436" HPOS="714" CONTENT="in"/>
                  <SP HEIGHT="48" WIDTH="17" VPOS="1436" HPOS="813"/>
                  <String HEIGHT="48"
                          WIDTH="132"
                          VPOS="1436"
                          HPOS="764"
                          CONTENT="bono"/>
                  <SP HEIGHT="48" WIDTH="17" VPOS="1436" HPOS="896"/>
                  <String HEIGHT="48"
                          WIDTH="165"
                          VPOS="1436"
                          HPOS="846"
                          CONTENT="statu."/>
                  <SP HEIGHT="48" WIDTH="17" VPOS="1436" HPOS="1011"/>
                  <String HEIGHT="48" WIDTH="83" VPOS="1436" HPOS="962" CONTENT="⁋"/>
                  <SP HEIGHT="48" WIDTH="17" VPOS="1436" HPOS="1045"/>
                  <String HEIGHT="48"
                          WIDTH="165"
                          VPOS="1436"
                          HPOS="995"
                          CONTENT="Quinto"/>
                  <SP HEIGHT="48" WIDTH="17" VPOS="1436" HPOS="1160"/>
                  <String HEIGHT="48"
                          WIDTH="182"
                          VPOS="1436"
                          HPOS="1094"
                          CONTENT="arguitur."/>
               </TextLine>
               <TextLine ID="r1l51"
                         BASELINE="1525"
                         HEIGHT="52"
                         WIDTH="759"
                         VPOS="1473"
                         HPOS="505">
                  <String HEIGHT="52"
                          WIDTH="134"
                          VPOS="1473"
                          HPOS="490"
                          CONTENT="dicit"/>
                  <SP HEIGHT="52" WIDTH="15" VPOS="1473" HPOS="624"/>
                  <String HEIGHT="52"
                          WIDTH="193"
                          VPOS="1473"
                          HPOS="579"
                          CONTENT="Christus."/>
                  <SP HEIGHT="52" WIDTH="15" VPOS="1473" HPOS="773"/>
                  <String HEIGHT="52"
                          WIDTH="193"
                          VPOS="1473"
                          HPOS="728"
                          CONTENT="Matthaei."/>
                  <SP HEIGHT="52" WIDTH="15" VPOS="1473" HPOS="922"/>
                  <String HEIGHT="52" WIDTH="89" VPOS="1473" HPOS="877" CONTENT="x."/>
                  <SP HEIGHT="52" WIDTH="15" VPOS="1473" HPOS="966"/>
                  <String HEIGHT="52"
                          WIDTH="104"
                          VPOS="1473"
                          HPOS="922"
                          CONTENT="Qui"/>
                  <SP HEIGHT="52" WIDTH="15" VPOS="1473" HPOS="1026"/>
                  <String HEIGHT="52"
                          WIDTH="119"
                          VPOS="1473"
                          HPOS="981"
                          CONTENT="amat"/>
                  <SP HEIGHT="52" WIDTH="15" VPOS="1473" HPOS="1100"/>
                  <String HEIGHT="52"
                          WIDTH="149"
                          VPOS="1473"
                          HPOS="1056"
                          CONTENT="patrem"/>
                  <SP HEIGHT="52" WIDTH="15" VPOS="1473" HPOS="1204"/>
                  <String HEIGHT="52"
                          WIDTH="104"
                          VPOS="1473"
                          HPOS="1160"
                          CONTENT="aut"/>
                  <SP HEIGHT="52" WIDTH="15" VPOS="1473" HPOS="1264"/>
                  <String HEIGHT="52" WIDTH="60" VPOS="1473" HPOS="1204" CONTENT="ma"/>
               </TextLine>
               <TextLine ID="r1l53"
                         BASELINE="1570"
                         HEIGHT="53"
                         WIDTH="759"
                         VPOS="1517"
                         HPOS="511">
                  <String HEIGHT="53"
                          WIDTH="124"
                          VPOS="1517"
                          HPOS="496"
                          CONTENT="trem"/>
                  <SP HEIGHT="53" WIDTH="15" VPOS="1517" HPOS="619"/>
                  <String HEIGHT="53"
                          WIDTH="186"
                          VPOS="1517"
                          HPOS="573"
                          CONTENT="plusquam"/>
                  <SP HEIGHT="53" WIDTH="15" VPOS="1517" HPOS="759"/>
                  <String HEIGHT="53" WIDTH="93" VPOS="1517" HPOS="712" CONTENT="me"/>
                  <SP HEIGHT="53" WIDTH="15" VPOS="1517" HPOS="805"/>
                  <String HEIGHT="53" WIDTH="77" VPOS="1517" HPOS="759" CONTENT="/"/>
                  <SP HEIGHT="53" WIDTH="15" VPOS="1517" HPOS="836"/>
                  <String HEIGHT="53"
                          WIDTH="108"
                          VPOS="1517"
                          HPOS="790"
                          CONTENT="non"/>
                  <SP HEIGHT="53" WIDTH="15" VPOS="1517" HPOS="898"/>
                  <String HEIGHT="53"
                          WIDTH="108"
                          VPOS="1517"
                          HPOS="852"
                          CONTENT="est"/>
                  <SP HEIGHT="53" WIDTH="15" VPOS="1517" HPOS="960"/>
                  <String HEIGHT="53" WIDTH="93" VPOS="1517" HPOS="914" CONTENT="me"/>
                  <SP HEIGHT="53" WIDTH="15" VPOS="1517" HPOS="1007"/>
                  <String HEIGHT="53"
                          WIDTH="170"
                          VPOS="1517"
                          HPOS="960"
                          CONTENT="dignus."/>
                  <SP HEIGHT="53" WIDTH="15" VPOS="1517" HPOS="1131"/>
                  <String HEIGHT="53" WIDTH="77" VPOS="1517" HPOS="1084" CONTENT="⁋"/>
                  <SP HEIGHT="53" WIDTH="15" VPOS="1517" HPOS="1162"/>
                  <String HEIGHT="53" WIDTH="93" VPOS="1517" HPOS="1115" CONTENT="Ad"/>
                  <SP HEIGHT="53" WIDTH="15" VPOS="1517" HPOS="1208"/>
                  <String HEIGHT="53"
                          WIDTH="124"
                          VPOS="1517"
                          HPOS="1146"
                          CONTENT="primum"/>
               </TextLine>
               <TextLine ID="r1l55"
                         BASELINE="1616"
                         HEIGHT="58"
                         WIDTH="758"
                         VPOS="1558"
                         HPOS="513">
                  <String HEIGHT="58"
                          WIDTH="177"
                          VPOS="1558"
                          HPOS="497"
                          CONTENT="istorum"/>
                  <SP HEIGHT="58" WIDTH="16" VPOS="1558" HPOS="674"/>
                  <String HEIGHT="58"
                          WIDTH="226"
                          VPOS="1558"
                          HPOS="626"
                          CONTENT="conceditur"/>
                  <SP HEIGHT="58" WIDTH="16" VPOS="1558" HPOS="852"/>
                  <String HEIGHT="58"
                          WIDTH="161"
                          VPOS="1558"
                          HPOS="803"
                          CONTENT="maior:"/>
                  <SP HEIGHT="58" WIDTH="16" VPOS="1558" HPOS="965"/>
                  <String HEIGHT="58" WIDTH="81" VPOS="1558" HPOS="916" CONTENT="&amp;"/>
                  <SP HEIGHT="58" WIDTH="16" VPOS="1558" HPOS="997"/>
                  <String HEIGHT="58" WIDTH="97" VPOS="1558" HPOS="948" CONTENT="ad"/>
                  <SP HEIGHT="58" WIDTH="16" VPOS="1558" HPOS="1045"/>
                  <String HEIGHT="58"
                          WIDTH="177"
                          VPOS="1558"
                          HPOS="997"
                          CONTENT="minorem"/>
                  <SP HEIGHT="58" WIDTH="16" VPOS="1558" HPOS="1174"/>
                  <String HEIGHT="58"
                          WIDTH="161"
                          VPOS="1558"
                          HPOS="1110"
                          CONTENT="dicitur:"/>
               </TextLine>
               <TextLine ID="r1l57"
                         BASELINE="1666"
                         HEIGHT="50"
                         WIDTH="761"
                         VPOS="1616"
                         HPOS="516">
                  <String HEIGHT="50"
                          WIDTH="115"
                          VPOS="1616"
                          HPOS="502"
                          CONTENT="quod"/>
                  <SP HEIGHT="50" WIDTH="14" VPOS="1616" HPOS="617"/>
                  <String HEIGHT="50" WIDTH="86" VPOS="1616" HPOS="573" CONTENT="si"/>
                  <SP HEIGHT="50" WIDTH="14" VPOS="1616" HPOS="660"/>
                  <String HEIGHT="50"
                          WIDTH="158"
                          VPOS="1616"
                          HPOS="617"
                          CONTENT="daretur"/>
                  <SP HEIGHT="50" WIDTH="14" VPOS="1616" HPOS="774"/>
                  <String HEIGHT="50"
                          WIDTH="158"
                          VPOS="1616"
                          HPOS="731"
                          CONTENT="aliquis"/>
                  <SP HEIGHT="50" WIDTH="14" VPOS="1616" HPOS="889"/>
                  <String HEIGHT="50"
                          WIDTH="101"
                          VPOS="1616"
                          HPOS="846"
                          CONTENT="qui"/>
                  <SP HEIGHT="50" WIDTH="14" VPOS="1616" HPOS="947"/>
                  <String HEIGHT="50"
                          WIDTH="144"
                          VPOS="1616"
                          HPOS="904"
                          CONTENT="mortem"/>
                  <SP HEIGHT="50" WIDTH="14" VPOS="1616" HPOS="1047"/>
                  <String HEIGHT="50"
                          WIDTH="144"
                          VPOS="1616"
                          HPOS="1004"
                          CONTENT="obiret"/>
                  <SP HEIGHT="50" WIDTH="14" VPOS="1616" HPOS="1148"/>
                  <String HEIGHT="50"
                          WIDTH="115"
                          VPOS="1616"
                          HPOS="1105"
                          CONTENT="nisi"/>
                  <SP HEIGHT="50" WIDTH="14" VPOS="1616" HPOS="1220"/>
                  <String HEIGHT="50"
                          WIDTH="115"
                          VPOS="1616"
                          HPOS="1162"
                          CONTENT="filius"/>
               </TextLine>
               <TextLine ID="r1l59"
                         BASELINE="1709"
                         HEIGHT="61"
                         WIDTH="766"
                         VPOS="1648"
                         HPOS="511">
                  <String HEIGHT="61"
                          WIDTH="219"
                          VPOS="1648"
                          HPOS="497"
                          CONTENT="professionem"/>
                  <SP HEIGHT="61" WIDTH="14" VPOS="1648" HPOS="716"/>
                  <String HEIGHT="61"
                          WIDTH="192"
                          VPOS="1648"
                          HPOS="675"
                          CONTENT="religionis"/>
                  <SP HEIGHT="61" WIDTH="14" VPOS="1648" HPOS="867"/>
                  <String HEIGHT="61"
                          WIDTH="192"
                          VPOS="1648"
                          HPOS="826"
                          CONTENT="differret:"/>
                  <SP HEIGHT="61" WIDTH="14" VPOS="1648" HPOS="1017"/>
                  <String HEIGHT="61"
                          WIDTH="150"
                          VPOS="1648"
                          HPOS="976"
                          CONTENT="deberet"/>
                  <SP HEIGHT="61" WIDTH="14" VPOS="1648" HPOS="1127"/>
                  <String HEIGHT="61"
                          WIDTH="178"
                          VPOS="1648"
                          HPOS="1086"
                          CONTENT="differre."/>
                  <SP HEIGHT="61" WIDTH="14" VPOS="1648" HPOS="1263"/>
                  <String HEIGHT="61"
                          WIDTH="68"
                          VPOS="1648"
                          HPOS="1209"
                          CONTENT="nam"/>
               </TextLine>
               <TextLine ID="r1l61"
                         BASELINE="1750"
                         HEIGHT="55"
                         WIDTH="765"
                         VPOS="1695"
                         HPOS="505">
                  <String HEIGHT="55"
                          WIDTH="239"
                          VPOS="1695"
                          HPOS="489"
                          CONTENT="conditionem"/>
                  <SP HEIGHT="55" WIDTH="16" VPOS="1695" HPOS="728"/>
                  <String HEIGHT="55"
                          WIDTH="255"
                          VPOS="1695"
                          HPOS="680"
                          CONTENT="particularem"/>
                  <SP HEIGHT="55" WIDTH="16" VPOS="1695" HPOS="935"/>
                  <String HEIGHT="55"
                          WIDTH="191"
                          VPOS="1695"
                          HPOS="888"
                          CONTENT="parentum"/>
                  <SP HEIGHT="55" WIDTH="16" VPOS="1695" HPOS="1079"/>
                  <String HEIGHT="55"
                          WIDTH="159"
                          VPOS="1695"
                          HPOS="1031"
                          CONTENT="nouit,"/>
                  <SP HEIGHT="55" WIDTH="16" VPOS="1695" HPOS="1190"/>
                  <String HEIGHT="55" WIDTH="80" VPOS="1695" HPOS="1143" CONTENT="&amp;"/>
                  <SP HEIGHT="55" WIDTH="16" VPOS="1695" HPOS="1222"/>
                  <String HEIGHT="55"
                          WIDTH="112"
                          VPOS="1695"
                          HPOS="1158"
                          CONTENT="nosse"/>
               </TextLine>
               <TextLine ID="r1l63"
                         BASELINE="1802"
                         HEIGHT="64"
                         WIDTH="761"
                         VPOS="1738"
                         HPOS="509">
                  <String HEIGHT="64"
                          WIDTH="163"
                          VPOS="1738"
                          HPOS="495"
                          CONTENT="tenetur,"/>
                  <SP HEIGHT="64" WIDTH="14" VPOS="1738" HPOS="658"/>
                  <String HEIGHT="64" WIDTH="95" VPOS="1738" HPOS="618" CONTENT="non"/>
                  <SP HEIGHT="64" WIDTH="14" VPOS="1738" HPOS="713"/>
                  <String HEIGHT="64" WIDTH="95" VPOS="1738" HPOS="672" CONTENT="sic"/>
                  <SP HEIGHT="64" WIDTH="14" VPOS="1738" HPOS="767"/>
                  <String HEIGHT="64"
                          WIDTH="122"
                          VPOS="1738"
                          HPOS="726"
                          CONTENT="autem"/>
                  <SP HEIGHT="64" WIDTH="14" VPOS="1738" HPOS="849"/>
                  <String HEIGHT="64"
                          WIDTH="163"
                          VPOS="1738"
                          HPOS="808"
                          CONTENT="aliorum:"/>
                  <SP HEIGHT="64" WIDTH="14" VPOS="1738" HPOS="971"/>
                  <String HEIGHT="64"
                          WIDTH="109"
                          VPOS="1738"
                          HPOS="930"
                          CONTENT="quia"/>
                  <SP HEIGHT="64" WIDTH="14" VPOS="1738" HPOS="1039"/>
                  <String HEIGHT="64"
                          WIDTH="122"
                          VPOS="1738"
                          HPOS="998"
                          CONTENT="putat"/>
                  <SP HEIGHT="64" WIDTH="14" VPOS="1738" HPOS="1121"/>
                  <String HEIGHT="64"
                          WIDTH="122"
                          VPOS="1738"
                          HPOS="1080"
                          CONTENT="alios"/>
                  <SP HEIGHT="64" WIDTH="14" VPOS="1738" HPOS="1202"/>
                  <String HEIGHT="64" WIDTH="82" VPOS="1738" HPOS="1161" CONTENT="ad"/>
                  <SP HEIGHT="64" WIDTH="14" VPOS="1738" HPOS="1243"/>
                  <String HEIGHT="64"
                          WIDTH="82"
                          VPOS="1738"
                          HPOS="1188"
                          CONTENT="quos"/>
               </TextLine>
               <TextLine ID="r1l66"
                         BASELINE="1832"
                         HEIGHT="50"
                         WIDTH="752"
                         VPOS="1782"
                         HPOS="509">
                  <String HEIGHT="50"
                          WIDTH="172"
                          VPOS="1782"
                          HPOS="493"
                          CONTENT="spectat"/>
                  <SP HEIGHT="50" WIDTH="16" VPOS="1782" HPOS="666"/>
                  <String HEIGHT="50"
                          WIDTH="141"
                          VPOS="1782"
                          HPOS="619"
                          CONTENT="talis"/>
                  <SP HEIGHT="50" WIDTH="16" VPOS="1782" HPOS="760"/>
                  <String HEIGHT="50"
                          WIDTH="125"
                          VPOS="1782"
                          HPOS="713"
                          CONTENT="cura"/>
                  <SP HEIGHT="50" WIDTH="16" VPOS="1782" HPOS="838"/>
                  <String HEIGHT="50" WIDTH="78" VPOS="1782" HPOS="791" CONTENT="&amp;"/>
                  <SP HEIGHT="50" WIDTH="16" VPOS="1782" HPOS="869"/>
                  <String HEIGHT="50"
                          WIDTH="172"
                          VPOS="1782"
                          HPOS="822"
                          CONTENT="indago,"/>
                  <SP HEIGHT="50" WIDTH="16" VPOS="1782" HPOS="995"/>
                  <String HEIGHT="50"
                          WIDTH="141"
                          VPOS="1782"
                          HPOS="948"
                          CONTENT="circa"/>
                  <SP HEIGHT="50" WIDTH="16" VPOS="1782" HPOS="1089"/>
                  <String HEIGHT="50"
                          WIDTH="110"
                          VPOS="1782"
                          HPOS="1042"
                          CONTENT="hoc"/>
                  <SP HEIGHT="50" WIDTH="16" VPOS="1782" HPOS="1151"/>
                  <String HEIGHT="50"
                          WIDTH="172"
                          VPOS="1782"
                          HPOS="1089"
                          CONTENT="insistere"/>
               </TextLine>
               <TextLine ID="r1l67"
                         BASELINE="1886"
                         HEIGHT="54"
                         WIDTH="757"
                         VPOS="1832"
                         HPOS="522">
                  <String HEIGHT="54" WIDTH="82" VPOS="1832" HPOS="506" CONTENT="⁋"/>
                  <SP HEIGHT="54" WIDTH="16" VPOS="1832" HPOS="588"/>
                  <String HEIGHT="54" WIDTH="99" VPOS="1832" HPOS="538" CONTENT="Ad"/>
                  <SP HEIGHT="54" WIDTH="16" VPOS="1832" HPOS="637"/>
                  <String HEIGHT="54"
                          WIDTH="181"
                          VPOS="1832"
                          HPOS="588"
                          CONTENT="tertium"/>
                  <SP HEIGHT="54" WIDTH="16" VPOS="1832" HPOS="769"/>
                  <String HEIGHT="54"
                          WIDTH="115"
                          VPOS="1832"
                          HPOS="719"
                          CONTENT="non"/>
                  <SP HEIGHT="54" WIDTH="16" VPOS="1832" HPOS="835"/>
                  <String HEIGHT="54"
                          WIDTH="181"
                          VPOS="1832"
                          HPOS="785"
                          CONTENT="admitto"/>
                  <SP HEIGHT="54" WIDTH="16" VPOS="1832" HPOS="966"/>
                  <String HEIGHT="54"
                          WIDTH="181"
                          VPOS="1832"
                          HPOS="917"
                          CONTENT="positum"/>
                  <SP HEIGHT="54" WIDTH="16" VPOS="1832" HPOS="1098"/>
                  <String HEIGHT="54" WIDTH="99" VPOS="1832" HPOS="1049" CONTENT="in"/>
                  <SP HEIGHT="54" WIDTH="16" VPOS="1832" HPOS="1147"/>
                  <String HEIGHT="54"
                          WIDTH="197"
                          VPOS="1832"
                          HPOS="1082"
                          CONTENT="argumento."/>
               </TextLine>
               <TextLine ID="r1l69"
                         BASELINE="1930"
                         HEIGHT="58"
                         WIDTH="769"
                         VPOS="1872"
                         HPOS="516">
                  <String HEIGHT="58"
                          WIDTH="104"
                          VPOS="1872"
                          HPOS="501"
                          CONTENT="nam"/>
                  <SP HEIGHT="58" WIDTH="15" VPOS="1872" HPOS="605"/>
                  <String HEIGHT="58"
                          WIDTH="177"
                          VPOS="1872"
                          HPOS="560"
                          CONTENT="cuilibet"/>
                  <SP HEIGHT="58" WIDTH="15" VPOS="1872" HPOS="738"/>
                  <String HEIGHT="58"
                          WIDTH="163"
                          VPOS="1872"
                          HPOS="693"
                          CONTENT="religio"/>
                  <SP HEIGHT="58" WIDTH="15" VPOS="1872" HPOS="856"/>
                  <String HEIGHT="58"
                          WIDTH="207"
                          VPOS="1872"
                          HPOS="812"
                          CONTENT="christiana"/>
                  <SP HEIGHT="58" WIDTH="15" VPOS="1872" HPOS="1019"/>
                  <String HEIGHT="58"
                          WIDTH="177"
                          VPOS="1872"
                          HPOS="974"
                          CONTENT="sufficit"/>
                  <SP HEIGHT="58" WIDTH="15" VPOS="1872" HPOS="1152"/>
                  <String HEIGHT="58" WIDTH="89" VPOS="1872" HPOS="1108" CONTENT="ad"/>
                  <SP HEIGHT="58" WIDTH="15" VPOS="1872" HPOS="1196"/>
                  <String HEIGHT="58"
                          WIDTH="148"
                          VPOS="1872"
                          HPOS="1137"
                          CONTENT="salutem:"/>
               </TextLine>
               <TextLine ID="r1l71"
                         BASELINE="1973"
                         HEIGHT="56"
                         WIDTH="754"
                         VPOS="1917"
                         HPOS="519">
                  <String HEIGHT="56"
                          WIDTH="116"
                          VPOS="1917"
                          HPOS="505"
                          CONTENT="quam"/>
                  <SP HEIGHT="56" WIDTH="15" VPOS="1917" HPOS="621"/>
                  <String HEIGHT="56"
                          WIDTH="116"
                          VPOS="1917"
                          HPOS="577"
                          CONTENT="homo"/>
                  <SP HEIGHT="56" WIDTH="15" VPOS="1917" HPOS="693"/>
                  <String HEIGHT="56"
                          WIDTH="160"
                          VPOS="1917"
                          HPOS="650"
                          CONTENT="seruare"/>
                  <SP HEIGHT="56" WIDTH="15" VPOS="1917" HPOS="809"/>
                  <String HEIGHT="56"
                          WIDTH="160"
                          VPOS="1917"
                          HPOS="766"
                          CONTENT="potest."/>
                  <SP HEIGHT="56" WIDTH="15" VPOS="1917" HPOS="925"/>
                  <String HEIGHT="56" WIDTH="73" VPOS="1917" HPOS="882" CONTENT="&amp;"/>
                  <SP HEIGHT="56" WIDTH="15" VPOS="1917" HPOS="954"/>
                  <String HEIGHT="56" WIDTH="87" VPOS="1917" HPOS="911" CONTENT="si"/>
                  <SP HEIGHT="56" WIDTH="15" VPOS="1917" HPOS="998"/>
                  <String HEIGHT="56"
                          WIDTH="145"
                          VPOS="1917"
                          HPOS="954"
                          CONTENT="peccet"/>
                  <SP HEIGHT="56" WIDTH="15" VPOS="1917" HPOS="1099"/>
                  <String HEIGHT="56" WIDTH="73" VPOS="1917" HPOS="1056" CONTENT="/"/>
                  <SP HEIGHT="56" WIDTH="15" VPOS="1917" HPOS="1128"/>
                  <String HEIGHT="56"
                          WIDTH="131"
                          VPOS="1917"
                          HPOS="1085"
                          CONTENT="datur"/>
                  <SP HEIGHT="56" WIDTH="15" VPOS="1917" HPOS="1215"/>
                  <String HEIGHT="56" WIDTH="87" VPOS="1917" HPOS="1172" CONTENT="ei"/>
                  <SP HEIGHT="56" WIDTH="15" VPOS="1917" HPOS="1259"/>
                  <String HEIGHT="56"
                          WIDTH="73"
                          VPOS="1917"
                          HPOS="1201"
                          CONTENT="re"
                          SUBS_TYPE="HypPart1"
                          SUBS_CONTENT="remedium"/>
                  <HYP CONTENT="-"/>
               </TextLine>
               <TextLine ID="r1l73"
                         BASELINE="2005"
                         HEIGHT="40"
                         WIDTH="769"
                         VPOS="1965"
                         HPOS="513">
                  <String HEIGHT="40"
                          WIDTH="157"
                          VPOS="1965"
                          HPOS="497"
                          CONTENT="medium"
                          SUBS_TYPE="HypPart2"
                          SUBS_CONTENT="remedium"/>
                  <SP HEIGHT="40" WIDTH="16" VPOS="1965" HPOS="654"/>
                  <String HEIGHT="40"
                          WIDTH="110"
                          VPOS="1965"
                          HPOS="607"
                          CONTENT="per"/>
                  <SP HEIGHT="40" WIDTH="16" VPOS="1965" HPOS="717"/>
                  <String HEIGHT="40"
                          WIDTH="267"
                          VPOS="1965"
                          HPOS="670"
                          CONTENT="poenitentiam."/>
                  <SP HEIGHT="40" WIDTH="16" VPOS="1965" HPOS="937"/>
                  <String HEIGHT="40"
                          WIDTH="110"
                          VPOS="1965"
                          HPOS="890"
                          CONTENT="sed"/>
                  <SP HEIGHT="40" WIDTH="16" VPOS="1965" HPOS="1000"/>
                  <String HEIGHT="40" WIDTH="94" VPOS="1965" HPOS="952" CONTENT="si"/>
                  <SP HEIGHT="40" WIDTH="16" VPOS="1965" HPOS="1047"/>
                  <String HEIGHT="40"
                          WIDTH="110"
                          VPOS="1965"
                          HPOS="1000"
                          CONTENT="ita"/>
                  <SP HEIGHT="40" WIDTH="16" VPOS="1965" HPOS="1109"/>
                  <String HEIGHT="40"
                          WIDTH="141"
                          VPOS="1965"
                          HPOS="1062"
                          CONTENT="foret"/>
                  <SP HEIGHT="40" WIDTH="16" VPOS="1965" HPOS="1204"/>
                  <String HEIGHT="40" WIDTH="94" VPOS="1965" HPOS="1156" CONTENT="vt"/>
                  <SP HEIGHT="40" WIDTH="16" VPOS="1965" HPOS="1251"/>
                  <String HEIGHT="40"
                          WIDTH="94"
                          VPOS="1965"
                          HPOS="1188"
                          CONTENT="argu"/>
               </TextLine>
               <TextLine ID="r1l75"
                         BASELINE="2048"
                         HEIGHT="47"
                         WIDTH="763"
                         VPOS="2001"
                         HPOS="510">
                  <String HEIGHT="47"
                          WIDTH="153"
                          VPOS="2001"
                          HPOS="495"
                          CONTENT="mentum"/>
                  <SP HEIGHT="47" WIDTH="15" VPOS="2001" HPOS="647"/>
                  <String HEIGHT="47"
                          WIDTH="229"
                          VPOS="2001"
                          HPOS="602"
                          CONTENT="imaginatur:"/>
                  <SP HEIGHT="47" WIDTH="15" VPOS="2001" HPOS="830"/>
                  <String HEIGHT="47"
                          WIDTH="122"
                          VPOS="2001"
                          HPOS="785"
                          CONTENT="plus"/>
                  <SP HEIGHT="47" WIDTH="15" VPOS="2001" HPOS="907"/>
                  <String HEIGHT="47"
                          WIDTH="168"
                          VPOS="2001"
                          HPOS="861"
                          CONTENT="deberet"/>
                  <SP HEIGHT="47" WIDTH="15" VPOS="2001" HPOS="1029"/>
                  <String HEIGHT="47"
                          WIDTH="153"
                          VPOS="2001"
                          HPOS="983"
                          CONTENT="curare"/>
                  <SP HEIGHT="47" WIDTH="15" VPOS="2001" HPOS="1136"/>
                  <String HEIGHT="47"
                          WIDTH="168"
                          VPOS="2001"
                          HPOS="1090"
                          CONTENT="salutem"/>
                  <SP HEIGHT="47" WIDTH="15" VPOS="2001" HPOS="1258"/>
                  <String HEIGHT="47"
                          WIDTH="76"
                          VPOS="2001"
                          HPOS="1197"
                          CONTENT="ani"/>
               </TextLine>
               <TextLine ID="r1l77"
                         BASELINE="2108"
                         HEIGHT="56"
                         WIDTH="767"
                         VPOS="2052"
                         HPOS="516">
                  <String HEIGHT="56"
                          WIDTH="101"
                          VPOS="2052"
                          HPOS="502"
                          CONTENT="mae"/>
                  <SP HEIGHT="56" WIDTH="14" VPOS="2052" HPOS="603"/>
                  <String HEIGHT="56"
                          WIDTH="116"
                          VPOS="2052"
                          HPOS="559"
                          CONTENT="suae"/>
                  <SP HEIGHT="56" WIDTH="14" VPOS="2052" HPOS="675"/>
                  <String HEIGHT="56"
                          WIDTH="116"
                          VPOS="2052"
                          HPOS="632"
                          CONTENT="quam"/>
                  <SP HEIGHT="56" WIDTH="14" VPOS="2052" HPOS="748"/>
                  <String HEIGHT="56"
                          WIDTH="130"
                          VPOS="2052"
                          HPOS="704"
                          CONTENT="vitam"/>
                  <SP HEIGHT="56" WIDTH="14" VPOS="2052" HPOS="834"/>
                  <String HEIGHT="56"
                          WIDTH="203"
                          VPOS="2052"
                          HPOS="791"
                          CONTENT="corporalem"/>
                  <SP HEIGHT="56" WIDTH="14" VPOS="2052" HPOS="994"/>
                  <String HEIGHT="56"
                          WIDTH="188"
                          VPOS="2052"
                          HPOS="950"
                          CONTENT="parentum:"/>
                  <SP HEIGHT="56" WIDTH="14" VPOS="2052" HPOS="1138"/>
                  <String HEIGHT="56"
                          WIDTH="116"
                          VPOS="2052"
                          HPOS="1095"
                          CONTENT="immo"/>
                  <SP HEIGHT="56" WIDTH="14" VPOS="2052" HPOS="1211"/>
                  <String HEIGHT="56"
                          WIDTH="116"
                          VPOS="2052"
                          HPOS="1167"
                          CONTENT="quam"/>
                  <SP HEIGHT="56" WIDTH="14" VPOS="2052" HPOS="1283"/>
                  <String HEIGHT="56" WIDTH="58" VPOS="2052" HPOS="1225" CONTENT="vi"/>
               </TextLine>
               <TextLine ID="r1l79"
                         BASELINE="2151"
                         HEIGHT="59"
                         WIDTH="769"
                         VPOS="2092"
                         HPOS="513">
                  <String HEIGHT="59"
                          WIDTH="117"
                          VPOS="2092"
                          HPOS="496"
                          CONTENT="tam"/>
                  <SP HEIGHT="59" WIDTH="17" VPOS="2092" HPOS="613"/>
                  <String HEIGHT="59"
                          WIDTH="234"
                          VPOS="2092"
                          HPOS="563"
                          CONTENT="corporalem"/>
                  <SP HEIGHT="59" WIDTH="17" VPOS="2092" HPOS="797"/>
                  <String HEIGHT="59"
                          WIDTH="217"
                          VPOS="2092"
                          HPOS="747"
                          CONTENT="propriam."/>
                  <SP HEIGHT="59" WIDTH="17" VPOS="2092" HPOS="964"/>
                  <String HEIGHT="59" WIDTH="84" VPOS="2092" HPOS="914" CONTENT="⁋"/>
                  <SP HEIGHT="59" WIDTH="17" VPOS="2092" HPOS="998"/>
                  <String HEIGHT="59" WIDTH="100" VPOS="2092" HPOS="948" CONTENT="Ad"/>
                  <SP HEIGHT="59" WIDTH="17" VPOS="2092" HPOS="1048"/>
                  <String HEIGHT="59"
                          WIDTH="184"
                          VPOS="2092"
                          HPOS="998"
                          CONTENT="quartum"/>
                  <SP HEIGHT="59" WIDTH="17" VPOS="2092" HPOS="1182"/>
                  <String HEIGHT="59"
                          WIDTH="134"
                          VPOS="2092"
                          HPOS="1132"
                          CONTENT="nego"/>
                  <SP HEIGHT="59" WIDTH="17" VPOS="2092" HPOS="1265"/>
                  <String HEIGHT="59"
                          WIDTH="84"
                          VPOS="2092"
                          HPOS="1198"
                          CONTENT="pri"/>
               </TextLine>
               <TextLine ID="r1l81"
                         BASELINE="2194"
                         HEIGHT="54"
                         WIDTH="764"
                         VPOS="2140"
                         HPOS="519">
                  <String HEIGHT="54"
                          WIDTH="114"
                          VPOS="2140"
                          HPOS="503"
                          CONTENT="mam"/>
                  <SP HEIGHT="54" WIDTH="16" VPOS="2140" HPOS="617"/>
                  <String HEIGHT="54"
                          WIDTH="260"
                          VPOS="2140"
                          HPOS="568"
                          CONTENT="propositione"/>
                  <SP HEIGHT="54" WIDTH="16" VPOS="2140" HPOS="828"/>
                  <String HEIGHT="54"
                          WIDTH="130"
                          VPOS="2140"
                          HPOS="779"
                          CONTENT="quod"/>
                  <SP HEIGHT="54" WIDTH="16" VPOS="2140" HPOS="909"/>
                  <String HEIGHT="54"
                          WIDTH="146"
                          VPOS="2140"
                          HPOS="860"
                          CONTENT="solum"/>
                  <SP HEIGHT="54" WIDTH="16" VPOS="2140" HPOS="1007"/>
                  <String HEIGHT="54"
                          WIDTH="195"
                          VPOS="2140"
                          HPOS="958"
                          CONTENT="sequatur"/>
                  <SP HEIGHT="54" WIDTH="16" VPOS="2140" HPOS="1153"/>
                  <String HEIGHT="54"
                          WIDTH="130"
                          VPOS="2140"
                          HPOS="1104"
                          CONTENT="mors"/>
                  <SP HEIGHT="54" WIDTH="16" VPOS="2140" HPOS="1234"/>
                  <String HEIGHT="54"
                          WIDTH="114"
                          VPOS="2140"
                          HPOS="1169"
                          CONTENT="corpo"/>
               </TextLine>
               <TextLine ID="r1l83"
                         BASELINE="2227"
                         HEIGHT="48"
                         WIDTH="765"
                         VPOS="2179"
                         HPOS="515">
                  <String HEIGHT="48"
                          WIDTH="132"
                          VPOS="2179"
                          HPOS="500"
                          CONTENT="ralis"/>
                  <SP HEIGHT="48" WIDTH="15" VPOS="2179" HPOS="633"/>
                  <String HEIGHT="48"
                          WIDTH="191"
                          VPOS="2179"
                          HPOS="589"
                          CONTENT="parentum:"/>
                  <SP HEIGHT="48" WIDTH="15" VPOS="2179" HPOS="780"/>
                  <String HEIGHT="48"
                          WIDTH="118"
                          VPOS="2179"
                          HPOS="736"
                          CONTENT="immo"/>
                  <SP HEIGHT="48" WIDTH="15" VPOS="2179" HPOS="853"/>
                  <String HEIGHT="48"
                          WIDTH="221"
                          VPOS="2179"
                          HPOS="809"
                          CONTENT="spiritualis"/>
                  <SP HEIGHT="48" WIDTH="15" VPOS="2179" HPOS="1030"/>
                  <String HEIGHT="48"
                          WIDTH="118"
                          VPOS="2179"
                          HPOS="986"
                          CONTENT="mors"/>
                  <SP HEIGHT="48" WIDTH="15" VPOS="2179" HPOS="1103"/>
                  <String HEIGHT="48"
                          WIDTH="132"
                          VPOS="2179"
                          HPOS="1059"
                          CONTENT="filii"/>
                  <SP HEIGHT="48" WIDTH="15" VPOS="2179" HPOS="1192"/>
                  <String HEIGHT="48"
                          WIDTH="147"
                          VPOS="2179"
                          HPOS="1133"
                          CONTENT="obligati"/>
               </TextLine>
               <TextLine ID="r1l85"
                         BASELINE="2271"
                         HEIGHT="44"
                         WIDTH="740"
                         VPOS="2227"
                         HPOS="534">
                  <String HEIGHT="44"
                          WIDTH="203"
                          VPOS="2227"
                          HPOS="519"
                          CONTENT="parentibus"/>
                  <SP HEIGHT="44" WIDTH="15" VPOS="2227" HPOS="723"/>
                  <String HEIGHT="44"
                          WIDTH="203"
                          VPOS="2227"
                          HPOS="679"
                          CONTENT="succurrere"/>
                  <SP HEIGHT="44" WIDTH="15" VPOS="2227" HPOS="882"/>
                  <String HEIGHT="44" WIDTH="87" VPOS="2227" HPOS="839" CONTENT="ne"/>
                  <SP HEIGHT="44" WIDTH="15" VPOS="2227" HPOS="926"/>
                  <String HEIGHT="44"
                          WIDTH="174"
                          VPOS="2227"
                          HPOS="882"
                          CONTENT="pereant."/>
                  <SP HEIGHT="44" WIDTH="15" VPOS="2227" HPOS="1056"/>
                  <String HEIGHT="44" WIDTH="73" VPOS="2227" HPOS="1013" CONTENT="&amp;"/>
                  <SP HEIGHT="44" WIDTH="15" VPOS="2227" HPOS="1085"/>
                  <String HEIGHT="44"
                          WIDTH="116"
                          VPOS="2227"
                          HPOS="1042"
                          CONTENT="esto"/>
                  <SP HEIGHT="44" WIDTH="15" VPOS="2227" HPOS="1158"/>
                  <String HEIGHT="44" WIDTH="73" VPOS="2227" HPOS="1114" CONTENT="/"/>
                  <SP HEIGHT="44" WIDTH="15" VPOS="2227" HPOS="1187"/>
                  <String HEIGHT="44"
                          WIDTH="145"
                          VPOS="2227"
                          HPOS="1129"
                          CONTENT="parenti"
                          SUBS_TYPE="HypPart1"
                          SUBS_CONTENT="parentibus"/>
                  <HYP CONTENT="-"/>
               </TextLine>
               <TextLine ID="r1l87"
                         BASELINE="2318"
                         HEIGHT="49"
                         WIDTH="753"
                         VPOS="2269"
                         HPOS="526">
                  <String HEIGHT="49"
                          WIDTH="103"
                          VPOS="2269"
                          HPOS="511"
                          CONTENT="bus"
                          SUBS_TYPE="HypPart2"
                          SUBS_CONTENT="parentibus"/>
                  <SP HEIGHT="49" WIDTH="15" VPOS="2269" HPOS="615"/>
                  <String HEIGHT="49"
                          WIDTH="207"
                          VPOS="2269"
                          HPOS="570"
                          CONTENT="conduceret"/>
                  <SP HEIGHT="49" WIDTH="15" VPOS="2269" HPOS="777"/>
                  <String HEIGHT="49"
                          WIDTH="236"
                          VPOS="2269"
                          HPOS="733"
                          CONTENT="corporaliter"/>
                  <SP HEIGHT="49" WIDTH="15" VPOS="2269" HPOS="969"/>
                  <String HEIGHT="49"
                          WIDTH="133"
                          VPOS="2269"
                          HPOS="925"
                          CONTENT="mori:"/>
                  <SP HEIGHT="49" WIDTH="15" VPOS="2269" HPOS="1058"/>
                  <String HEIGHT="49"
                          WIDTH="133"
                          VPOS="2269"
                          HPOS="1013"
                          CONTENT="filio"/>
                  <SP HEIGHT="49" WIDTH="15" VPOS="2269" HPOS="1146"/>
                  <String HEIGHT="49"
                          WIDTH="103"
                          VPOS="2269"
                          HPOS="1102"
                          CONTENT="hoc"/>
                  <SP HEIGHT="49" WIDTH="15" VPOS="2269" HPOS="1205"/>
                  <String HEIGHT="49"
                          WIDTH="103"
                          VPOS="2269"
                          HPOS="1161"
                          CONTENT="non"/>
                  <SP HEIGHT="49" WIDTH="15" VPOS="2269" HPOS="1264"/>
                  <String HEIGHT="49"
                          WIDTH="74"
                          VPOS="2269"
                          HPOS="1205"
                          CONTENT="con"/>
               </TextLine>
               <TextLine ID="r1l89"
                         BASELINE="2364"
                         HEIGHT="54"
                         WIDTH="764"
                         VPOS="2310"
                         HPOS="521">
                  <String HEIGHT="54"
                          WIDTH="156"
                          VPOS="2310"
                          HPOS="505"
                          CONTENT="ducit:"/>
                  <SP HEIGHT="54" WIDTH="16" VPOS="2310" HPOS="661"/>
                  <String HEIGHT="54"
                          WIDTH="109"
                          VPOS="2310"
                          HPOS="615"
                          CONTENT="qui"/>
                  <SP HEIGHT="54" WIDTH="16" VPOS="2310" HPOS="724"/>
                  <String HEIGHT="54" WIDTH="94" VPOS="2310" HPOS="677" CONTENT="ex"/>
                  <SP HEIGHT="54" WIDTH="16" VPOS="2310" HPOS="770"/>
                  <String HEIGHT="54"
                          WIDTH="203"
                          VPOS="2310"
                          HPOS="724"
                          CONTENT="praecepto"/>
                  <SP HEIGHT="54" WIDTH="16" VPOS="2310" HPOS="926"/>
                  <String HEIGHT="54"
                          WIDTH="156"
                          VPOS="2310"
                          HPOS="880"
                          CONTENT="diuino"/>
                  <SP HEIGHT="54" WIDTH="16" VPOS="2310" HPOS="1036"/>
                  <String HEIGHT="54"
                          WIDTH="172"
                          VPOS="2310"
                          HPOS="989"
                          CONTENT="tenetur"/>
                  <SP HEIGHT="54" WIDTH="16" VPOS="2310" HPOS="1160"/>
                  <String HEIGHT="54"
                          WIDTH="187"
                          VPOS="2310"
                          HPOS="1098"
                          CONTENT="parentibus"/>
               </TextLine>
               <TextLine ID="r1l91"
                         BASELINE="2406"
                         HEIGHT="44"
                         WIDTH="761"
                         VPOS="2362"
                         HPOS="525">
                  <String HEIGHT="44"
                          WIDTH="213"
                          VPOS="2362"
                          HPOS="510"
                          CONTENT="subuenire:"/>
                  <SP HEIGHT="44" WIDTH="15" VPOS="2362" HPOS="723"/>
                  <String HEIGHT="44"
                          WIDTH="137"
                          VPOS="2362"
                          HPOS="677"
                          CONTENT="licet"/>
                  <SP HEIGHT="44" WIDTH="15" VPOS="2362" HPOS="814"/>
                  <String HEIGHT="44"
                          WIDTH="183"
                          VPOS="2362"
                          HPOS="769"
                          CONTENT="iacturam"/>
                  <SP HEIGHT="44" WIDTH="15" VPOS="2362" HPOS="951"/>
                  <String HEIGHT="44" WIDTH="91" VPOS="2362" HPOS="906" CONTENT="in"/>
                  <SP HEIGHT="44" WIDTH="15" VPOS="2362" HPOS="997"/>
                  <String HEIGHT="44"
                          WIDTH="259"
                          VPOS="2362"
                          HPOS="951"
                          CONTENT="spiritualibus"/>
                  <SP HEIGHT="44" WIDTH="15" VPOS="2362" HPOS="1210"/>
                  <String HEIGHT="44"
                          WIDTH="137"
                          VPOS="2362"
                          HPOS="1149"
                          CONTENT="faciat."/>
               </TextLine>
               <TextLine ID="r1l94"
                         BASELINE="2468"
                         HEIGHT="61"
                         WIDTH="766"
                         VPOS="2407"
                         HPOS="522">
                  <String HEIGHT="61" WIDTH="80" VPOS="2407" HPOS="506" CONTENT="⁋"/>
                  <SP HEIGHT="61" WIDTH="16" VPOS="2407" HPOS="586"/>
                  <String HEIGHT="61" WIDTH="96" VPOS="2407" HPOS="538" CONTENT="Ad"/>
                  <SP HEIGHT="61" WIDTH="16" VPOS="2407" HPOS="634"/>
                  <String HEIGHT="61"
                          WIDTH="176"
                          VPOS="2407"
                          HPOS="586"
                          CONTENT="quintum"/>
                  <SP HEIGHT="61" WIDTH="16" VPOS="2407" HPOS="761"/>
                  <String HEIGHT="61"
                          WIDTH="176"
                          VPOS="2407"
                          HPOS="714"
                          CONTENT="concedo"/>
                  <SP HEIGHT="61" WIDTH="16" VPOS="2407" HPOS="889"/>
                  <String HEIGHT="61"
                          WIDTH="255"
                          VPOS="2407"
                          HPOS="841"
                          CONTENT="auctoritatem"/>
                  <SP HEIGHT="61" WIDTH="16" VPOS="2407" HPOS="1097"/>
                  <String HEIGHT="61" WIDTH="96" VPOS="2407" HPOS="1049" CONTENT="vt"/>
                  <SP HEIGHT="61" WIDTH="16" VPOS="2407" HPOS="1144"/>
                  <String HEIGHT="61"
                          WIDTH="160"
                          VPOS="2407"
                          HPOS="1097"
                          CONTENT="iacet:"/>
                  <SP HEIGHT="61" WIDTH="16" VPOS="2407" HPOS="1256"/>
                  <String HEIGHT="61"
                          WIDTH="96"
                          VPOS="2407"
                          HPOS="1192"
                          CONTENT="quia"/>
               </TextLine>
               <TextLine ID="r1l95"
                         BASELINE="2499"
                         HEIGHT="55"
                         WIDTH="757"
                         VPOS="2444"
                         HPOS="519">
                  <String HEIGHT="55"
                          WIDTH="136"
                          VPOS="2444"
                          HPOS="504"
                          CONTENT="illic"/>
                  <SP HEIGHT="55" WIDTH="15" VPOS="2444" HPOS="640"/>
                  <String HEIGHT="55"
                          WIDTH="106"
                          VPOS="2444"
                          HPOS="595"
                          CONTENT="est"/>
                  <SP HEIGHT="55" WIDTH="15" VPOS="2444" HPOS="701"/>
                  <String HEIGHT="55"
                          WIDTH="136"
                          VPOS="2444"
                          HPOS="655"
                          CONTENT="sermo"/>
                  <SP HEIGHT="55" WIDTH="15" VPOS="2444" HPOS="792"/>
                  <String HEIGHT="55" WIDTH="91" VPOS="2444" HPOS="746" CONTENT="de"/>
                  <SP HEIGHT="55" WIDTH="15" VPOS="2444" HPOS="837"/>
                  <String HEIGHT="55"
                          WIDTH="121"
                          VPOS="2444"
                          HPOS="792"
                          CONTENT="illo"/>
                  <SP HEIGHT="55" WIDTH="15" VPOS="2444" HPOS="913"/>
                  <String HEIGHT="55"
                          WIDTH="106"
                          VPOS="2444"
                          HPOS="867"
                          CONTENT="qui"/>
                  <SP HEIGHT="55" WIDTH="15" VPOS="2444" HPOS="973"/>
                  <String HEIGHT="55" WIDTH="91" VPOS="2444" HPOS="928" CONTENT="ad"/>
                  <SP HEIGHT="55" WIDTH="15" VPOS="2444" HPOS="1019"/>
                  <String HEIGHT="55"
                          WIDTH="136"
                          VPOS="2444"
                          HPOS="973"
                          CONTENT="fidem"/>
                  <SP HEIGHT="55" WIDTH="15" VPOS="2444" HPOS="1109"/>
                  <String HEIGHT="55"
                          WIDTH="212"
                          VPOS="2444"
                          HPOS="1064"
                          CONTENT="catholicam"/>
                  <SP HEIGHT="55" WIDTH="15" VPOS="2444" HPOS="1276"/>
                  <String HEIGHT="55" WIDTH="61" VPOS="2444" HPOS="1215" CONTENT="no"/>
               </TextLine>
               <TextLine ID="r1l97"
                         BASELINE="2537"
                         HEIGHT="47"
                         WIDTH="754"
                         VPOS="2490"
                         HPOS="529">
                  <String HEIGHT="47"
                          WIDTH="241"
                          VPOS="2490"
                          HPOS="514"
                          CONTENT="conuertitur,"/>
                  <SP HEIGHT="47" WIDTH="15" VPOS="2490" HPOS="755"/>
                  <String HEIGHT="47"
                          WIDTH="106"
                          VPOS="2490"
                          HPOS="710"
                          CONTENT="vel"/>
                  <SP HEIGHT="47" WIDTH="15" VPOS="2490" HPOS="816"/>
                  <String HEIGHT="47"
                          WIDTH="106"
                          VPOS="2490"
                          HPOS="770"
                          CONTENT="eam"/>
                  <SP HEIGHT="47" WIDTH="15" VPOS="2490" HPOS="876"/>
                  <String HEIGHT="47"
                          WIDTH="196"
                          VPOS="2490"
                          HPOS="831"
                          CONTENT="relinquit"/>
                  <SP HEIGHT="47" WIDTH="15" VPOS="2490" HPOS="1027"/>
                  <String HEIGHT="47"
                          WIDTH="151"
                          VPOS="2490"
                          HPOS="981"
                          CONTENT="gratia"/>
                  <SP HEIGHT="47" WIDTH="15" VPOS="2490" HPOS="1132"/>
                  <String HEIGHT="47"
                          WIDTH="196"
                          VPOS="2490"
                          HPOS="1087"
                          CONTENT="parentum."/>
                  <SP HEIGHT="47" WIDTH="15" VPOS="2490" HPOS="1283"/>
                  <String HEIGHT="47" WIDTH="60" VPOS="2490" HPOS="1223" CONTENT="is"/>
               </TextLine>
               <TextLine ID="r1l99"
                         BASELINE="2593"
                         HEIGHT="60"
                         WIDTH="751"
                         VPOS="2533"
                         HPOS="529">
                  <String HEIGHT="60"
                          WIDTH="113"
                          VPOS="2533"
                          HPOS="515"
                          CONTENT="enim"/>
                  <SP HEIGHT="60" WIDTH="14" VPOS="2533" HPOS="628"/>
                  <String HEIGHT="60"
                          WIDTH="184"
                          VPOS="2533"
                          HPOS="586"
                          CONTENT="peruertit"/>
                  <SP HEIGHT="60" WIDTH="14" VPOS="2533" HPOS="770"/>
                  <String HEIGHT="60"
                          WIDTH="198"
                          VPOS="2533"
                          HPOS="727"
                          CONTENT="charitatis"/>
                  <SP HEIGHT="60" WIDTH="14" VPOS="2533" HPOS="926"/>
                  <String HEIGHT="60"
                          WIDTH="170"
                          VPOS="2533"
                          HPOS="883"
                          CONTENT="ordinem:"/>
                  <SP HEIGHT="60" WIDTH="14" VPOS="2533" HPOS="1053"/>
                  <String HEIGHT="60"
                          WIDTH="99"
                          VPOS="2533"
                          HPOS="1011"
                          CONTENT="cum"/>
                  <SP HEIGHT="60" WIDTH="14" VPOS="2533" HPOS="1110"/>
                  <String HEIGHT="60"
                          WIDTH="113"
                          VPOS="2533"
                          HPOS="1067"
                          CONTENT="deus"/>
                  <SP HEIGHT="60" WIDTH="14" VPOS="2533" HPOS="1181"/>
                  <String HEIGHT="60"
                          WIDTH="99"
                          VPOS="2533"
                          HPOS="1138"
                          CONTENT="sit"/>
                  <SP HEIGHT="60" WIDTH="14" VPOS="2533" HPOS="1237"/>
                  <String HEIGHT="60"
                          WIDTH="99"
                          VPOS="2533"
                          HPOS="1181"
                          CONTENT="super"/>
               </TextLine>
               <TextLine ID="r1l101"
                         BASELINE="2641"
                         HEIGHT="51"
                         WIDTH="754"
                         VPOS="2590"
                         HPOS="532">
                  <String HEIGHT="51"
                          WIDTH="133"
                          VPOS="2590"
                          HPOS="517"
                          CONTENT="omnia"/>
                  <SP HEIGHT="51" WIDTH="15" VPOS="2590" HPOS="650"/>
                  <String HEIGHT="51"
                          WIDTH="222"
                          VPOS="2590"
                          HPOS="606"
                          CONTENT="diligendus."/>
                  <SP HEIGHT="51" WIDTH="15" VPOS="2590" HPOS="828"/>
                  <String HEIGHT="51" WIDTH="89" VPOS="2590" HPOS="783" CONTENT="in"/>
                  <SP HEIGHT="51" WIDTH="15" VPOS="2590" HPOS="872"/>
                  <String HEIGHT="51"
                          WIDTH="192"
                          VPOS="2590"
                          HPOS="828"
                          CONTENT="proposito"/>
                  <SP HEIGHT="51" WIDTH="15" VPOS="2590" HPOS="1020"/>
                  <String HEIGHT="51"
                          WIDTH="133"
                          VPOS="2590"
                          HPOS="976"
                          CONTENT="autem"/>
                  <SP HEIGHT="51" WIDTH="15" VPOS="2590" HPOS="1109"/>
                  <String HEIGHT="51"
                          WIDTH="148"
                          VPOS="2590"
                          HPOS="1064"
                          CONTENT="nostro"/>
                  <SP HEIGHT="51" WIDTH="15" VPOS="2590" HPOS="1212"/>
                  <String HEIGHT="51"
                          WIDTH="133"
                          VPOS="2590"
                          HPOS="1153"
                          CONTENT="propter"/>
               </TextLine>
               <TextLine ID="r1l103"
                         BASELINE="2679"
                         HEIGHT="50"
                         WIDTH="755"
                         VPOS="2629"
                         HPOS="525">
                  <String HEIGHT="50"
                          WIDTH="203"
                          VPOS="2629"
                          HPOS="510"
                          CONTENT="praeceptum"/>
                  <SP HEIGHT="50" WIDTH="15" VPOS="2629" HPOS="714"/>
                  <String HEIGHT="50"
                          WIDTH="102"
                          VPOS="2629"
                          HPOS="670"
                          CONTENT="dei"/>
                  <SP HEIGHT="50" WIDTH="15" VPOS="2629" HPOS="772"/>
                  <String HEIGHT="50"
                          WIDTH="116"
                          VPOS="2629"
                          HPOS="728"
                          CONTENT="iste"/>
                  <SP HEIGHT="50" WIDTH="15" VPOS="2629" HPOS="844"/>
                  <String HEIGHT="50"
                          WIDTH="189"
                          VPOS="2629"
                          HPOS="801"
                          CONTENT="succurrit"/>
                  <SP HEIGHT="50" WIDTH="15" VPOS="2629" HPOS="990"/>
                  <String HEIGHT="50"
                          WIDTH="218"
                          VPOS="2629"
                          HPOS="946"
                          CONTENT="parentibus."/>
                  <SP HEIGHT="50" WIDTH="15" VPOS="2629" HPOS="1164"/>
                  <String HEIGHT="50" WIDTH="73" VPOS="2629" HPOS="1120" CONTENT="&amp;"/>
                  <SP HEIGHT="50" WIDTH="15" VPOS="2629" HPOS="1193"/>
                  <String HEIGHT="50"
                          WIDTH="102"
                          VPOS="2629"
                          HPOS="1149"
                          CONTENT="vbi"/>
                  <SP HEIGHT="50" WIDTH="15" VPOS="2629" HPOS="1251"/>
                  <String HEIGHT="50"
                          WIDTH="87"
                          VPOS="2629"
                          HPOS="1193"
                          CONTENT="deus"/>
               </TextLine>
               <TextLine ID="r1l105"
                         BASELINE="2727"
                         HEIGHT="50"
                         WIDTH="769"
                         VPOS="2677"
                         HPOS="523">
                  <String HEIGHT="50"
                          WIDTH="231"
                          VPOS="2677"
                          HPOS="508"
                          CONTENT="praeciperet"/>
                  <SP HEIGHT="50" WIDTH="15" VPOS="2677" HPOS="738"/>
                  <String HEIGHT="50"
                          WIDTH="138"
                          VPOS="2677"
                          HPOS="692"
                          CONTENT="vnum:"/>
                  <SP HEIGHT="50" WIDTH="15" VPOS="2677" HPOS="831"/>
                  <String HEIGHT="50" WIDTH="77" VPOS="2677" HPOS="784" CONTENT="&amp;"/>
                  <SP HEIGHT="50" WIDTH="15" VPOS="2677" HPOS="861"/>
                  <String HEIGHT="50"
                          WIDTH="185"
                          VPOS="2677"
                          HPOS="815"
                          CONTENT="parentes"/>
                  <SP HEIGHT="50" WIDTH="15" VPOS="2677" HPOS="1000"/>
                  <String HEIGHT="50"
                          WIDTH="154"
                          VPOS="2677"
                          HPOS="954"
                          CONTENT="aliud:"/>
                  <SP HEIGHT="50" WIDTH="15" VPOS="2677" HPOS="1107"/>
                  <String HEIGHT="50"
                          WIDTH="108"
                          VPOS="2677"
                          HPOS="1061"
                          CONTENT="deo"/>
                  <SP HEIGHT="50" WIDTH="15" VPOS="2677" HPOS="1169"/>
                  <String HEIGHT="50"
                          WIDTH="185"
                          VPOS="2677"
                          HPOS="1107"
                          CONTENT="parentibus"/>
               </TextLine>
               <TextLine ID="r1l107"
                         BASELINE="2763"
                         HEIGHT="52"
                         WIDTH="747"
                         VPOS="2711"
                         HPOS="532">
                  <String HEIGHT="52"
                          WIDTH="160"
                          VPOS="2711"
                          HPOS="519"
                          CONTENT="relictis"/>
                  <SP HEIGHT="52" WIDTH="13" VPOS="2711" HPOS="679"/>
                  <String HEIGHT="52" WIDTH="67" VPOS="2711" HPOS="639" CONTENT="/"/>
                  <SP HEIGHT="52" WIDTH="13" VPOS="2711" HPOS="705"/>
                  <String HEIGHT="52"
                          WIDTH="160"
                          VPOS="2711"
                          HPOS="665"
                          CONTENT="parebit,"/>
                  <SP HEIGHT="52" WIDTH="13" VPOS="2711" HPOS="825"/>
                  <String HEIGHT="52"
                          WIDTH="160"
                          VPOS="2711"
                          HPOS="785"
                          CONTENT="quatenus"/>
                  <SP HEIGHT="52" WIDTH="13" VPOS="2711" HPOS="946"/>
                  <String HEIGHT="52"
                          WIDTH="187"
                          VPOS="2711"
                          HPOS="906"
                          CONTENT="parentibus"/>
                  <SP HEIGHT="52" WIDTH="13" VPOS="2711" HPOS="1092"/>
                  <String HEIGHT="52"
                          WIDTH="187"
                          VPOS="2711"
                          HPOS="1052"
                          CONTENT="succurrat."/>
                  <SP HEIGHT="52" WIDTH="13" VPOS="2711" HPOS="1239"/>
                  <String HEIGHT="52" WIDTH="67" VPOS="2711" HPOS="1199" CONTENT="&amp;"/>
                  <SP HEIGHT="52" WIDTH="13" VPOS="2711" HPOS="1266"/>
                  <String HEIGHT="52"
                          WIDTH="67"
                          VPOS="2711"
                          HPOS="1212"
                          CONTENT="vbi"/>
               </TextLine>
               <TextLine ID="r1l108"
                         BASELINE="2822"
                         HEIGHT="61"
                         WIDTH="761"
                         VPOS="2761"
                         HPOS="528">
                  <String HEIGHT="61"
                          WIDTH="155"
                          VPOS="2761"
                          HPOS="512"
                          CONTENT="nullus"/>
                  <SP HEIGHT="61" WIDTH="16" VPOS="2761" HPOS="668"/>
                  <String HEIGHT="61"
                          WIDTH="140"
                          VPOS="2761"
                          HPOS="621"
                          CONTENT="alius"/>
                  <SP HEIGHT="61" WIDTH="16" VPOS="2761" HPOS="761"/>
                  <String HEIGHT="61"
                          WIDTH="109"
                          VPOS="2761"
                          HPOS="714"
                          CONTENT="eis"/>
                  <SP HEIGHT="61" WIDTH="16" VPOS="2761" HPOS="823"/>
                  <String HEIGHT="61"
                          WIDTH="186"
                          VPOS="2761"
                          HPOS="776"
                          CONTENT="prouidet"/>
                  <SP HEIGHT="61" WIDTH="16" VPOS="2761" HPOS="963"/>
                  <String HEIGHT="61"
                          WIDTH="109"
                          VPOS="2761"
                          HPOS="916"
                          CONTENT="non"/>
                  <SP HEIGHT="61" WIDTH="16" VPOS="2761" HPOS="1025"/>
                  <String HEIGHT="61"
                          WIDTH="140"
                          VPOS="2761"
                          HPOS="978"
                          CONTENT="solum"/>
                  <SP HEIGHT="61" WIDTH="16" VPOS="2761" HPOS="1118"/>
                  <String HEIGHT="61" WIDTH="93" VPOS="2761" HPOS="1072" CONTENT="in"/>
                  <SP HEIGHT="61" WIDTH="16" VPOS="2761" HPOS="1165"/>
                  <String HEIGHT="61"
                          WIDTH="171"
                          VPOS="2761"
                          HPOS="1118"
                          CONTENT="extrema"/>
                  <SP HEIGHT="61" WIDTH="16" VPOS="2761" HPOS="1289"/>
                  <String HEIGHT="61" WIDTH="62" VPOS="2761" HPOS="1227" CONTENT="ne"/>
               </TextLine>
            </TextBlock>
            <TextBlock ID="TextRegion_1592249025566_1181"
                       HEIGHT="2525"
                       WIDTH="826"
                       VPOS="284"
                       HPOS="1301">
               <Shape>
                  <Polygon POINTS="1301,284 2127,284 2127,2809 1301,2809"/>
               </Shape>
               <TextLine ID="r1l2"
                         BASELINE="410"
                         HEIGHT="70"
                         WIDTH="776"
                         VPOS="340"
                         HPOS="1321">
                  <String HEIGHT="70"
                          WIDTH="198"
                          VPOS="340"
                          HPOS="1307"
                          CONTENT="cessitate:"/>
                  <SP HEIGHT="70" WIDTH="14" VPOS="340" HPOS="1504"/>
                  <String HEIGHT="70" WIDTH="99" VPOS="340" HPOS="1462" CONTENT="sed"/>
                  <SP HEIGHT="70" WIDTH="14" VPOS="340" HPOS="1561"/>
                  <String HEIGHT="70"
                          WIDTH="127"
                          VPOS="340"
                          HPOS="1519"
                          CONTENT="etiam"/>
                  <SP HEIGHT="70" WIDTH="14" VPOS="340" HPOS="1646"/>
                  <String HEIGHT="70"
                          WIDTH="198"
                          VPOS="340"
                          HPOS="1603"
                          CONTENT="differenda"/>
                  <SP HEIGHT="70" WIDTH="14" VPOS="340" HPOS="1801"/>
                  <String HEIGHT="70" WIDTH="99" VPOS="340" HPOS="1758" CONTENT="est"/>
                  <SP HEIGHT="70" WIDTH="14" VPOS="340" HPOS="1857"/>
                  <String HEIGHT="70"
                          WIDTH="155"
                          VPOS="340"
                          HPOS="1815"
                          CONTENT="religio"/>
                  <SP HEIGHT="70" WIDTH="14" VPOS="340" HPOS="1970"/>
                  <String HEIGHT="70"
                          WIDTH="198"
                          VPOS="340"
                          HPOS="1928"
                          CONTENT="potiusquam"/>
                  <SP HEIGHT="70" WIDTH="14" VPOS="340" HPOS="2125"/>
                  <String HEIGHT="70" WIDTH="28" VPOS="340" HPOS="2069" CONTENT=""/>
               </TextLine>
               <TextLine ID="r1l4"
                         BASELINE="455"
                         HEIGHT="57"
                         WIDTH="769"
                         VPOS="398"
                         HPOS="1321">
                  <String HEIGHT="57"
                          WIDTH="185"
                          VPOS="398"
                          HPOS="1306"
                          CONTENT="notabile"/>
                  <SP HEIGHT="57" WIDTH="15" VPOS="398" HPOS="1490"/>
                  <String HEIGHT="57"
                          WIDTH="231"
                          VPOS="398"
                          HPOS="1444"
                          CONTENT="detrimentum"/>
                  <SP HEIGHT="57" WIDTH="15" VPOS="398" HPOS="1675"/>
                  <String HEIGHT="57"
                          WIDTH="215"
                          VPOS="398"
                          HPOS="1629"
                          CONTENT="patiantur:"/>
                  <SP HEIGHT="57" WIDTH="15" VPOS="398" HPOS="1844"/>
                  <String HEIGHT="57"
                          WIDTH="154"
                          VPOS="398"
                          HPOS="1798"
                          CONTENT="vtpote"/>
                  <SP HEIGHT="57" WIDTH="15" VPOS="398" HPOS="1952"/>
                  <String HEIGHT="57"
                          WIDTH="123"
                          VPOS="398"
                          HPOS="1905"
                          CONTENT="quod"/>
                  <SP HEIGHT="57" WIDTH="15" VPOS="398" HPOS="2028"/>
                  <String HEIGHT="57"
                          WIDTH="123"
                          VPOS="398"
                          HPOS="1967"
                          CONTENT="mendi"
                          SUBS_TYPE="HypPart1"
                          SUBS_CONTENT="mendicando,"/>
                  <HYP CONTENT="-"/>
               </TextLine>
               <TextLine ID="r1l6"
                         BASELINE="501"
                         HEIGHT="51"
                         WIDTH="775"
                         VPOS="450"
                         HPOS="1327">
                  <String HEIGHT="51"
                          WIDTH="149"
                          VPOS="450"
                          HPOS="1312"
                          CONTENT="cando,"
                          SUBS_TYPE="HypPart2"
                          SUBS_CONTENT="mendicando,"/>
                  <SP HEIGHT="51" WIDTH="15" VPOS="450" HPOS="1461"/>
                  <String HEIGHT="51"
                          WIDTH="104"
                          VPOS="450"
                          HPOS="1416"
                          CONTENT="vel"/>
                  <SP HEIGHT="51" WIDTH="15" VPOS="450" HPOS="1521"/>
                  <String HEIGHT="51"
                          WIDTH="194"
                          VPOS="450"
                          HPOS="1476"
                          CONTENT="seruiendo"/>
                  <SP HEIGHT="51" WIDTH="15" VPOS="450" HPOS="1670"/>
                  <String HEIGHT="51"
                          WIDTH="134"
                          VPOS="450"
                          HPOS="1625"
                          CONTENT="vitam"/>
                  <SP HEIGHT="51" WIDTH="15" VPOS="450" HPOS="1759"/>
                  <String HEIGHT="51"
                          WIDTH="194"
                          VPOS="450"
                          HPOS="1715"
                          CONTENT="protegant"/>
                  <SP HEIGHT="51" WIDTH="15" VPOS="450" HPOS="1908"/>
                  <String HEIGHT="51" WIDTH="75" VPOS="450" HPOS="1864" CONTENT="/"/>
                  <SP HEIGHT="51" WIDTH="15" VPOS="450" HPOS="1938"/>
                  <String HEIGHT="51" WIDTH="89" VPOS="450" HPOS="1893" CONTENT="si"/>
                  <SP HEIGHT="51" WIDTH="15" VPOS="450" HPOS="1983"/>
                  <String HEIGHT="51"
                          WIDTH="119"
                          VPOS="450"
                          HPOS="1938"
                          CONTENT="ante"/>
                  <SP HEIGHT="51" WIDTH="15" VPOS="450" HPOS="2057"/>
                  <String HEIGHT="51"
                          WIDTH="104"
                          VPOS="450"
                          HPOS="1998"
                          CONTENT="erant"/>
               </TextLine>
               <TextLine ID="r1l8"
                         BASELINE="539"
                         HEIGHT="50"
                         WIDTH="764"
                         VPOS="489"
                         HPOS="1332">
                  <String HEIGHT="50"
                          WIDTH="195"
                          VPOS="489"
                          HPOS="1316"
                          CONTENT="nonesti:"/>
                  <SP HEIGHT="50" WIDTH="16" VPOS="489" HPOS="1511"/>
                  <String HEIGHT="50"
                          WIDTH="114"
                          VPOS="489"
                          HPOS="1462"
                          CONTENT="non"/>
                  <SP HEIGHT="50" WIDTH="16" VPOS="489" HPOS="1576"/>
                  <String HEIGHT="50"
                          WIDTH="146"
                          VPOS="489"
                          HPOS="1527"
                          CONTENT="autem"/>
                  <SP HEIGHT="50" WIDTH="16" VPOS="489" HPOS="1673"/>
                  <String HEIGHT="50"
                          WIDTH="114"
                          VPOS="489"
                          HPOS="1625"
                          CONTENT="pro"/>
                  <SP HEIGHT="50" WIDTH="16" VPOS="489" HPOS="1738"/>
                  <String HEIGHT="50"
                          WIDTH="146"
                          VPOS="489"
                          HPOS="1690"
                          CONTENT="eorum"/>
                  <SP HEIGHT="50" WIDTH="16" VPOS="489" HPOS="1836"/>
                  <String HEIGHT="50"
                          WIDTH="179"
                          VPOS="489"
                          HPOS="1787"
                          CONTENT="pomposo"/>
                  <SP HEIGHT="50" WIDTH="16" VPOS="489" HPOS="1966"/>
                  <String HEIGHT="50"
                          WIDTH="163"
                          VPOS="489"
                          HPOS="1917"
                          CONTENT="statu,"/>
                  <SP HEIGHT="50" WIDTH="16" VPOS="489" HPOS="2080"/>
                  <String HEIGHT="50" WIDTH="81" VPOS="489" HPOS="2015" CONTENT="vel"/>
               </TextLine>
               <TextLine ID="r1l10"
                         BASELINE="590"
                         HEIGHT="54"
                         WIDTH="780"
                         VPOS="536"
                         HPOS="1327">
                  <String HEIGHT="54" WIDTH="87" VPOS="536" HPOS="1313" CONTENT="ob"/>
                  <SP HEIGHT="54" WIDTH="14" VPOS="536" HPOS="1399"/>
                  <String HEIGHT="54"
                          WIDTH="130"
                          VPOS="536"
                          HPOS="1356"
                          CONTENT="eorum"/>
                  <SP HEIGHT="54" WIDTH="14" VPOS="536" HPOS="1486"/>
                  <String HEIGHT="54"
                          WIDTH="217"
                          VPOS="536"
                          HPOS="1443"
                          CONTENT="tristitiam."/>
                  <SP HEIGHT="54" WIDTH="14" VPOS="536" HPOS="1659"/>
                  <String HEIGHT="54" WIDTH="87" VPOS="536" HPOS="1616" CONTENT="in"/>
                  <SP HEIGHT="54" WIDTH="14" VPOS="536" HPOS="1703"/>
                  <String HEIGHT="54"
                          WIDTH="101"
                          VPOS="536"
                          HPOS="1659"
                          CONTENT="iis"/>
                  <SP HEIGHT="54" WIDTH="14" VPOS="536" HPOS="1760"/>
                  <String HEIGHT="54"
                          WIDTH="116"
                          VPOS="536"
                          HPOS="1717"
                          CONTENT="enim"/>
                  <SP HEIGHT="54" WIDTH="14" VPOS="536" HPOS="1833"/>
                  <String HEIGHT="54"
                          WIDTH="217"
                          VPOS="536"
                          HPOS="1789"
                          CONTENT="verificatur"/>
                  <SP HEIGHT="54" WIDTH="14" VPOS="536" HPOS="2006"/>
                  <String HEIGHT="54"
                          WIDTH="130"
                          VPOS="536"
                          HPOS="1963"
                          CONTENT="illud"/>
                  <SP HEIGHT="54" WIDTH="14" VPOS="536" HPOS="2093"/>
                  <String HEIGHT="54" WIDTH="72" VPOS="536" HPOS="2035" CONTENT="Hie"/>
               </TextLine>
               <TextLine ID="r1l12"
                         BASELINE="639"
                         HEIGHT="52"
                         WIDTH="776"
                         VPOS="587"
                         HPOS="1326">
                  <String HEIGHT="52"
                          WIDTH="176"
                          VPOS="587"
                          HPOS="1308"
                          CONTENT="ronymi"/>
                  <SP HEIGHT="52" WIDTH="18" VPOS="587" HPOS="1485"/>
                  <String HEIGHT="52" WIDTH="106" VPOS="587" HPOS="1432" CONTENT="ad"/>
                  <SP HEIGHT="52" WIDTH="18" VPOS="587" HPOS="1538"/>
                  <String HEIGHT="52"
                          WIDTH="265"
                          VPOS="587"
                          HPOS="1485"
                          CONTENT="Heliodorum."/>
                  <SP HEIGHT="52" WIDTH="18" VPOS="587" HPOS="1749"/>
                  <String HEIGHT="52"
                          WIDTH="123"
                          VPOS="587"
                          HPOS="1696"
                          CONTENT="Per"/>
                  <SP HEIGHT="52" WIDTH="18" VPOS="587" HPOS="1820"/>
                  <String HEIGHT="52"
                          WIDTH="212"
                          VPOS="587"
                          HPOS="1767"
                          CONTENT="calcatum"/>
                  <SP HEIGHT="52" WIDTH="18" VPOS="587" HPOS="1979"/>
                  <String HEIGHT="52"
                          WIDTH="159"
                          VPOS="587"
                          HPOS="1926"
                          CONTENT="perge"/>
                  <SP HEIGHT="52" WIDTH="18" VPOS="587" HPOS="2084"/>
                  <String HEIGHT="52"
                          WIDTH="88"
                          VPOS="587"
                          HPOS="2014"
                          CONTENT="pa"
                          SUBS_TYPE="HypPart1"
                          SUBS_CONTENT="patrem:"/>
                  <HYP CONTENT="-"/>
               </TextLine>
               <TextLine ID="r1l14"
                         BASELINE="675"
                         HEIGHT="38"
                         WIDTH="775"
                         VPOS="637"
                         HPOS="1330">
                  <String HEIGHT="38"
                          WIDTH="145"
                          VPOS="637"
                          HPOS="1314"
                          CONTENT="trem:"
                          SUBS_TYPE="HypPart2"
                          SUBS_CONTENT="patrem:"/>
                  <SP HEIGHT="38" WIDTH="16" VPOS="637" HPOS="1459"/>
                  <String HEIGHT="38"
                          WIDTH="113"
                          VPOS="637"
                          HPOS="1411"
                          CONTENT="per"/>
                  <SP HEIGHT="38" WIDTH="16" VPOS="637" HPOS="1524"/>
                  <String HEIGHT="38"
                          WIDTH="194"
                          VPOS="637"
                          HPOS="1475"
                          CONTENT="calcatam"/>
                  <SP HEIGHT="38" WIDTH="16" VPOS="637" HPOS="1669"/>
                  <String HEIGHT="38"
                          WIDTH="145"
                          VPOS="637"
                          HPOS="1621"
                          CONTENT="perge"/>
                  <SP HEIGHT="38" WIDTH="16" VPOS="637" HPOS="1766"/>
                  <String HEIGHT="38"
                          WIDTH="178"
                          VPOS="637"
                          HPOS="1718"
                          CONTENT="matrem."/>
                  <SP HEIGHT="38" WIDTH="16" VPOS="637" HPOS="1895"/>
                  <String HEIGHT="38"
                          WIDTH="145"
                          VPOS="637"
                          HPOS="1847"
                          CONTENT="licet"/>
                  <SP HEIGHT="38" WIDTH="16" VPOS="637" HPOS="1992"/>
                  <String HEIGHT="38"
                          WIDTH="145"
                          VPOS="637"
                          HPOS="1944"
                          CONTENT="illud"/>
                  <SP HEIGHT="38" WIDTH="16" VPOS="637" HPOS="2089"/>
                  <String HEIGHT="38"
                          WIDTH="81"
                          VPOS="637"
                          HPOS="2024"
                          CONTENT="me"
                          SUBS_TYPE="HypPart1"
                          SUBS_CONTENT="meius"/>
                  <HYP CONTENT="-"/>
               </TextLine>
               <TextLine ID="r1l16"
                         BASELINE="723"
                         HEIGHT="58"
                         WIDTH="760"
                         VPOS="665"
                         HPOS="1339">
                  <String HEIGHT="58"
                          WIDTH="106"
                          VPOS="665"
                          HPOS="1324"
                          CONTENT="ius"
                          SUBS_TYPE="HypPart2"
                          SUBS_CONTENT="meius"/>
                  <SP HEIGHT="58" WIDTH="15" VPOS="665" HPOS="1430"/>
                  <String HEIGHT="58"
                          WIDTH="167"
                          VPOS="665"
                          HPOS="1385"
                          CONTENT="quadret"/>
                  <SP HEIGHT="58" WIDTH="15" VPOS="665" HPOS="1552"/>
                  <String HEIGHT="58" WIDTH="91" VPOS="665" HPOS="1506" CONTENT="de"/>
                  <SP HEIGHT="58" WIDTH="15" VPOS="665" HPOS="1597"/>
                  <String HEIGHT="58"
                          WIDTH="228"
                          VPOS="665"
                          HPOS="1552"
                          CONTENT="assumptione"/>
                  <SP HEIGHT="58" WIDTH="15" VPOS="665" HPOS="1780"/>
                  <String HEIGHT="58"
                          WIDTH="213"
                          VPOS="665"
                          HPOS="1734"
                          CONTENT="religionis"/>
                  <SP HEIGHT="58" WIDTH="15" VPOS="665" HPOS="1947"/>
                  <String HEIGHT="58"
                          WIDTH="213"
                          VPOS="665"
                          HPOS="1886"
                          CONTENT="christianae."/>
               </TextLine>
               <TextLine ID="r1l18"
                         BASELINE="763"
                         HEIGHT="51"
                         WIDTH="787"
                         VPOS="712"
                         HPOS="1326">
                  <String HEIGHT="51" WIDTH="82" VPOS="712" HPOS="1310" CONTENT="⁋"/>
                  <SP HEIGHT="51" WIDTH="16" VPOS="712" HPOS="1392"/>
                  <String HEIGHT="51"
                          WIDTH="131"
                          VPOS="712"
                          HPOS="1342"
                          CONTENT="Ecce"/>
                  <SP HEIGHT="51" WIDTH="16" VPOS="712" HPOS="1474"/>
                  <String HEIGHT="51"
                          WIDTH="115"
                          VPOS="712"
                          HPOS="1424"
                          CONTENT="quo"/>
                  <SP HEIGHT="51" WIDTH="16" VPOS="712" HPOS="1539"/>
                  <String HEIGHT="51"
                          WIDTH="131"
                          VPOS="712"
                          HPOS="1490"
                          CONTENT="modo"/>
                  <SP HEIGHT="51" WIDTH="16" VPOS="712" HPOS="1621"/>
                  <String HEIGHT="51"
                          WIDTH="131"
                          VPOS="712"
                          HPOS="1572"
                          CONTENT="quis"/>
                  <SP HEIGHT="51" WIDTH="16" VPOS="712" HPOS="1703"/>
                  <String HEIGHT="51"
                          WIDTH="180"
                          VPOS="712"
                          HPOS="1654"
                          CONTENT="tenetur"/>
                  <SP HEIGHT="51" WIDTH="16" VPOS="712" HPOS="1834"/>
                  <String HEIGHT="51"
                          WIDTH="230"
                          VPOS="712"
                          HPOS="1785"
                          CONTENT="religionem"/>
                  <SP HEIGHT="51" WIDTH="16" VPOS="712" HPOS="2015"/>
                  <String HEIGHT="51"
                          WIDTH="164"
                          VPOS="712"
                          HPOS="1949"
                          CONTENT="differre"/>
               </TextLine>
               <TextLine ID="r1l20"
                         BASELINE="825"
                         HEIGHT="68"
                         WIDTH="424"
                         VPOS="757"
                         HPOS="1333">
                  <String HEIGHT="68" WIDTH="91" VPOS="757" HPOS="1318" CONTENT="ad"/>
                  <SP HEIGHT="68" WIDTH="15" VPOS="757" HPOS="1409"/>
                  <String HEIGHT="68"
                          WIDTH="167"
                          VPOS="757"
                          HPOS="1363"
                          CONTENT="tempus,"/>
                  <SP HEIGHT="68" WIDTH="15" VPOS="757" HPOS="1530"/>
                  <String HEIGHT="68" WIDTH="76" VPOS="757" HPOS="1484" CONTENT="&amp;"/>
                  <SP HEIGHT="68" WIDTH="15" VPOS="757" HPOS="1560"/>
                  <String HEIGHT="68"
                          WIDTH="136"
                          VPOS="757"
                          HPOS="1515"
                          CONTENT="forte"/>
                  <SP HEIGHT="68" WIDTH="15" VPOS="757" HPOS="1651"/>
                  <String HEIGHT="68"
                          WIDTH="167"
                          VPOS="757"
                          HPOS="1590"
                          CONTENT="perpetuo."/>
               </TextLine>
               <TextLine ID="r1l23"
                         BASELINE="905"
                         HEIGHT="79"
                         WIDTH="594"
                         VPOS="826"
                         HPOS="1516">
                  <String HEIGHT="79"
                          WIDTH="276"
                          VPOS="826"
                          HPOS="1495"
                          CONTENT="vbitatur."/>
                  <SP HEIGHT="79" WIDTH="21" VPOS="826" HPOS="1771"/>
                  <String HEIGHT="79" WIDTH="127" VPOS="826" HPOS="1707" CONTENT="An"/>
                  <SP HEIGHT="79" WIDTH="21" VPOS="826" HPOS="1834"/>
                  <String HEIGHT="79"
                          WIDTH="149"
                          VPOS="826"
                          HPOS="1771"
                          CONTENT="sit"/>
                  <SP HEIGHT="79" WIDTH="21" VPOS="826" HPOS="1919"/>
                  <String HEIGHT="79"
                          WIDTH="212"
                          VPOS="826"
                          HPOS="1855"
                          CONTENT="multum"/>
                  <SP HEIGHT="79" WIDTH="21" VPOS="826" HPOS="2068"/>
                  <String HEIGHT="79"
                          WIDTH="127"
                          VPOS="826"
                          HPOS="1983"
                          CONTENT="con"
                          SUBS_TYPE="HypPart1"
                          SUBS_CONTENT="consultandum"/>
                  <HYP CONTENT="-"/>
               </TextLine>
               <TextLine ID="line_1592249033454_1186"
                         BASELINE="957"
                         HEIGHT="56"
                         WIDTH="626"
                         VPOS="901"
                         HPOS="1481">
                  <String HEIGHT="56"
                          WIDTH="185"
                          VPOS="901"
                          HPOS="1467"
                          CONTENT="sultandum"
                          SUBS_TYPE="HypPart2"
                          SUBS_CONTENT="consultandum"/>
                  <SP HEIGHT="56" WIDTH="14" VPOS="901" HPOS="1652"/>
                  <String HEIGHT="56" WIDTH="71" VPOS="901" HPOS="1609" CONTENT="&amp;"/>
                  <SP HEIGHT="56" WIDTH="14" VPOS="901" HPOS="1680"/>
                  <String HEIGHT="56"
                          WIDTH="228"
                          VPOS="901"
                          HPOS="1638"
                          CONTENT="deliberandum"/>
                  <SP HEIGHT="56" WIDTH="14" VPOS="901" HPOS="1865"/>
                  <String HEIGHT="56" WIDTH="85" VPOS="901" HPOS="1822" CONTENT="de"/>
                  <SP HEIGHT="56" WIDTH="14" VPOS="901" HPOS="1908"/>
                  <String HEIGHT="56"
                          WIDTH="185"
                          VPOS="901"
                          HPOS="1865"
                          CONTENT="religione"/>
                  <SP HEIGHT="56" WIDTH="14" VPOS="901" HPOS="2050"/>
                  <String HEIGHT="56"
                          WIDTH="114"
                          VPOS="901"
                          HPOS="1993"
                          CONTENT="profi"
                          SUBS_TYPE="HypPart1"
                          SUBS_CONTENT="profiitenda."/>
                  <HYP CONTENT="-"/>
               </TextLine>
               <TextLine ID="r1l27"
                         BASELINE="1000"
                         HEIGHT="60"
                         WIDTH="622"
                         VPOS="940"
                         HPOS="1476">
                  <String HEIGHT="60"
                          WIDTH="180"
                          VPOS="940"
                          HPOS="1460"
                          CONTENT="itenda."
                          SUBS_TYPE="HypPart2"
                          SUBS_CONTENT="profiitenda."/>
                  <SP HEIGHT="60" WIDTH="16" VPOS="940" HPOS="1640"/>
                  <String HEIGHT="60"
                          WIDTH="262"
                          VPOS="940"
                          HPOS="1591"
                          CONTENT="Respondetur:"/>
                  <SP HEIGHT="60" WIDTH="16" VPOS="940" HPOS="1852"/>
                  <String HEIGHT="60"
                          WIDTH="164"
                          VPOS="940"
                          HPOS="1803"
                          CONTENT="nullus"/>
                  <SP HEIGHT="60" WIDTH="16" VPOS="940" HPOS="1967"/>
                  <String HEIGHT="60"
                          WIDTH="147"
                          VPOS="940"
                          HPOS="1918"
                          CONTENT="debet"/>
                  <SP HEIGHT="60" WIDTH="16" VPOS="940" HPOS="2065"/>
                  <String HEIGHT="60"
                          WIDTH="98"
                          VPOS="940"
                          HPOS="2000"
                          CONTENT="tale"/>
               </TextLine>
               <TextLine ID="line_1592249041057_1195"
                         BASELINE="1036"
                         HEIGHT="48"
                         WIDTH="618"
                         VPOS="988"
                         HPOS="1480">
                  <String HEIGHT="48" WIDTH="72" VPOS="988" HPOS="1466" CONTENT="t"/>
                  <SP HEIGHT="48" WIDTH="14" VPOS="988" HPOS="1537"/>
                  <String HEIGHT="48"
                          WIDTH="115"
                          VPOS="988"
                          HPOS="1494"
                          CONTENT="onus"/>
                  <SP HEIGHT="48" WIDTH="14" VPOS="988" HPOS="1609"/>
                  <String HEIGHT="48"
                          WIDTH="144"
                          VPOS="988"
                          HPOS="1566"
                          CONTENT="subire"/>
                  <SP HEIGHT="48" WIDTH="14" VPOS="988" HPOS="1710"/>
                  <String HEIGHT="48"
                          WIDTH="115"
                          VPOS="988"
                          HPOS="1667"
                          CONTENT="sine"/>
                  <SP HEIGHT="48" WIDTH="14" VPOS="988" HPOS="1782"/>
                  <String HEIGHT="48"
                          WIDTH="144"
                          VPOS="988"
                          HPOS="1739"
                          CONTENT="matura"/>
                  <SP HEIGHT="48" WIDTH="14" VPOS="988" HPOS="1882"/>
                  <String HEIGHT="48"
                          WIDTH="216"
                          VPOS="988"
                          HPOS="1839"
                          CONTENT="liberatione"/>
                  <SP HEIGHT="48" WIDTH="14" VPOS="988" HPOS="2055"/>
                  <String HEIGHT="48" WIDTH="72" VPOS="988" HPOS="2012" CONTENT="/"/>
                  <SP HEIGHT="48" WIDTH="14" VPOS="988" HPOS="2084"/>
                  <String HEIGHT="48" WIDTH="72" VPOS="988" HPOS="2026" CONTENT="con"/>
               </TextLine>
               <TextLine ID="r1l31"
                         BASELINE="1084"
                         HEIGHT="54"
                         WIDTH="760"
                         VPOS="1030"
                         HPOS="1341">
                  <String HEIGHT="54"
                          WIDTH="174"
                          VPOS="1030"
                          HPOS="1325"
                          CONTENT="ferendo"/>
                  <SP HEIGHT="54" WIDTH="16" VPOS="1030" HPOS="1499"/>
                  <String HEIGHT="54"
                          WIDTH="111"
                          VPOS="1030"
                          HPOS="1452"
                          CONTENT="cum"/>
                  <SP HEIGHT="54" WIDTH="16" VPOS="1030" HPOS="1563"/>
                  <String HEIGHT="54"
                          WIDTH="143"
                          VPOS="1030"
                          HPOS="1515"
                          CONTENT="viris"/>
                  <SP HEIGHT="54" WIDTH="16" VPOS="1030" HPOS="1658"/>
                  <String HEIGHT="54"
                          WIDTH="238"
                          VPOS="1030"
                          HPOS="1610"
                          CONTENT="sapientibus"/>
                  <SP HEIGHT="54" WIDTH="16" VPOS="1030" HPOS="1848"/>
                  <String HEIGHT="54" WIDTH="79" VPOS="1030" HPOS="1800" CONTENT="&amp;"/>
                  <SP HEIGHT="54" WIDTH="16" VPOS="1030" HPOS="1879"/>
                  <String HEIGHT="54"
                          WIDTH="127"
                          VPOS="1030"
                          HPOS="1832"
                          CONTENT="deum"/>
                  <SP HEIGHT="54" WIDTH="16" VPOS="1030" HPOS="1959"/>
                  <String HEIGHT="54"
                          WIDTH="206"
                          VPOS="1030"
                          HPOS="1895"
                          CONTENT="timentibus:"/>
               </TextLine>
               <TextLine ID="r1l33"
                         BASELINE="1129"
                         HEIGHT="56"
                         WIDTH="755"
                         VPOS="1073"
                         HPOS="1347">
                  <String HEIGHT="56"
                          WIDTH="108"
                          VPOS="1073"
                          HPOS="1332"
                          CONTENT="non"/>
                  <SP HEIGHT="56" WIDTH="15" VPOS="1073" HPOS="1439"/>
                  <String HEIGHT="56"
                          WIDTH="108"
                          VPOS="1073"
                          HPOS="1393"
                          CONTENT="cum"/>
                  <SP HEIGHT="56" WIDTH="15" VPOS="1073" HPOS="1501"/>
                  <String HEIGHT="56"
                          WIDTH="231"
                          VPOS="1073"
                          HPOS="1455"
                          CONTENT="religiosis:"/>
                  <SP HEIGHT="56" WIDTH="15" VPOS="1073" HPOS="1686"/>
                  <String HEIGHT="56"
                          WIDTH="123"
                          VPOS="1073"
                          HPOS="1640"
                          CONTENT="quia"/>
                  <SP HEIGHT="56" WIDTH="15" VPOS="1073" HPOS="1763"/>
                  <String HEIGHT="56"
                          WIDTH="139"
                          VPOS="1073"
                          HPOS="1717"
                          CONTENT="omnes"/>
                  <SP HEIGHT="56" WIDTH="15" VPOS="1073" HPOS="1855"/>
                  <String HEIGHT="56" WIDTH="92" VPOS="1073" HPOS="1809" CONTENT="te"/>
                  <SP HEIGHT="56" WIDTH="15" VPOS="1073" HPOS="1902"/>
                  <String HEIGHT="56" WIDTH="92" VPOS="1073" HPOS="1855" CONTENT="ad"/>
                  <SP HEIGHT="56" WIDTH="15" VPOS="1073" HPOS="1948"/>
                  <String HEIGHT="56"
                          WIDTH="123"
                          VPOS="1073"
                          HPOS="1902"
                          CONTENT="suam"/>
                  <SP HEIGHT="56" WIDTH="15" VPOS="1073" HPOS="2025"/>
                  <String HEIGHT="56"
                          WIDTH="139"
                          VPOS="1073"
                          HPOS="1963"
                          CONTENT="religio"/>
               </TextLine>
               <TextLine ID="r1l35"
                         BASELINE="1176"
                         HEIGHT="48"
                         WIDTH="765"
                         VPOS="1128"
                         HPOS="1342">
                  <String HEIGHT="48"
                          WIDTH="99"
                          VPOS="1128"
                          HPOS="1328"
                          CONTENT="nem"/>
                  <SP HEIGHT="48" WIDTH="14" VPOS="1128" HPOS="1427"/>
                  <String HEIGHT="48"
                          WIDTH="184"
                          VPOS="1128"
                          HPOS="1384"
                          CONTENT="attrahere"/>
                  <SP HEIGHT="48" WIDTH="14" VPOS="1128" HPOS="1569"/>
                  <String HEIGHT="48"
                          WIDTH="170"
                          VPOS="1128"
                          HPOS="1526"
                          CONTENT="nitentur"/>
                  <SP HEIGHT="48" WIDTH="14" VPOS="1128" HPOS="1696"/>
                  <String HEIGHT="48" WIDTH="71" VPOS="1128" HPOS="1654" CONTENT="/"/>
                  <SP HEIGHT="48" WIDTH="14" VPOS="1128" HPOS="1725"/>
                  <String HEIGHT="48" WIDTH="85" VPOS="1128" HPOS="1682" CONTENT="si"/>
                  <SP HEIGHT="48" WIDTH="14" VPOS="1128" HPOS="1767"/>
                  <String HEIGHT="48"
                          WIDTH="99"
                          VPOS="1128"
                          HPOS="1725"
                          CONTENT="sis"/>
                  <SP HEIGHT="48" WIDTH="14" VPOS="1128" HPOS="1824"/>
                  <String HEIGHT="48"
                          WIDTH="156"
                          VPOS="1128"
                          HPOS="1781"
                          CONTENT="futurus"/>
                  <SP HEIGHT="48" WIDTH="14" VPOS="1128" HPOS="1937"/>
                  <String HEIGHT="48"
                          WIDTH="99"
                          VPOS="1128"
                          HPOS="1895"
                          CONTENT="eis"/>
                  <SP HEIGHT="48" WIDTH="14" VPOS="1128" HPOS="1994"/>
                  <String HEIGHT="48"
                          WIDTH="142"
                          VPOS="1128"
                          HPOS="1951"
                          CONTENT="vtilis"/>
                  <SP HEIGHT="48" WIDTH="14" VPOS="1128" HPOS="2093"/>
                  <String HEIGHT="48" WIDTH="85" VPOS="1128" HPOS="2050" CONTENT="in"/>
                  <SP HEIGHT="48" WIDTH="14" VPOS="1128" HPOS="2135"/>
                  <String HEIGHT="48" WIDTH="28" VPOS="1128" HPOS="2079" CONTENT=""/>
               </TextLine>
               <TextLine ID="r1l38"
                         BASELINE="1218"
                         HEIGHT="55"
                         WIDTH="773"
                         VPOS="1163"
                         HPOS="1344">
                  <String HEIGHT="55"
                          WIDTH="268"
                          VPOS="1163"
                          HPOS="1328"
                          CONTENT="spiritualibus"/>
                  <SP HEIGHT="55" WIDTH="16" VPOS="1163" HPOS="1596"/>
                  <String HEIGHT="55"
                          WIDTH="110"
                          VPOS="1163"
                          HPOS="1549"
                          CONTENT="vel"/>
                  <SP HEIGHT="55" WIDTH="16" VPOS="1163" HPOS="1660"/>
                  <String HEIGHT="55"
                          WIDTH="268"
                          VPOS="1163"
                          HPOS="1612"
                          CONTENT="corporalibus."/>
                  <SP HEIGHT="55" WIDTH="16" VPOS="1163" HPOS="1880"/>
                  <String HEIGHT="55" WIDTH="95" VPOS="1163" HPOS="1833" CONTENT="In"/>
                  <SP HEIGHT="55" WIDTH="16" VPOS="1163" HPOS="1928"/>
                  <String HEIGHT="55"
                          WIDTH="158"
                          VPOS="1163"
                          HPOS="1880"
                          CONTENT="primis"/>
                  <SP HEIGHT="55" WIDTH="16" VPOS="1163" HPOS="2038"/>
                  <String HEIGHT="55"
                          WIDTH="142"
                          VPOS="1163"
                          HPOS="1975"
                          CONTENT="oportet"/>
               </TextLine>
               <TextLine ID="r1l39"
                         BASELINE="1259"
                         HEIGHT="46"
                         WIDTH="756"
                         VPOS="1213"
                         HPOS="1351">
                  <String HEIGHT="46"
                          WIDTH="143"
                          VPOS="1213"
                          HPOS="1337"
                          CONTENT="videre"/>
                  <SP HEIGHT="46" WIDTH="14" VPOS="1213" HPOS="1479"/>
                  <String HEIGHT="46" WIDTH="86" VPOS="1213" HPOS="1437" CONTENT="an"/>
                  <SP HEIGHT="46" WIDTH="14" VPOS="1213" HPOS="1522"/>
                  <String HEIGHT="46" WIDTH="86" VPOS="1213" HPOS="1479" CONTENT="in"/>
                  <SP HEIGHT="46" WIDTH="14" VPOS="1213" HPOS="1565"/>
                  <String HEIGHT="46"
                          WIDTH="185"
                          VPOS="1213"
                          HPOS="1522"
                          CONTENT="religione"/>
                  <SP HEIGHT="46" WIDTH="14" VPOS="1213" HPOS="1708"/>
                  <String HEIGHT="46"
                          WIDTH="114"
                          VPOS="1213"
                          HPOS="1665"
                          CONTENT="quam"/>
                  <SP HEIGHT="46" WIDTH="14" VPOS="1213" HPOS="1779"/>
                  <String HEIGHT="46"
                          WIDTH="114"
                          VPOS="1213"
                          HPOS="1736"
                          CONTENT="quis"/>
                  <SP HEIGHT="46" WIDTH="14" VPOS="1213" HPOS="1850"/>
                  <String HEIGHT="46"
                          WIDTH="185"
                          VPOS="1213"
                          HPOS="1807"
                          CONTENT="profiteri"/>
                  <SP HEIGHT="46" WIDTH="14" VPOS="1213" HPOS="1993"/>
                  <String HEIGHT="46"
                          WIDTH="171"
                          VPOS="1213"
                          HPOS="1950"
                          CONTENT="intendit"/>
                  <SP HEIGHT="46" WIDTH="14" VPOS="1213" HPOS="2121"/>
                  <String HEIGHT="46" WIDTH="43" VPOS="1213" HPOS="2064" CONTENT="/"/>
               </TextLine>
               <TextLine ID="r1l41"
                         BASELINE="1299"
                         HEIGHT="45"
                         WIDTH="755"
                         VPOS="1254"
                         HPOS="1350">
                  <String HEIGHT="45"
                          WIDTH="135"
                          VPOS="1254"
                          HPOS="1337"
                          CONTENT="sancte"/>
                  <SP HEIGHT="45" WIDTH="13" VPOS="1254" HPOS="1471"/>
                  <String HEIGHT="45" WIDTH="67" VPOS="1254" HPOS="1431" CONTENT="&amp;"/>
                  <SP HEIGHT="45" WIDTH="13" VPOS="1254" HPOS="1498"/>
                  <String HEIGHT="45"
                          WIDTH="94"
                          VPOS="1254"
                          HPOS="1458"
                          CONTENT="pie"/>
                  <SP HEIGHT="45" WIDTH="13" VPOS="1254" HPOS="1552"/>
                  <String HEIGHT="45"
                          WIDTH="162"
                          VPOS="1254"
                          HPOS="1512"
                          CONTENT="viuatur:"/>
                  <SP HEIGHT="45" WIDTH="13" VPOS="1254" HPOS="1674"/>
                  <String HEIGHT="45" WIDTH="81" VPOS="1254" HPOS="1633" CONTENT="an"/>
                  <SP HEIGHT="45" WIDTH="13" VPOS="1254" HPOS="1714"/>
                  <String HEIGHT="45"
                          WIDTH="108"
                          VPOS="1254"
                          HPOS="1674"
                          CONTENT="non."/>
                  <SP HEIGHT="45" WIDTH="13" VPOS="1254" HPOS="1781"/>
                  <String HEIGHT="45" WIDTH="81" VPOS="1254" HPOS="1741" CONTENT="Si"/>
                  <SP HEIGHT="45" WIDTH="13" VPOS="1254" HPOS="1822"/>
                  <String HEIGHT="45"
                          WIDTH="175"
                          VPOS="1254"
                          HPOS="1781"
                          CONTENT="secundum:"/>
                  <SP HEIGHT="45" WIDTH="13" VPOS="1254" HPOS="1957"/>
                  <String HEIGHT="45"
                          WIDTH="94"
                          VPOS="1254"
                          HPOS="1916"
                          CONTENT="non"/>
                  <SP HEIGHT="45" WIDTH="13" VPOS="1254" HPOS="2011"/>
                  <String HEIGHT="45"
                          WIDTH="94"
                          VPOS="1254"
                          HPOS="1970"
                          CONTENT="est"/>
                  <SP HEIGHT="45" WIDTH="13" VPOS="1254" HPOS="2065"/>
                  <String HEIGHT="45"
                          WIDTH="94"
                          VPOS="1254"
                          HPOS="2011"
                          CONTENT="illic"/>
               </TextLine>
               <TextLine ID="r1l44"
                         BASELINE="1349"
                         HEIGHT="50"
                         WIDTH="758"
                         VPOS="1299"
                         HPOS="1347">
                  <String HEIGHT="50"
                          WIDTH="253"
                          VPOS="1299"
                          HPOS="1331"
                          CONTENT="profitendum."/>
                  <SP HEIGHT="50" WIDTH="16" VPOS="1299" HPOS="1584"/>
                  <String HEIGHT="50" WIDTH="95" VPOS="1299" HPOS="1537" CONTENT="Si"/>
                  <SP HEIGHT="50" WIDTH="16" VPOS="1299" HPOS="1631"/>
                  <String HEIGHT="50"
                          WIDTH="174"
                          VPOS="1299"
                          HPOS="1584"
                          CONTENT="primum:"/>
                  <SP HEIGHT="50" WIDTH="16" VPOS="1299" HPOS="1758"/>
                  <String HEIGHT="50"
                          WIDTH="174"
                          VPOS="1299"
                          HPOS="1710"
                          CONTENT="oportet"/>
                  <SP HEIGHT="50" WIDTH="16" VPOS="1299" HPOS="1884"/>
                  <String HEIGHT="50"
                          WIDTH="221"
                          VPOS="1299"
                          HPOS="1837"
                          CONTENT="prospicere"/>
                  <SP HEIGHT="50" WIDTH="16" VPOS="1299" HPOS="2058"/>
                  <String HEIGHT="50" WIDTH="95" VPOS="1299" HPOS="2010" CONTENT="an"/>
                  <SP HEIGHT="50" WIDTH="16" VPOS="1299" HPOS="2105"/>
                  <String HEIGHT="50" WIDTH="63" VPOS="1299" HPOS="2042" CONTENT="is"/>
               </TextLine>
               <TextLine ID="r1l46"
                         BASELINE="1389"
                         HEIGHT="47"
                         WIDTH="759"
                         VPOS="1342"
                         HPOS="1351">
                  <String HEIGHT="47" WIDTH="88" VPOS="1342" HPOS="1336" CONTENT="de"/>
                  <SP HEIGHT="47" WIDTH="15" VPOS="1342" HPOS="1424"/>
                  <String HEIGHT="47"
                          WIDTH="102"
                          VPOS="1342"
                          HPOS="1380"
                          CONTENT="quo"/>
                  <SP HEIGHT="47" WIDTH="15" VPOS="1342" HPOS="1482"/>
                  <String HEIGHT="47"
                          WIDTH="204"
                          VPOS="1342"
                          HPOS="1439"
                          CONTENT="dubitatur:"/>
                  <SP HEIGHT="47" WIDTH="15" VPOS="1342" HPOS="1643"/>
                  <String HEIGHT="47"
                          WIDTH="146"
                          VPOS="1342"
                          HPOS="1599"
                          CONTENT="possit"/>
                  <SP HEIGHT="47" WIDTH="15" VPOS="1342" HPOS="1745"/>
                  <String HEIGHT="47"
                          WIDTH="131"
                          VPOS="1342"
                          HPOS="1701"
                          CONTENT="ferre"/>
                  <SP HEIGHT="47" WIDTH="15" VPOS="1342" HPOS="1833"/>
                  <String HEIGHT="47"
                          WIDTH="117"
                          VPOS="1342"
                          HPOS="1789"
                          CONTENT="onus"/>
                  <SP HEIGHT="47" WIDTH="15" VPOS="1342" HPOS="1906"/>
                  <String HEIGHT="47"
                          WIDTH="161"
                          VPOS="1342"
                          HPOS="1862"
                          CONTENT="rigidae"/>
                  <SP HEIGHT="47" WIDTH="15" VPOS="1342" HPOS="2022"/>
                  <String HEIGHT="47"
                          WIDTH="146"
                          VPOS="1342"
                          HPOS="1964"
                          CONTENT="religio"
                          SUBS_TYPE="HypPart1"
                          SUBS_CONTENT="religionis."/>
                  <HYP CONTENT="-"/>
               </TextLine>
               <TextLine ID="r1l48"
                         BASELINE="1441"
                         HEIGHT="55"
                         WIDTH="763"
                         VPOS="1386"
                         HPOS="1344">
                  <String HEIGHT="55"
                          WIDTH="105"
                          VPOS="1386"
                          HPOS="1331"
                          CONTENT="nis."
                          SUBS_TYPE="HypPart2"
                          SUBS_CONTENT="religionis."/>
                  <SP HEIGHT="55" WIDTH="13" VPOS="1386" HPOS="1436"/>
                  <String HEIGHT="55"
                          WIDTH="92"
                          VPOS="1386"
                          HPOS="1397"
                          CONTENT="Non"/>
                  <SP HEIGHT="55" WIDTH="13" VPOS="1386" HPOS="1489"/>
                  <String HEIGHT="55"
                          WIDTH="132"
                          VPOS="1386"
                          HPOS="1449"
                          CONTENT="placet"/>
                  <SP HEIGHT="55" WIDTH="13" VPOS="1386" HPOS="1581"/>
                  <String HEIGHT="55"
                          WIDTH="105"
                          VPOS="1386"
                          HPOS="1541"
                          CONTENT="quod"/>
                  <SP HEIGHT="55" WIDTH="13" VPOS="1386" HPOS="1647"/>
                  <String HEIGHT="55"
                          WIDTH="92"
                          VPOS="1386"
                          HPOS="1607"
                          CONTENT="in."/>
                  <SP HEIGHT="55" WIDTH="13" VPOS="1386" HPOS="1699"/>
                  <String HEIGHT="55"
                          WIDTH="105"
                          VPOS="1386"
                          HPOS="1660"
                          CONTENT="qui."/>
                  <SP HEIGHT="55" WIDTH="13" VPOS="1386" HPOS="1765"/>
                  <String HEIGHT="55"
                          WIDTH="132"
                          VPOS="1386"
                          HPOS="1726"
                          CONTENT="vltima"/>
                  <SP HEIGHT="55" WIDTH="13" VPOS="1386" HPOS="1857"/>
                  <String HEIGHT="55"
                          WIDTH="158"
                          VPOS="1386"
                          HPOS="1818"
                          CONTENT="secundae"/>
                  <SP HEIGHT="55" WIDTH="13" VPOS="1386" HPOS="1975"/>
                  <String HEIGHT="55"
                          WIDTH="158"
                          VPOS="1386"
                          HPOS="1936"
                          CONTENT="secundae"/>
                  <SP HEIGHT="55" WIDTH="13" VPOS="1386" HPOS="2094"/>
                  <String HEIGHT="55"
                          WIDTH="66"
                          VPOS="1386"
                          HPOS="2041"
                          CONTENT="bea"/>
               </TextLine>
               <TextLine ID="r1l49"
                         BASELINE="1483"
                         HEIGHT="52"
                         WIDTH="769"
                         VPOS="1431"
                         HPOS="1338">
                  <String HEIGHT="52"
                          WIDTH="106"
                          VPOS="1431"
                          HPOS="1323"
                          CONTENT="tus"/>
                  <SP HEIGHT="52" WIDTH="15" VPOS="1431" HPOS="1428"/>
                  <String HEIGHT="52"
                          WIDTH="151"
                          VPOS="1431"
                          HPOS="1383"
                          CONTENT="Thomas"/>
                  <SP HEIGHT="52" WIDTH="15" VPOS="1431" HPOS="1534"/>
                  <String HEIGHT="52"
                          WIDTH="151"
                          VPOS="1431"
                          HPOS="1489"
                          CONTENT="dicit."/>
                  <SP HEIGHT="52" WIDTH="15" VPOS="1431" HPOS="1640"/>
                  <String HEIGHT="52"
                          WIDTH="106"
                          VPOS="1431"
                          HPOS="1594"
                          CONTENT="Non"/>
                  <SP HEIGHT="52" WIDTH="15" VPOS="1431" HPOS="1700"/>
                  <String HEIGHT="52"
                          WIDTH="181"
                          VPOS="1431"
                          HPOS="1655"
                          CONTENT="confidat"/>
                  <SP HEIGHT="52" WIDTH="15" VPOS="1431" HPOS="1836"/>
                  <String HEIGHT="52" WIDTH="90" VPOS="1431" HPOS="1790" CONTENT="in"/>
                  <SP HEIGHT="52" WIDTH="15" VPOS="1431" HPOS="1881"/>
                  <String HEIGHT="52"
                          WIDTH="181"
                          VPOS="1431"
                          HPOS="1836"
                          CONTENT="propriis"/>
                  <SP HEIGHT="52" WIDTH="15" VPOS="1431" HPOS="2017"/>
                  <String HEIGHT="52"
                          WIDTH="151"
                          VPOS="1431"
                          HPOS="1956"
                          CONTENT="viribus."/>
               </TextLine>
               <TextLine ID="r1l52"
                         BASELINE="1531"
                         HEIGHT="54"
                         WIDTH="764"
                         VPOS="1477"
                         HPOS="1350">
                  <String HEIGHT="54"
                          WIDTH="118"
                          VPOS="1477"
                          HPOS="1335"
                          CONTENT="quia"/>
                  <SP HEIGHT="54" WIDTH="15" VPOS="1477" HPOS="1453"/>
                  <String HEIGHT="54" WIDTH="88" VPOS="1477" HPOS="1409" CONTENT="in"/>
                  <SP HEIGHT="54" WIDTH="15" VPOS="1477" HPOS="1497"/>
                  <String HEIGHT="54"
                          WIDTH="176"
                          VPOS="1477"
                          HPOS="1453"
                          CONTENT="propriis"/>
                  <SP HEIGHT="54" WIDTH="15" VPOS="1477" HPOS="1629"/>
                  <String HEIGHT="54"
                          WIDTH="162"
                          VPOS="1477"
                          HPOS="1585"
                          CONTENT="viribus"/>
                  <SP HEIGHT="54" WIDTH="15" VPOS="1477" HPOS="1747"/>
                  <String HEIGHT="54" WIDTH="88" VPOS="1477" HPOS="1703" CONTENT="no"/>
                  <SP HEIGHT="54" WIDTH="15" VPOS="1477" HPOS="1791"/>
                  <String HEIGHT="54"
                          WIDTH="191"
                          VPOS="1477"
                          HPOS="1747"
                          CONTENT="confidit:"/>
                  <SP HEIGHT="54" WIDTH="15" VPOS="1477" HPOS="1938"/>
                  <String HEIGHT="54"
                          WIDTH="103"
                          VPOS="1477"
                          HPOS="1894"
                          CONTENT="sed"/>
                  <SP HEIGHT="54" WIDTH="15" VPOS="1477" HPOS="1996"/>
                  <String HEIGHT="54" WIDTH="88" VPOS="1477" HPOS="1952" CONTENT="in"/>
                  <SP HEIGHT="54" WIDTH="15" VPOS="1477" HPOS="2041"/>
                  <String HEIGHT="54"
                          WIDTH="132"
                          VPOS="1477"
                          HPOS="1982"
                          CONTENT="bonita"
                          SUBS_TYPE="HypPart1"
                          SUBS_CONTENT="bonitate"/>
                  <HYP CONTENT="-"/>
               </TextLine>
               <TextLine ID="r1l54"
                         BASELINE="1575"
                         HEIGHT="54"
                         WIDTH="762"
                         VPOS="1521"
                         HPOS="1348">
                  <String HEIGHT="54"
                          WIDTH="86"
                          VPOS="1521"
                          HPOS="1334"
                          CONTENT="te"
                          SUBS_TYPE="HypPart2"
                          SUBS_CONTENT="bonitate"/>
                  <SP HEIGHT="54" WIDTH="14" VPOS="1521" HPOS="1420"/>
                  <String HEIGHT="54"
                          WIDTH="158"
                          VPOS="1521"
                          HPOS="1377"
                          CONTENT="diuina."/>
                  <SP HEIGHT="54" WIDTH="14" VPOS="1521" HPOS="1535"/>
                  <String HEIGHT="54"
                          WIDTH="173"
                          VPOS="1521"
                          HPOS="1492"
                          CONTENT="secundum"/>
                  <SP HEIGHT="54" WIDTH="14" VPOS="1521" HPOS="1664"/>
                  <String HEIGHT="54"
                          WIDTH="129"
                          VPOS="1521"
                          HPOS="1621"
                          CONTENT="illud"/>
                  <SP HEIGHT="54" WIDTH="14" VPOS="1521" HPOS="1751"/>
                  <String HEIGHT="54"
                          WIDTH="158"
                          VPOS="1521"
                          HPOS="1707"
                          CONTENT="Esaiae."/>
                  <SP HEIGHT="54" WIDTH="14" VPOS="1521" HPOS="1866"/>
                  <String HEIGHT="54"
                          WIDTH="101"
                          VPOS="1521"
                          HPOS="1822"
                          CONTENT="xl."/>
                  <SP HEIGHT="54" WIDTH="14" VPOS="1521" HPOS="1923"/>
                  <String HEIGHT="54"
                          WIDTH="101"
                          VPOS="1521"
                          HPOS="1880"
                          CONTENT="Qui"/>
                  <SP HEIGHT="54" WIDTH="14" VPOS="1521" HPOS="1981"/>
                  <String HEIGHT="54"
                          WIDTH="158"
                          VPOS="1521"
                          HPOS="1937"
                          CONTENT="sperant"/>
                  <SP HEIGHT="54" WIDTH="14" VPOS="1521" HPOS="2096"/>
                  <String HEIGHT="54" WIDTH="86" VPOS="1521" HPOS="2052" CONTENT="in"/>
                  <SP HEIGHT="54" WIDTH="14" VPOS="1521" HPOS="2139"/>
                  <String HEIGHT="54" WIDTH="29" VPOS="1521" HPOS="2081" CONTENT=""/>
               </TextLine>
               <TextLine ID="r1l56"
                         BASELINE="1614"
                         HEIGHT="52"
                         WIDTH="759"
                         VPOS="1562"
                         HPOS="1354">
                  <String HEIGHT="52"
                          WIDTH="190"
                          VPOS="1562"
                          HPOS="1337"
                          CONTENT="domino,"/>
                  <SP HEIGHT="52" WIDTH="17" VPOS="1562" HPOS="1527"/>
                  <String HEIGHT="52"
                          WIDTH="207"
                          VPOS="1562"
                          HPOS="1475"
                          CONTENT="mutabunt"/>
                  <SP HEIGHT="52" WIDTH="17" VPOS="1562" HPOS="1682"/>
                  <String HEIGHT="52"
                          WIDTH="293"
                          VPOS="1562"
                          HPOS="1630"
                          CONTENT="fortitudinem."/>
                  <SP HEIGHT="52" WIDTH="17" VPOS="1562" HPOS="1923"/>
                  <String HEIGHT="52"
                          WIDTH="138"
                          VPOS="1562"
                          HPOS="1872"
                          CONTENT="Dico"/>
                  <SP HEIGHT="52" WIDTH="17" VPOS="1562" HPOS="2010"/>
                  <String HEIGHT="52"
                          WIDTH="121"
                          VPOS="1562"
                          HPOS="1958"
                          CONTENT="non"/>
                  <SP HEIGHT="52" WIDTH="17" VPOS="1562" HPOS="2079"/>
                  <String HEIGHT="52"
                          WIDTH="104"
                          VPOS="1562"
                          HPOS="2010"
                          CONTENT="esse"/>
               </TextLine>
               <TextLine ID="r1l58"
                         BASELINE="1661"
                         HEIGHT="51"
                         WIDTH="765"
                         VPOS="1610"
                         HPOS="1354">
                  <String HEIGHT="51"
                          WIDTH="261"
                          VPOS="1610"
                          HPOS="1337"
                          CONTENT="expectandam"/>
                  <SP HEIGHT="51" WIDTH="17" VPOS="1610" HPOS="1597"/>
                  <String HEIGHT="51" WIDTH="87" VPOS="1610" HPOS="1545" CONTENT="a"/>
                  <SP HEIGHT="51" WIDTH="17" VPOS="1610" HPOS="1632"/>
                  <String HEIGHT="51"
                          WIDTH="122"
                          VPOS="1610"
                          HPOS="1580"
                          CONTENT="deo"/>
                  <SP HEIGHT="51" WIDTH="17" VPOS="1610" HPOS="1702"/>
                  <String HEIGHT="51"
                          WIDTH="243"
                          VPOS="1610"
                          HPOS="1650"
                          CONTENT="miraculose"/>
                  <SP HEIGHT="51" WIDTH="17" VPOS="1610" HPOS="1893"/>
                  <String HEIGHT="51"
                          WIDTH="156"
                          VPOS="1610"
                          HPOS="1841"
                          CONTENT="nouam"/>
                  <SP HEIGHT="51" WIDTH="17" VPOS="1610" HPOS="1997"/>
                  <String HEIGHT="51"
                          WIDTH="191"
                          VPOS="1610"
                          HPOS="1928"
                          CONTENT="fortitudi"/>
               </TextLine>
               <TextLine ID="r1l60"
                         BASELINE="1709"
                         HEIGHT="54"
                         WIDTH="776"
                         VPOS="1655"
                         HPOS="1344">
                  <String HEIGHT="54"
                          WIDTH="116"
                          VPOS="1655"
                          HPOS="1327"
                          CONTENT="nem"/>
                  <SP HEIGHT="54" WIDTH="17" VPOS="1655" HPOS="1443"/>
                  <String HEIGHT="54" WIDTH="99" VPOS="1655" HPOS="1394" CONTENT="ob"/>
                  <SP HEIGHT="54" WIDTH="17" VPOS="1655" HPOS="1493"/>
                  <String HEIGHT="54"
                          WIDTH="231"
                          VPOS="1655"
                          HPOS="1443"
                          CONTENT="religionis"/>
                  <SP HEIGHT="54" WIDTH="17" VPOS="1655" HPOS="1674"/>
                  <String HEIGHT="54"
                          WIDTH="281"
                          VPOS="1655"
                          HPOS="1625"
                          CONTENT="professionem:"/>
                  <SP HEIGHT="54" WIDTH="17" VPOS="1655" HPOS="1905"/>
                  <String HEIGHT="54"
                          WIDTH="132"
                          VPOS="1655"
                          HPOS="1856"
                          CONTENT="quia"/>
                  <SP HEIGHT="54" WIDTH="17" VPOS="1655" HPOS="1988"/>
                  <String HEIGHT="54"
                          WIDTH="116"
                          VPOS="1655"
                          HPOS="1938"
                          CONTENT="non"/>
                  <SP HEIGHT="54" WIDTH="17" VPOS="1655" HPOS="2054"/>
                  <String HEIGHT="54"
                          WIDTH="132"
                          VPOS="1655"
                          HPOS="1988"
                          CONTENT="ingre"
                          SUBS_TYPE="HypPart1"
                          SUBS_CONTENT="ingrediens"/>
                  <HYP CONTENT="-"/>
               </TextLine>
               <TextLine ID="r1l62"
                         BASELINE="1744"
                         HEIGHT="47"
                         WIDTH="752"
                         VPOS="1697"
                         HPOS="1353">
                  <String HEIGHT="47"
                          WIDTH="138"
                          VPOS="1697"
                          HPOS="1338"
                          CONTENT="diens"
                          SUBS_TYPE="HypPart2"
                          SUBS_CONTENT="ingrediens"/>
                  <SP HEIGHT="47" WIDTH="15" VPOS="1697" HPOS="1476"/>
                  <String HEIGHT="47"
                          WIDTH="153"
                          VPOS="1697"
                          HPOS="1430"
                          CONTENT="sperat"/>
                  <SP HEIGHT="47" WIDTH="15" VPOS="1697" HPOS="1583"/>
                  <String HEIGHT="47" WIDTH="92" VPOS="1697" HPOS="1537" CONTENT="in"/>
                  <SP HEIGHT="47" WIDTH="15" VPOS="1697" HPOS="1629"/>
                  <String HEIGHT="47"
                          WIDTH="169"
                          VPOS="1697"
                          HPOS="1583"
                          CONTENT="domino,"/>
                  <SP HEIGHT="47" WIDTH="15" VPOS="1697" HPOS="1752"/>
                  <String HEIGHT="47" WIDTH="92" VPOS="1697" HPOS="1706" CONTENT="vt"/>
                  <SP HEIGHT="47" WIDTH="15" VPOS="1697" HPOS="1798"/>
                  <String HEIGHT="47"
                          WIDTH="230"
                          VPOS="1697"
                          HPOS="1752"
                          CONTENT="religiosus."/>
                  <SP HEIGHT="47" WIDTH="15" VPOS="1697" HPOS="1982"/>
                  <String HEIGHT="47"
                          WIDTH="123"
                          VPOS="1697"
                          HPOS="1936"
                          CONTENT="Alia"/>
                  <SP HEIGHT="47" WIDTH="15" VPOS="1697" HPOS="2059"/>
                  <String HEIGHT="47"
                          WIDTH="107"
                          VPOS="1697"
                          HPOS="1998"
                          CONTENT="ratio"/>
               </TextLine>
               <TextLine ID="r1l64"
                         BASELINE="1790"
                         HEIGHT="50"
                         WIDTH="774"
                         VPOS="1740"
                         HPOS="1345">
                  <String HEIGHT="50"
                          WIDTH="104"
                          VPOS="1740"
                          HPOS="1330"
                          CONTENT="non"/>
                  <SP HEIGHT="50" WIDTH="15" VPOS="1740" HPOS="1434"/>
                  <String HEIGHT="50"
                          WIDTH="149"
                          VPOS="1740"
                          HPOS="1390"
                          CONTENT="valet."/>
                  <SP HEIGHT="50" WIDTH="15" VPOS="1740" HPOS="1539"/>
                  <String HEIGHT="50"
                          WIDTH="134"
                          VPOS="1740"
                          HPOS="1494"
                          CONTENT="licet"/>
                  <SP HEIGHT="50" WIDTH="15" VPOS="1740" HPOS="1628"/>
                  <String HEIGHT="50"
                          WIDTH="119"
                          VPOS="1740"
                          HPOS="1583"
                          CONTENT="enim"/>
                  <SP HEIGHT="50" WIDTH="15" VPOS="1740" HPOS="1702"/>
                  <String HEIGHT="50"
                          WIDTH="194"
                          VPOS="1740"
                          HPOS="1658"
                          CONTENT="professio"/>
                  <SP HEIGHT="50" WIDTH="15" VPOS="1740" HPOS="1851"/>
                  <String HEIGHT="50"
                          WIDTH="208"
                          VPOS="1740"
                          HPOS="1806"
                          CONTENT="religionis"/>
                  <SP HEIGHT="50" WIDTH="15" VPOS="1740" HPOS="2015"/>
                  <String HEIGHT="50" WIDTH="89" VPOS="1740" HPOS="1970" CONTENT="in"/>
                  <SP HEIGHT="50" WIDTH="15" VPOS="1740" HPOS="2059"/>
                  <String HEIGHT="50" WIDTH="89" VPOS="1740" HPOS="2015" CONTENT="se"/>
                  <SP HEIGHT="50" WIDTH="15" VPOS="1740" HPOS="2104"/>
                  <String HEIGHT="50"
                          WIDTH="74"
                          VPOS="1740"
                          HPOS="2045"
                          CONTENT="sit"/>
               </TextLine>
               <TextLine ID="r1l65"
                         BASELINE="1837"
                         HEIGHT="47"
                         WIDTH="756"
                         VPOS="1790"
                         HPOS="1354">
                  <String HEIGHT="47"
                          WIDTH="143"
                          VPOS="1790"
                          HPOS="1340"
                          CONTENT="melior"/>
                  <SP HEIGHT="47" WIDTH="14" VPOS="1790" HPOS="1482"/>
                  <String HEIGHT="47"
                          WIDTH="114"
                          VPOS="1790"
                          HPOS="1440"
                          CONTENT="quam"/>
                  <SP HEIGHT="47" WIDTH="14" VPOS="1790" HPOS="1554"/>
                  <String HEIGHT="47"
                          WIDTH="114"
                          VPOS="1790"
                          HPOS="1511"
                          CONTENT="eius"/>
                  <SP HEIGHT="47" WIDTH="14" VPOS="1790" HPOS="1625"/>
                  <String HEIGHT="47"
                          WIDTH="171"
                          VPOS="1790"
                          HPOS="1582"
                          CONTENT="omissio:"/>
                  <SP HEIGHT="47" WIDTH="14" VPOS="1790" HPOS="1753"/>
                  <String HEIGHT="47"
                          WIDTH="128"
                          VPOS="1790"
                          HPOS="1711"
                          CONTENT="forte"/>
                  <SP HEIGHT="47" WIDTH="14" VPOS="1790" HPOS="1839"/>
                  <String HEIGHT="47"
                          WIDTH="100"
                          VPOS="1790"
                          HPOS="1796"
                          CONTENT="non"/>
                  <SP HEIGHT="47" WIDTH="14" VPOS="1790" HPOS="1896"/>
                  <String HEIGHT="47"
                          WIDTH="128"
                          VPOS="1790"
                          HPOS="1853"
                          CONTENT="huic."/>
                  <SP HEIGHT="47" WIDTH="14" VPOS="1790" HPOS="1982"/>
                  <String HEIGHT="47"
                          WIDTH="100"
                          VPOS="1790"
                          HPOS="1939"
                          CONTENT="nam"/>
                  <SP HEIGHT="47" WIDTH="14" VPOS="1790" HPOS="2039"/>
                  <String HEIGHT="47"
                          WIDTH="128"
                          VPOS="1790"
                          HPOS="1982"
                          CONTENT="contin"
                          SUBS_TYPE="HypPart1"
                          SUBS_CONTENT="contingit"/>
                  <HYP CONTENT="-"/>
               </TextLine>
               <TextLine ID="r1l68"
                         BASELINE="1885"
                         HEIGHT="55"
                         WIDTH="760"
                         VPOS="1830"
                         HPOS="1359">
                  <String HEIGHT="55"
                          WIDTH="102"
                          VPOS="1830"
                          HPOS="1344"
                          CONTENT="git"
                          SUBS_TYPE="HypPart2"
                          SUBS_CONTENT="contingit"/>
                  <SP HEIGHT="55" WIDTH="15" VPOS="1830" HPOS="1447"/>
                  <String HEIGHT="55"
                          WIDTH="117"
                          VPOS="1830"
                          HPOS="1403"
                          CONTENT="quod"/>
                  <SP HEIGHT="55" WIDTH="15" VPOS="1830" HPOS="1520"/>
                  <String HEIGHT="55"
                          WIDTH="117"
                          VPOS="1830"
                          HPOS="1476"
                          CONTENT="homo"/>
                  <SP HEIGHT="55" WIDTH="15" VPOS="1830" HPOS="1593"/>
                  <String HEIGHT="55"
                          WIDTH="146"
                          VPOS="1830"
                          HPOS="1549"
                          CONTENT="melius"/>
                  <SP HEIGHT="55" WIDTH="15" VPOS="1830" HPOS="1695"/>
                  <String HEIGHT="55" WIDTH="88" VPOS="1830" HPOS="1651" CONTENT="ad"/>
                  <SP HEIGHT="55" WIDTH="15" VPOS="1830" HPOS="1739"/>
                  <String HEIGHT="55"
                          WIDTH="161"
                          VPOS="1830"
                          HPOS="1695"
                          CONTENT="salutem"/>
                  <SP HEIGHT="55" WIDTH="15" VPOS="1830" HPOS="1856"/>
                  <String HEIGHT="55"
                          WIDTH="146"
                          VPOS="1830"
                          HPOS="1812"
                          CONTENT="animae"/>
                  <SP HEIGHT="55" WIDTH="15" VPOS="1830" HPOS="1958"/>
                  <String HEIGHT="55"
                          WIDTH="117"
                          VPOS="1830"
                          HPOS="1914"
                          CONTENT="suae"/>
                  <SP HEIGHT="55" WIDTH="15" VPOS="1830" HPOS="2031"/>
                  <String HEIGHT="55" WIDTH="73" VPOS="1830" HPOS="1987" CONTENT="&amp;"/>
                  <SP HEIGHT="55" WIDTH="15" VPOS="1830" HPOS="2061"/>
                  <String HEIGHT="55" WIDTH="88" VPOS="1830" HPOS="2017" CONTENT="ad"/>
                  <SP HEIGHT="55" WIDTH="15" VPOS="1830" HPOS="2104"/>
                  <String HEIGHT="55"
                          WIDTH="73"
                          VPOS="1830"
                          HPOS="2046"
                          CONTENT="glo"/>
               </TextLine>
               <TextLine ID="r1l70"
                         BASELINE="1928"
                         HEIGHT="52"
                         WIDTH="760"
                         VPOS="1876"
                         HPOS="1356">
                  <String HEIGHT="52"
                          WIDTH="113"
                          VPOS="1876"
                          HPOS="1342"
                          CONTENT="tiam"/>
                  <SP HEIGHT="52" WIDTH="14" VPOS="1876" HPOS="1455"/>
                  <String HEIGHT="52"
                          WIDTH="99"
                          VPOS="1876"
                          HPOS="1412"
                          CONTENT="dei"/>
                  <SP HEIGHT="52" WIDTH="14" VPOS="1876" HPOS="1511"/>
                  <String HEIGHT="52"
                          WIDTH="141"
                          VPOS="1876"
                          HPOS="1469"
                          CONTENT="melius"/>
                  <SP HEIGHT="52" WIDTH="14" VPOS="1876" HPOS="1609"/>
                  <String HEIGHT="52" WIDTH="84" VPOS="1876" HPOS="1567" CONTENT="se"/>
                  <SP HEIGHT="52" WIDTH="14" VPOS="1876" HPOS="1652"/>
                  <String HEIGHT="52"
                          WIDTH="141"
                          VPOS="1876"
                          HPOS="1609"
                          CONTENT="habeat"/>
                  <SP HEIGHT="52" WIDTH="14" VPOS="1876" HPOS="1750"/>
                  <String HEIGHT="52" WIDTH="84" VPOS="1876" HPOS="1708" CONTENT="in"/>
                  <SP HEIGHT="52" WIDTH="14" VPOS="1876" HPOS="1792"/>
                  <String HEIGHT="52"
                          WIDTH="155"
                          VPOS="1876"
                          HPOS="1750"
                          CONTENT="saeculo"/>
                  <SP HEIGHT="52" WIDTH="14" VPOS="1876" HPOS="1905"/>
                  <String HEIGHT="52"
                          WIDTH="99"
                          VPOS="1876"
                          HPOS="1863"
                          CONTENT="qui"/>
                  <SP HEIGHT="52" WIDTH="14" VPOS="1876" HPOS="1961"/>
                  <String HEIGHT="52" WIDTH="84" VPOS="1876" HPOS="1919" CONTENT="in"/>
                  <SP HEIGHT="52" WIDTH="14" VPOS="1876" HPOS="2003"/>
                  <String HEIGHT="52"
                          WIDTH="169"
                          VPOS="1876"
                          HPOS="1947"
                          CONTENT="religione."/>
               </TextLine>
               <TextLine ID="r1l72"
                         BASELINE="1969"
                         HEIGHT="49"
                         WIDTH="757"
                         VPOS="1920"
                         HPOS="1360">
                  <String HEIGHT="49"
                          WIDTH="194"
                          VPOS="1920"
                          HPOS="1342"
                          CONTENT="vtputa,"/>
                  <SP HEIGHT="49" WIDTH="18" VPOS="1920" HPOS="1536"/>
                  <String HEIGHT="49"
                          WIDTH="158"
                          VPOS="1920"
                          HPOS="1483"
                          CONTENT="habet"/>
                  <SP HEIGHT="49" WIDTH="18" VPOS="1920" HPOS="1642"/>
                  <String HEIGHT="49"
                          WIDTH="158"
                          VPOS="1920"
                          HPOS="1589"
                          CONTENT="solum"/>
                  <SP HEIGHT="49" WIDTH="18" VPOS="1920" HPOS="1747"/>
                  <String HEIGHT="49"
                          WIDTH="141"
                          VPOS="1920"
                          HPOS="1694"
                          CONTENT="vnum"/>
                  <SP HEIGHT="49" WIDTH="18" VPOS="1920" HPOS="1835"/>
                  <String HEIGHT="49"
                          WIDTH="246"
                          VPOS="1920"
                          HPOS="1783"
                          CONTENT="beneficium"/>
                  <SP HEIGHT="49" WIDTH="18" VPOS="1920" HPOS="2029"/>
                  <String HEIGHT="49"
                          WIDTH="123"
                          VPOS="1920"
                          HPOS="1976"
                          CONTENT="quo"/>
                  <SP HEIGHT="49" WIDTH="18" VPOS="1920" HPOS="2099"/>
                  <String HEIGHT="49"
                          WIDTH="88"
                          VPOS="1920"
                          HPOS="2029"
                          CONTENT="est"/>
               </TextLine>
               <TextLine ID="r1l74"
                         BASELINE="2019"
                         HEIGHT="54"
                         WIDTH="756"
                         VPOS="1965"
                         HPOS="1357">
                  <String HEIGHT="54"
                          WIDTH="216"
                          VPOS="1965"
                          HPOS="1342"
                          CONTENT="contentus:"/>
                  <SP HEIGHT="54" WIDTH="15" VPOS="1965" HPOS="1558"/>
                  <String HEIGHT="54"
                          WIDTH="108"
                          VPOS="1965"
                          HPOS="1511"
                          CONTENT="qui"/>
                  <SP HEIGHT="54" WIDTH="15" VPOS="1965" HPOS="1619"/>
                  <String HEIGHT="54"
                          WIDTH="108"
                          VPOS="1965"
                          HPOS="1573"
                          CONTENT="vel"/>
                  <SP HEIGHT="54" WIDTH="15" VPOS="1965" HPOS="1681"/>
                  <String HEIGHT="54"
                          WIDTH="139"
                          VPOS="1965"
                          HPOS="1635"
                          CONTENT="docet"/>
                  <SP HEIGHT="54" WIDTH="15" VPOS="1965" HPOS="1774"/>
                  <String HEIGHT="54" WIDTH="93" VPOS="1965" HPOS="1727" CONTENT="in"/>
                  <SP HEIGHT="54" WIDTH="15" VPOS="1965" HPOS="1820"/>
                  <String HEIGHT="54"
                          WIDTH="170"
                          VPOS="1965"
                          HPOS="1774"
                          CONTENT="schola:"/>
                  <SP HEIGHT="54" WIDTH="15" VPOS="1965" HPOS="1943"/>
                  <String HEIGHT="54"
                          WIDTH="108"
                          VPOS="1965"
                          HPOS="1897"
                          CONTENT="vel"/>
                  <SP HEIGHT="54" WIDTH="15" VPOS="1965" HPOS="2005"/>
                  <String HEIGHT="54" WIDTH="93" VPOS="1965" HPOS="1959" CONTENT="in"/>
                  <SP HEIGHT="54" WIDTH="15" VPOS="1965" HPOS="2051"/>
                  <String HEIGHT="54"
                          WIDTH="123"
                          VPOS="1965"
                          HPOS="1990"
                          CONTENT="templo"/>
               </TextLine>
               <TextLine ID="r1l76"
                         BASELINE="2056"
                         HEIGHT="47"
                         WIDTH="758"
                         VPOS="2009"
                         HPOS="1356">
                  <String HEIGHT="47"
                          WIDTH="202"
                          VPOS="2009"
                          HPOS="1339"
                          CONTENT="vtiliter"/>
                  <SP HEIGHT="47" WIDTH="17" VPOS="2009" HPOS="1541"/>
                  <String HEIGHT="47"
                          WIDTH="101"
                          VPOS="2009"
                          HPOS="1491"
                          CONTENT="ad"/>
                  <SP HEIGHT="47" WIDTH="17" VPOS="2009" HPOS="1592"/>
                  <String HEIGHT="47"
                          WIDTH="185"
                          VPOS="2009"
                          HPOS="1541"
                          CONTENT="populum"/>
                  <SP HEIGHT="47" WIDTH="17" VPOS="2009" HPOS="1727"/>
                  <String HEIGHT="47"
                          WIDTH="219"
                          VPOS="2009"
                          HPOS="1676"
                          CONTENT="declamat:"/>
                  <SP HEIGHT="47" WIDTH="17" VPOS="2009" HPOS="1895"/>
                  <String HEIGHT="47"
                          WIDTH="101"
                          VPOS="2009"
                          HPOS="1844"
                          CONTENT="de"/>
                  <SP HEIGHT="47" WIDTH="17" VPOS="2009" HPOS="1946"/>
                  <String HEIGHT="47"
                          WIDTH="236"
                          VPOS="2009"
                          HPOS="1878"
                          CONTENT="temporalibus"/>
               </TextLine>
               <TextLine ID="r1l78"
                         BASELINE="2098"
                         HEIGHT="47"
                         WIDTH="757"
                         VPOS="2051"
                         HPOS="1353">
                  <String HEIGHT="47"
                          WIDTH="106"
                          VPOS="2051"
                          HPOS="1338"
                          CONTENT="non"/>
                  <SP HEIGHT="47" WIDTH="15" VPOS="2051" HPOS="1444"/>
                  <String HEIGHT="47"
                          WIDTH="106"
                          VPOS="2051"
                          HPOS="1398"
                          CONTENT="est"/>
                  <SP HEIGHT="47" WIDTH="15" VPOS="2051" HPOS="1504"/>
                  <String HEIGHT="47"
                          WIDTH="227"
                          VPOS="2051"
                          HPOS="1459"
                          CONTENT="sollicitus:"/>
                  <SP HEIGHT="47" WIDTH="15" VPOS="2051" HPOS="1686"/>
                  <String HEIGHT="47"
                          WIDTH="227"
                          VPOS="2051"
                          HPOS="1641"
                          CONTENT="prouisionem"/>
                  <SP HEIGHT="47" WIDTH="15" VPOS="2051" HPOS="1868"/>
                  <String HEIGHT="47"
                          WIDTH="242"
                          VPOS="2051"
                          HPOS="1822"
                          CONTENT="sufficientem"/>
                  <SP HEIGHT="47" WIDTH="15" VPOS="2051" HPOS="2065"/>
                  <String HEIGHT="47" WIDTH="76" VPOS="2051" HPOS="2019" CONTENT="&amp;"/>
                  <SP HEIGHT="47" WIDTH="15" VPOS="2051" HPOS="2095"/>
                  <String HEIGHT="47"
                          WIDTH="76"
                          VPOS="2051"
                          HPOS="2034"
                          CONTENT="non"/>
               </TextLine>
               <TextLine ID="r1l80"
                         BASELINE="2148"
                         HEIGHT="52"
                         WIDTH="759"
                         VPOS="2096"
                         HPOS="1357">
                  <String HEIGHT="52"
                          WIDTH="231"
                          VPOS="2096"
                          HPOS="1341"
                          CONTENT="superfluam"/>
                  <SP HEIGHT="52" WIDTH="17" VPOS="2096" HPOS="1572"/>
                  <String HEIGHT="52"
                          WIDTH="165"
                          VPOS="2096"
                          HPOS="1522"
                          CONTENT="habet:"/>
                  <SP HEIGHT="52" WIDTH="17" VPOS="2096" HPOS="1687"/>
                  <String HEIGHT="52"
                          WIDTH="149"
                          VPOS="2096"
                          HPOS="1638"
                          CONTENT="viuit"/>
                  <SP HEIGHT="52" WIDTH="17" VPOS="2096" HPOS="1786"/>
                  <String HEIGHT="52"
                          WIDTH="116"
                          VPOS="2096"
                          HPOS="1737"
                          CONTENT="cum"/>
                  <SP HEIGHT="52" WIDTH="17" VPOS="2096" HPOS="1852"/>
                  <String HEIGHT="52"
                          WIDTH="182"
                          VPOS="2096"
                          HPOS="1803"
                          CONTENT="honesto"/>
                  <SP HEIGHT="52" WIDTH="17" VPOS="2096" HPOS="1984"/>
                  <String HEIGHT="52"
                          WIDTH="165"
                          VPOS="2096"
                          HPOS="1935"
                          CONTENT="famulo"/>
                  <SP HEIGHT="52" WIDTH="17" VPOS="2096" HPOS="2100"/>
                  <String HEIGHT="52"
                          WIDTH="83"
                          VPOS="2096"
                          HPOS="2034"
                          CONTENT="vel"/>
               </TextLine>
               <TextLine ID="r1l82"
                         BASELINE="2184"
                         HEIGHT="44"
                         WIDTH="766"
                         VPOS="2140"
                         HPOS="1359">
                  <String HEIGHT="44"
                          WIDTH="165"
                          VPOS="2140"
                          HPOS="1344"
                          CONTENT="famulis"/>
                  <SP HEIGHT="44" WIDTH="15" VPOS="2140" HPOS="1509"/>
                  <String HEIGHT="44" WIDTH="75" VPOS="2140" HPOS="1464" CONTENT="/"/>
                  <SP HEIGHT="44" WIDTH="15" VPOS="2140" HPOS="1539"/>
                  <String HEIGHT="44"
                          WIDTH="150"
                          VPOS="2140"
                          HPOS="1494"
                          CONTENT="procul"/>
                  <SP HEIGHT="44" WIDTH="15" VPOS="2140" HPOS="1644"/>
                  <String HEIGHT="44" WIDTH="75" VPOS="2140" HPOS="1599" CONTENT="a"/>
                  <SP HEIGHT="44" WIDTH="15" VPOS="2140" HPOS="1674"/>
                  <String HEIGHT="44"
                          WIDTH="180"
                          VPOS="2140"
                          HPOS="1629"
                          CONTENT="mulierum"/>
                  <SP HEIGHT="44" WIDTH="15" VPOS="2140" HPOS="1810"/>
                  <String HEIGHT="44"
                          WIDTH="210"
                          VPOS="2140"
                          HPOS="1765"
                          CONTENT="societate:"/>
                  <SP HEIGHT="44" WIDTH="15" VPOS="2140" HPOS="1975"/>
                  <String HEIGHT="44" WIDTH="75" VPOS="2140" HPOS="1930" CONTENT="&amp;"/>
                  <SP HEIGHT="44" WIDTH="15" VPOS="2140" HPOS="2005"/>
                  <String HEIGHT="44" WIDTH="75" VPOS="2140" HPOS="1960" CONTENT="a"/>
                  <SP HEIGHT="44" WIDTH="15" VPOS="2140" HPOS="2035"/>
                  <String HEIGHT="44"
                          WIDTH="150"
                          VPOS="2140"
                          HPOS="1975"
                          CONTENT="superbia"/>
               </TextLine>
               <TextLine ID="r1l84"
                         BASELINE="2245"
                         HEIGHT="61"
                         WIDTH="757"
                         VPOS="2184"
                         HPOS="1365">
                  <String HEIGHT="61"
                          WIDTH="140"
                          VPOS="2184"
                          HPOS="1351"
                          CONTENT="potest"/>
                  <SP HEIGHT="61" WIDTH="14" VPOS="2184" HPOS="1491"/>
                  <String HEIGHT="61"
                          WIDTH="140"
                          VPOS="2184"
                          HPOS="1449"
                          CONTENT="cauere"/>
                  <SP HEIGHT="61" WIDTH="14" VPOS="2184" HPOS="1589"/>
                  <String HEIGHT="61" WIDTH="84" VPOS="2184" HPOS="1547" CONTENT="in"/>
                  <SP HEIGHT="61" WIDTH="14" VPOS="2184" HPOS="1631"/>
                  <String HEIGHT="61"
                          WIDTH="182"
                          VPOS="2184"
                          HPOS="1589"
                          CONTENT="religione"/>
                  <SP HEIGHT="61" WIDTH="14" VPOS="2184" HPOS="1772"/>
                  <String HEIGHT="61"
                          WIDTH="196"
                          VPOS="2184"
                          HPOS="1729"
                          CONTENT="christiana"/>
                  <SP HEIGHT="61" WIDTH="14" VPOS="2184" HPOS="1926"/>
                  <String HEIGHT="61" WIDTH="70" VPOS="2184" HPOS="1884" CONTENT="/"/>
                  <SP HEIGHT="61" WIDTH="14" VPOS="2184" HPOS="1954"/>
                  <String HEIGHT="61"
                          WIDTH="112"
                          VPOS="2184"
                          HPOS="1912"
                          CONTENT="quam"/>
                  <SP HEIGHT="61" WIDTH="14" VPOS="2184" HPOS="2024"/>
                  <String HEIGHT="61"
                          WIDTH="126"
                          VPOS="2184"
                          HPOS="1982"
                          CONTENT="nouit"/>
                  <SP HEIGHT="61" WIDTH="14" VPOS="2184" HPOS="2108"/>
                  <String HEIGHT="61"
                          WIDTH="70"
                          VPOS="2184"
                          HPOS="2052"
                          CONTENT="me"
                          SUBS_TYPE="HypPart1"
                          SUBS_CONTENT="melius"/>
                  <HYP CONTENT="-"/>
               </TextLine>
               <TextLine ID="r1l86"
                         BASELINE="2279"
                         HEIGHT="45"
                         WIDTH="761"
                         VPOS="2234"
                         HPOS="1352">
                  <String HEIGHT="45"
                          WIDTH="130"
                          VPOS="2234"
                          HPOS="1336"
                          CONTENT="lius"
                          SUBS_TYPE="HypPart2"
                          SUBS_CONTENT="melius"/>
                  <SP HEIGHT="45" WIDTH="16" VPOS="2234" HPOS="1465"/>
                  <String HEIGHT="45"
                          WIDTH="130"
                          VPOS="2234"
                          HPOS="1417"
                          CONTENT="quam"/>
                  <SP HEIGHT="45" WIDTH="16" VPOS="2234" HPOS="1546"/>
                  <String HEIGHT="45"
                          WIDTH="162"
                          VPOS="2234"
                          HPOS="1498"
                          CONTENT="abbas."/>
                  <SP HEIGHT="45" WIDTH="16" VPOS="2234" HPOS="1660"/>
                  <String HEIGHT="45"
                          WIDTH="146"
                          VPOS="2234"
                          HPOS="1611"
                          CONTENT="Tales"/>
                  <SP HEIGHT="45" WIDTH="16" VPOS="2234" HPOS="1757"/>
                  <String HEIGHT="45"
                          WIDTH="130"
                          VPOS="2234"
                          HPOS="1708"
                          CONTENT="enim"/>
                  <SP HEIGHT="45" WIDTH="16" VPOS="2234" HPOS="1838"/>
                  <String HEIGHT="45"
                          WIDTH="162"
                          VPOS="2234"
                          HPOS="1789"
                          CONTENT="doctos"/>
                  <SP HEIGHT="45" WIDTH="16" VPOS="2234" HPOS="1951"/>
                  <String HEIGHT="45"
                          WIDTH="146"
                          VPOS="2234"
                          HPOS="1903"
                          CONTENT="viros"/>
                  <SP HEIGHT="45" WIDTH="16" VPOS="2234" HPOS="2048"/>
                  <String HEIGHT="45" WIDTH="97" VPOS="2234" HPOS="2000" CONTENT="in"/>
                  <SP HEIGHT="45" WIDTH="16" VPOS="2234" HPOS="2097"/>
                  <String HEIGHT="45"
                          WIDTH="81"
                          VPOS="2234"
                          HPOS="2032"
                          CONTENT="bo"
                          SUBS_TYPE="HypPart1"
                          SUBS_CONTENT="bonis"/>
                  <HYP CONTENT="-"/>
               </TextLine>
               <TextLine ID="r1l88"
                         BASELINE="2318"
                         HEIGHT="43"
                         WIDTH="745"
                         VPOS="2275"
                         HPOS="1363">
                  <String HEIGHT="43"
                          WIDTH="111"
                          VPOS="2275"
                          HPOS="1347"
                          CONTENT="nis"
                          SUBS_TYPE="HypPart2"
                          SUBS_CONTENT="bonis"/>
                  <SP HEIGHT="43" WIDTH="16" VPOS="2275" HPOS="1458"/>
                  <String HEIGHT="43"
                          WIDTH="317"
                          VPOS="2275"
                          HPOS="1411"
                          CONTENT="vniuersitatibus,"/>
                  <SP HEIGHT="43" WIDTH="16" VPOS="2275" HPOS="1728"/>
                  <String HEIGHT="43"
                          WIDTH="254"
                          VPOS="2275"
                          HPOS="1680"
                          CONTENT="laudabiliter"/>
                  <SP HEIGHT="43" WIDTH="16" VPOS="2275" HPOS="1934"/>
                  <String HEIGHT="43"
                          WIDTH="190"
                          VPOS="2275"
                          HPOS="1886"
                          CONTENT="viuentes"/>
                  <SP HEIGHT="43" WIDTH="16" VPOS="2275" HPOS="2076"/>
                  <String HEIGHT="43"
                          WIDTH="95"
                          VPOS="2275"
                          HPOS="2013"
                          CONTENT="plu"
                          SUBS_TYPE="HypPart1"
                          SUBS_CONTENT="plures"/>
                  <HYP CONTENT="-"/>
               </TextLine>
               <TextLine ID="r1l90"
                         BASELINE="2362"
                         HEIGHT="41"
                         WIDTH="770"
                         VPOS="2321"
                         HPOS="1356">
                  <String HEIGHT="41"
                          WIDTH="117"
                          VPOS="2321"
                          HPOS="1339"
                          CONTENT="res"
                          SUBS_TYPE="HypPart2"
                          SUBS_CONTENT="plures"/>
                  <SP HEIGHT="41" WIDTH="17" VPOS="2321" HPOS="1456"/>
                  <String HEIGHT="41"
                          WIDTH="167"
                          VPOS="2321"
                          HPOS="1406"
                          CONTENT="dabis:"/>
                  <SP HEIGHT="41" WIDTH="17" VPOS="2321" HPOS="1574"/>
                  <String HEIGHT="41"
                          WIDTH="100"
                          VPOS="2321"
                          HPOS="1523"
                          CONTENT="ad"/>
                  <SP HEIGHT="41" WIDTH="17" VPOS="2321" HPOS="1624"/>
                  <String HEIGHT="41"
                          WIDTH="134"
                          VPOS="2321"
                          HPOS="1574"
                          CONTENT="quos"/>
                  <SP HEIGHT="41" WIDTH="17" VPOS="2321" HPOS="1708"/>
                  <String HEIGHT="41"
                          WIDTH="184"
                          VPOS="2321"
                          HPOS="1657"
                          CONTENT="indocti"/>
                  <SP HEIGHT="41" WIDTH="17" VPOS="2321" HPOS="1841"/>
                  <String HEIGHT="41"
                          WIDTH="201"
                          VPOS="2321"
                          HPOS="1791"
                          CONTENT="refugium"/>
                  <SP HEIGHT="41" WIDTH="17" VPOS="2321" HPOS="1992"/>
                  <String HEIGHT="41"
                          WIDTH="184"
                          VPOS="2321"
                          HPOS="1942"
                          CONTENT="habent:"/>
                  <SP HEIGHT="41" WIDTH="17" VPOS="2321" HPOS="2126"/>
                  <String HEIGHT="41" WIDTH="67" VPOS="2321" HPOS="2059" CONTENT="vt"/>
               </TextLine>
               <TextLine ID="r1l92"
                         BASELINE="2416"
                         HEIGHT="48"
                         WIDTH="758"
                         VPOS="2368"
                         HPOS="1353">
                  <String HEIGHT="48"
                          WIDTH="103"
                          VPOS="2368"
                          HPOS="1336"
                          CONTENT="ad"/>
                  <SP HEIGHT="48" WIDTH="17" VPOS="2368" HPOS="1439"/>
                  <String HEIGHT="48"
                          WIDTH="207"
                          VPOS="2368"
                          HPOS="1387"
                          CONTENT="oraculum"/>
                  <SP HEIGHT="48" WIDTH="17" VPOS="2368" HPOS="1594"/>
                  <String HEIGHT="48"
                          WIDTH="241"
                          VPOS="2368"
                          HPOS="1543"
                          CONTENT="Apollinis."/>
                  <SP HEIGHT="48" WIDTH="17" VPOS="2368" HPOS="1784"/>
                  <String HEIGHT="48"
                          WIDTH="190"
                          VPOS="2368"
                          HPOS="1732"
                          CONTENT="Quibus,"/>
                  <SP HEIGHT="48" WIDTH="17" VPOS="2368" HPOS="1922"/>
                  <String HEIGHT="48"
                          WIDTH="207"
                          VPOS="2368"
                          HPOS="1870"
                          CONTENT="opinione"/>
                  <SP HEIGHT="48" WIDTH="17" VPOS="2368" HPOS="2077"/>
                  <String HEIGHT="48"
                          WIDTH="103"
                          VPOS="2368"
                          HPOS="2008"
                          CONTENT="mea,"/>
               </TextLine>
               <TextLine ID="r1l93"
                         BASELINE="2459"
                         HEIGHT="48"
                         WIDTH="770"
                         VPOS="2411"
                         HPOS="1356">
                  <String HEIGHT="48"
                          WIDTH="115"
                          VPOS="2411"
                          HPOS="1340"
                          CONTENT="non"/>
                  <SP HEIGHT="48" WIDTH="16" VPOS="2411" HPOS="1454"/>
                  <String HEIGHT="48"
                          WIDTH="115"
                          VPOS="2411"
                          HPOS="1405"
                          CONTENT="est"/>
                  <SP HEIGHT="48" WIDTH="16" VPOS="2411" HPOS="1520"/>
                  <String HEIGHT="48"
                          WIDTH="246"
                          VPOS="2411"
                          HPOS="1471"
                          CONTENT="consulendum"/>
                  <SP HEIGHT="48" WIDTH="16" VPOS="2411" HPOS="1716"/>
                  <String HEIGHT="48" WIDTH="82" VPOS="2411" HPOS="1667" CONTENT="/"/>
                  <SP HEIGHT="48" WIDTH="16" VPOS="2411" HPOS="1749"/>
                  <String HEIGHT="48"
                          WIDTH="229"
                          VPOS="2411"
                          HPOS="1700"
                          CONTENT="religionem"/>
                  <SP HEIGHT="48" WIDTH="16" VPOS="2411" HPOS="1929"/>
                  <String HEIGHT="48"
                          WIDTH="229"
                          VPOS="2411"
                          HPOS="1880"
                          CONTENT="profiteri."/>
                  <SP HEIGHT="48" WIDTH="16" VPOS="2411" HPOS="2110"/>
                  <String HEIGHT="48"
                          WIDTH="82"
                          VPOS="2411"
                          HPOS="2044"
                          CONTENT="nam"/>
               </TextLine>
               <TextLine ID="r1l96"
                         BASELINE="2502"
                         HEIGHT="52"
                         WIDTH="761"
                         VPOS="2450"
                         HPOS="1356">
                  <String HEIGHT="52"
                          WIDTH="176"
                          VPOS="2450"
                          HPOS="1341"
                          CONTENT="episcopi"/>
                  <SP HEIGHT="52" WIDTH="15" VPOS="2450" HPOS="1517"/>
                  <String HEIGHT="52" WIDTH="73" VPOS="2450" HPOS="1473" CONTENT="&amp;"/>
                  <SP HEIGHT="52" WIDTH="15" VPOS="2450" HPOS="1546"/>
                  <String HEIGHT="52"
                          WIDTH="146"
                          VPOS="2450"
                          HPOS="1502"
                          CONTENT="curati"/>
                  <SP HEIGHT="52" WIDTH="15" VPOS="2450" HPOS="1649"/>
                  <String HEIGHT="52"
                          WIDTH="132"
                          VPOS="2450"
                          HPOS="1605"
                          CONTENT="iuxta"/>
                  <SP HEIGHT="52" WIDTH="15" VPOS="2450" HPOS="1736"/>
                  <String HEIGHT="52"
                          WIDTH="190"
                          VPOS="2450"
                          HPOS="1693"
                          CONTENT="praedicta"/>
                  <SP HEIGHT="52" WIDTH="15" VPOS="2450" HPOS="1883"/>
                  <String HEIGHT="52"
                          WIDTH="117"
                          VPOS="2450"
                          HPOS="1839"
                          CONTENT="sunt"/>
                  <SP HEIGHT="52" WIDTH="15" VPOS="2450" HPOS="1956"/>
                  <String HEIGHT="52" WIDTH="88" VPOS="2450" HPOS="1912" CONTENT="in"/>
                  <SP HEIGHT="52" WIDTH="15" VPOS="2450" HPOS="2000"/>
                  <String HEIGHT="52"
                          WIDTH="146"
                          VPOS="2450"
                          HPOS="1956"
                          CONTENT="ordine"/>
                  <SP HEIGHT="52" WIDTH="15" VPOS="2450" HPOS="2102"/>
                  <String HEIGHT="52"
                          WIDTH="73"
                          VPOS="2450"
                          HPOS="2044"
                          CONTENT="al"
                          SUBS_TYPE="HypPart1"
                          SUBS_CONTENT="altiore"/>
                  <HYP CONTENT="-"/>
               </TextLine>
               <TextLine ID="r1l98"
                         BASELINE="2544"
                         HEIGHT="45"
                         WIDTH="766"
                         VPOS="2499"
                         HPOS="1360">
                  <String HEIGHT="45"
                          WIDTH="133"
                          VPOS="2499"
                          HPOS="1345"
                          CONTENT="tiore"
                          SUBS_TYPE="HypPart2"
                          SUBS_CONTENT="altiore"/>
                  <SP HEIGHT="45" WIDTH="15" VPOS="2499" HPOS="1478"/>
                  <String HEIGHT="45"
                          WIDTH="118"
                          VPOS="2499"
                          HPOS="1434"
                          CONTENT="quam"/>
                  <SP HEIGHT="45" WIDTH="15" VPOS="2499" HPOS="1552"/>
                  <String HEIGHT="45"
                          WIDTH="192"
                          VPOS="2499"
                          HPOS="1507"
                          CONTENT="religiosi"/>
                  <SP HEIGHT="45" WIDTH="15" VPOS="2499" HPOS="1699"/>
                  <String HEIGHT="45"
                          WIDTH="206"
                          VPOS="2499"
                          HPOS="1655"
                          CONTENT="simplices."/>
                  <SP HEIGHT="45" WIDTH="15" VPOS="2499" HPOS="1861"/>
                  <String HEIGHT="45"
                          WIDTH="118"
                          VPOS="2499"
                          HPOS="1817"
                          CONTENT="Vnde"/>
                  <SP HEIGHT="45" WIDTH="15" VPOS="2499" HPOS="1935"/>
                  <String HEIGHT="45"
                          WIDTH="147"
                          VPOS="2499"
                          HPOS="1890"
                          CONTENT="Gerson"/>
                  <SP HEIGHT="45" WIDTH="15" VPOS="2499" HPOS="2038"/>
                  <String HEIGHT="45" WIDTH="88" VPOS="2499" HPOS="1993" CONTENT="in"/>
                  <SP HEIGHT="45" WIDTH="15" VPOS="2499" HPOS="2082"/>
                  <String HEIGHT="45"
                          WIDTH="103"
                          VPOS="2499"
                          HPOS="2023"
                          CONTENT="regu"
                          SUBS_TYPE="HypPart1"
                          SUBS_CONTENT="regulis"/>
                  <HYP CONTENT="-"/>
               </TextLine>
               <TextLine ID="r1l100"
                         BASELINE="2593"
                         HEIGHT="55"
                         WIDTH="764"
                         VPOS="2538"
                         HPOS="1356">
                  <String HEIGHT="55"
                          WIDTH="111"
                          VPOS="2538"
                          HPOS="1340"
                          CONTENT="lis"
                          SUBS_TYPE="HypPart2"
                          SUBS_CONTENT="regulis"/>
                  <SP HEIGHT="55" WIDTH="16" VPOS="2538" HPOS="1452"/>
                  <String HEIGHT="55"
                          WIDTH="207"
                          VPOS="2538"
                          HPOS="1404"
                          CONTENT="moralibus"/>
                  <SP HEIGHT="55" WIDTH="16" VPOS="2538" HPOS="1611"/>
                  <String HEIGHT="55"
                          WIDTH="111"
                          VPOS="2538"
                          HPOS="1563"
                          CONTENT="vbi"/>
                  <SP HEIGHT="55" WIDTH="16" VPOS="2538" HPOS="1674"/>
                  <String HEIGHT="55"
                          WIDTH="191"
                          VPOS="2538"
                          HPOS="1627"
                          CONTENT="loquitur"/>
                  <SP HEIGHT="55" WIDTH="16" VPOS="2538" HPOS="1818"/>
                  <String HEIGHT="55" WIDTH="96" VPOS="2538" HPOS="1770" CONTENT="de"/>
                  <SP HEIGHT="55" WIDTH="16" VPOS="2538" HPOS="1865"/>
                  <String HEIGHT="55"
                          WIDTH="207"
                          VPOS="2538"
                          HPOS="1818"
                          CONTENT="superbia,"/>
                  <SP HEIGHT="55" WIDTH="16" VPOS="2538" HPOS="2025"/>
                  <String HEIGHT="55"
                          WIDTH="127"
                          VPOS="2538"
                          HPOS="1977"
                          CONTENT="bene"/>
                  <SP HEIGHT="55" WIDTH="16" VPOS="2538" HPOS="2104"/>
                  <String HEIGHT="55"
                          WIDTH="80"
                          VPOS="2538"
                          HPOS="2040"
                          CONTENT="di"
                          SUBS_TYPE="HypPart1"
                          SUBS_CONTENT="dicit,"/>
                  <HYP CONTENT="-"/>
               </TextLine>
               <TextLine ID="r1l102"
                         BASELINE="2641"
                         HEIGHT="51"
                         WIDTH="765"
                         VPOS="2590"
                         HPOS="1361">
                  <String HEIGHT="51"
                          WIDTH="115"
                          VPOS="2590"
                          HPOS="1347"
                          CONTENT="cit,"
                          SUBS_TYPE="HypPart2"
                          SUBS_CONTENT="dicit,"/>
                  <SP HEIGHT="51" WIDTH="14" VPOS="2590" HPOS="1462"/>
                  <String HEIGHT="51"
                          WIDTH="159"
                          VPOS="2590"
                          HPOS="1419"
                          CONTENT="stultum"/>
                  <SP HEIGHT="51" WIDTH="14" VPOS="2590" HPOS="1578"/>
                  <String HEIGHT="51"
                          WIDTH="115"
                          VPOS="2590"
                          HPOS="1534"
                          CONTENT="esse"/>
                  <SP HEIGHT="51" WIDTH="14" VPOS="2590" HPOS="1650"/>
                  <String HEIGHT="51"
                          WIDTH="144"
                          VPOS="2590"
                          HPOS="1606"
                          CONTENT="dicere"/>
                  <SP HEIGHT="51" WIDTH="14" VPOS="2590" HPOS="1751"/>
                  <String HEIGHT="51"
                          WIDTH="115"
                          VPOS="2590"
                          HPOS="1707"
                          CONTENT="quod"/>
                  <SP HEIGHT="51" WIDTH="14" VPOS="2590" HPOS="1823"/>
                  <String HEIGHT="51" WIDTH="87" VPOS="2590" HPOS="1780" CONTENT="de"/>
                  <SP HEIGHT="51" WIDTH="14" VPOS="2590" HPOS="1866"/>
                  <String HEIGHT="51"
                          WIDTH="217"
                          VPOS="2590"
                          HPOS="1823"
                          CONTENT="ingredienda"/>
                  <SP HEIGHT="51" WIDTH="14" VPOS="2590" HPOS="2039"/>
                  <String HEIGHT="51"
                          WIDTH="144"
                          VPOS="2590"
                          HPOS="1982"
                          CONTENT="religio"
                          SUBS_TYPE="HypPart1"
                          SUBS_CONTENT="religione"/>
                  <HYP CONTENT="-"/>
               </TextLine>
               <TextLine ID="r1l104"
                         BASELINE="2691"
                         HEIGHT="63"
                         WIDTH="770"
                         VPOS="2628"
                         HPOS="1362">
                  <String HEIGHT="63"
                          WIDTH="92"
                          VPOS="2628"
                          HPOS="1347"
                          CONTENT="ne"
                          SUBS_TYPE="HypPart2"
                          SUBS_CONTENT="religione"/>
                  <SP HEIGHT="63" WIDTH="15" VPOS="2628" HPOS="1439"/>
                  <String HEIGHT="63"
                          WIDTH="246"
                          VPOS="2628"
                          HPOS="1393"
                          CONTENT="consiliandum"/>
                  <SP HEIGHT="63" WIDTH="15" VPOS="2628" HPOS="1639"/>
                  <String HEIGHT="63"
                          WIDTH="108"
                          VPOS="2628"
                          HPOS="1593"
                          CONTENT="non"/>
                  <SP HEIGHT="63" WIDTH="15" VPOS="2628" HPOS="1701"/>
                  <String HEIGHT="63"
                          WIDTH="123"
                          VPOS="2628"
                          HPOS="1655"
                          CONTENT="sit:"/>
                  <SP HEIGHT="63" WIDTH="15" VPOS="2628" HPOS="1778"/>
                  <String HEIGHT="63"
                          WIDTH="108"
                          VPOS="2628"
                          HPOS="1732"
                          CONTENT="sed"/>
                  <SP HEIGHT="63" WIDTH="15" VPOS="2628" HPOS="1839"/>
                  <String HEIGHT="63" WIDTH="92" VPOS="2628" HPOS="1793" CONTENT="ad"/>
                  <SP HEIGHT="63" WIDTH="15" VPOS="2628" HPOS="1886"/>
                  <String HEIGHT="63"
                          WIDTH="154"
                          VPOS="2628"
                          HPOS="1839"
                          CONTENT="primam"/>
                  <SP HEIGHT="63" WIDTH="15" VPOS="2628" HPOS="1993"/>
                  <String HEIGHT="63"
                          WIDTH="200"
                          VPOS="2628"
                          HPOS="1932"
                          CONTENT="inspiratio"
                          SUBS_TYPE="HypPart1"
                          SUBS_CONTENT="inspirationem"/>
                  <HYP CONTENT="-"/>
               </TextLine>
               <TextLine ID="r1l106"
                         BASELINE="2734"
                         HEIGHT="62"
                         WIDTH="325"
                         VPOS="2672"
                         HPOS="1351">
                  <String HEIGHT="62"
                          WIDTH="134"
                          VPOS="2672"
                          HPOS="1332"
                          CONTENT="nem"
                          SUBS_TYPE="HypPart2"
                          SUBS_CONTENT="inspirationem"/>
                  <SP HEIGHT="62" WIDTH="19" VPOS="2672" HPOS="1466"/>
                  <String HEIGHT="62"
                          WIDTH="287"
                          VPOS="2672"
                          HPOS="1389"
                          CONTENT="ingrediendum."/>
               </TextLine>
            </TextBlock>
         </PrintSpace>
      </Page>
   </Layout>
</alto>
