2299 3315
414 312 222 61 Armachanus
588 312 95 61 in
636 312 269 61 quaestionibus
858 312 222 61 Armeniorum
1032 312 143 61 tenet
1111 312 79 61 non

421 365 227 41 circuncisos
603 365 106 41 pro
663 365 167 41 Christo
784 365 197 41 peremptos
936 365 197 41 damnatos.
1072 365 106 41 ratio

426 405 156 54 secundum
543 405 91 54 eum
595 405 91 54 est
647 405 104 54 quia
712 405 195 54 decesserunt
869 405 78 54 in
908 405 143 54 peccaro
1012 405 182 54 originali.
1142 405 39 54 &

428 449 212 53 consequenter
600 449 146 53 diceret
706 449 133 53 festum
799 449 186 53 Innocentum
945 449 119 53 solum
1024 449 106 53 esse
1090 449 80 53 de
1117 449 66 53 cir

418 494 176 56 cuncisis.
553 494 122 56 lstud
634 494 95 56 non
688 494 149 56 placet.
796 494 68 56 â‹
823 494 81 56 Et
863 494 95 56 pro
917 494 108 56 illo
985 494 108 56 quod
1052 494 135 56 sentio
1133 494 54 56 po

424 540 100 55 nam
481 540 185 55 succincte
623 540 256 55 propositiones:
836 540 142 55 quarum
936 540 128 55 Prima
1021 540 114 55 est.
1078 540 100 55 Omnes

416 579 109 64 pro
479 579 171 64 Christo
603 579 171 64 occisi,
727 579 140 64 inter
820 579 124 64 quos
897 579 186 64 Christus
1021 579 171 64 putabatur

425 632 150 43 occidi,
535 632 109 43 sunt
603 632 164 43 saluati.
726 632 178 43 Probatur.
862 632 164 43 quilibet
985 632 123 43 talis
1067 632 109 43 erat
1122 632 68 43 ba-

430 670 177 50 ptizatus
563 670 177 50 baptismo
695 670 206 50 sanguinis.
857 670 177 50 Ecclesia
990 670 132 50 autem
1078 670 103 50 non
1122 670 59 50 di

422 716 163 49 stinguit
544 716 203 49 circuncisos
707 716 68 49 a
734 716 95 49 non
788 716 203 49 circuncisis
951 716 81 49 in
991 716 122 49 festo
1059 716 122 49 Innocen

418 766 124 43 tum:
495 766 124 43 ergo
572 766 201 43 inhumanum
727 766 108 43 est
788 766 108 43 non
850 766 232 43 circuncisos
1020 766 170 43 excludere

417 811 213 50 potissimum
584 811 91 50 in
630 811 137 50 primo
721 811 167 50 aduentu
843 811 137 50 verbi
934 811 213 50 incarnati:
1086 811 107 50 sicut

424 846 100 56 rex
481 846 86 56 in
524 846 129 56 primo
610 846 172 56 ingressu
739 846 86 56 in
782 846 158 56 aliquam
897 846 129 56 vrbem
983 846 158 56 carcere
1084 846 100 56 detem

419 888 101 52 tos
476 888 173 52 liberat.
606 888 188 52 Praeterea
751 888 101 52 non
809 888 202 52 requiritur
967 888 159 52 volitio
1083 888 87 52 ad
1112 888 72 52 hoc

423 930 83 51 vt
465 930 110 51 quis
534 930 193 51 ascribatur
685 930 166 51 familiae
810 930 166 51 Christi:
934 930 83 51 vt
975 930 124 51 patet
1058 930 83 51 in
1086 930 110 51 paruu-

424 981 98 53 lis
480 981 209 53 baptizatis:
647 981 112 53 ergo
717 981 126 53 neque
801 981 195 53 requiritur
955 981 154 53 volitio
1066 981 84 53 ad
1094 981 84 53 hoc,

428 1034 81 48 vt
469 1034 108 48 quis
537 1034 190 48 ascribatur
686 1034 163 48 militiae
808 1034 163 48 Cnristi.
930 1034 95 48 Hoc
984 1034 122 48 etiam
1065 1034 122 48 patet
1133 1034 54 48 au

410 1068 225 52 ctoritate
582 1068 225 52 Augustini
755 1068 104 52 in
807 1068 190 52 sermone
945 1068 104 52 de
980 1068 207 52 Epiphania,

424 1113 93 44 de
470 1113 170 44 omnibus
593 1113 185 44 paruulis
733 1113 93 44 ab
779 1113 154 44 Herode
887 1113 170 44 occisis
995 1113 201 44 indistincte

418 1154 206 54 loquentis,
580 1154 103 54 nec
639 1154 177 54 Sedulius
772 1154 191 54 discrimen
919 1154 133 54 ponit
1007 1154 147 54 vllum,
1096 1154 88 54 dans

426 1200 263 49 comparationem
642 1200 93 49 de
689 1200 170 49 Herodis
813 1200 170 49 fremitu
936 1200 217 49 nequeuntis
1091 1200 93 49 Chri

422 1247 114 44 stu
487 1247 178 44 habere:
616 1247 243 44 quemadmodum
811 1247 114 44 leo
876 1247 97 44 de
925 1247 130 44 agno
1006 1247 162 44 amisso
1103 1247 81 44 rui

416 1296 129 49 git,
496 1296 209 49 inquiens.
657 1296 129 49 Haud
738 1296 145 49 secus
835 1296 177 49 Herodes
964 1296 177 49 Christo
1076 1296 113 49 stimu

421 1334 138 52 latus
513 1334 169 52 adempto
636 1334 169 52 Stemere
759 1334 185 52 collisas
898 1334 185 52 paruorum
1036 1334 154 52 strage
1128 1334 62 52 ca

428 1378 182 50 teruas.
561 1378 99 50 Et
611 1378 149 50 paulo
710 1378 149 50 post.
809 1378 199 50 Puerilia
958 1378 166 50 mactat
1058 1378 132 50 milia.

420 1427 66 51 â‹
446 1427 145 51 Secunda
552 1427 171 51 propotes.
683 1427 171 51 probabile
815 1427 105 51 est:
881 1427 66 51 &
907 1427 92 51 ita
960 1427 145 51 opinor:
1065 1427 105 51 quod
1118 1427 66 51 per

428 1469 116 49 uulus
505 1469 90 49 iam
557 1469 142 49 occisus
660 1469 77 49 in
699 1469 116 49 odium
776 1469 142 49 Curisti
879 1469 77 49 ab
918 1469 155 49 infideli
1034 1469 90 49 est
1073 1469 116 49 baptiza

417 1511 107 47 tus
478 1511 184 47 baptismo
616 1511 214 47 sanguinis.
784 1511 92 47 Et
830 1511 123 47 idem
907 1511 123 47 puto
984 1511 92 47 si
1029 1511 153 47 mulier
1137 1511 92 47 in

423 1560 165 48 fidelis
543 1560 75 48 a
573 1560 150 48 fideli
677 1560 224 48 impraegnata
857 1560 90 48 in
902 1560 135 48 odium
992 1560 165 48 Curisti
1096 1560 105 48 paruu

427 1602 98 46 lum
483 1602 168 46 occidat.
609 1602 126 46 ratio
693 1602 98 46 non
749 1602 98 46 est
805 1602 126 46 multo
890 1602 168 46 inferior
1016 1602 84 46 in
1058 1602 98 46 hac
1100 1602 84 46 pro-

421 1640 185 61 positione
563 1640 114 61 quam
634 1640 85 61 in
677 1640 228 61 praecedente.
862 1640 71 61 â‹
891 1640 142 61 Tertia
990 1640 214 61 propositio.
1147 1640 57 61 Si

420 1679 166 56 adultus
541 1679 196 56 infidelis
692 1679 136 56 inter
782 1679 226 56 Christianos
963 1679 91 56 in
1009 1679 196 56 limitibus
1145 1679 60 56 oc

426 1734 186 46 cidatur:
565 1734 93 46 is
611 1734 108 46 non
673 1734 108 46 est
735 1734 217 46 baptizatus
905 1734 186 46 baptismo
1029 1734 170 46 sanguinis

423 1775 147 49 Ratio.
526 1775 118 49 quia
600 1775 118 49 ante
673 1775 191 49 dissensit
820 1775 88 49 in
864 1775 132 49 fidem
952 1775 176 49 Christi,
1084 1775 103 49 nec
1129 1775 73 49 ha-

433 1821 114 52 buit
504 1821 186 52 consensum
647 1821 143 52 vnquam
747 1821 86 52 in
790 1821 200 52 oppositum:
948 1821 72 52 &
976 1821 100 52 cum
1033 1821 100 52 sit
1076 1821 129 52 adultus

431 1864 80 51 de
471 1864 106 51 fide
537 1864 213 51 intelligens,
710 1864 80 51 si
750 1864 93 51 non
803 1864 173 51 consentit
936 1864 93 51 nec
989 1864 186 51 dissentit:
1136 1864 93 51 non

426 1915 113 43 est
491 1915 227 43 baptizatus
669 1915 195 43 baptismo
815 1915 227 43 sanguinis.
993 1915 162 43 Ratio.
1091 1915 113 43 talis

433 1956 101 48 cum
490 1956 101 48 sit
548 1956 158 48 adultus
663 1956 101 48 non
720 1956 101 48 est
778 1956 101 48 sic
835 1956 129 48 capax
922 1956 173 48 baptismi
1037 1956 158 48 fluminis:

426 2001 117 43 ergo
500 2001 132 43 neque
588 2001 206 43 sanguinis.
749 2001 88 43 Et
793 2001 132 43 licet
882 2001 206 43 concedatur
1028 2001 162 43 baptismus

430 2041 187 53 sanguinis
574 2041 115 53 esse
646 2041 230 53 sacramentum:
833 2041 101 53 cum
891 2041 101 53 sit
948 2041 187 53 sensibile
1078 2041 115 53 signum

433 2088 154 51 ratione
545 2088 126 51 cuius
629 2088 154 51 virtute
742 2088 140 51 operis
840 2088 154 51 operati
952 2088 182 51 confertur
1079 2088 126 51 gratia:

423 2128 104 48 non
483 2128 134 48 tamen
572 2128 179 48 sequitur
707 2128 194 48 crementum
856 2128 254 48 sacramentorum
1065 2128 134 48 vltra
1139 2128 60 48 nu

431 2178 152 47 merum
532 2178 269 47 septenarium:
751 2178 135 47 quia
835 2178 101 47 ad
886 2178 219 47 baptismum
1037 2178 152 47 attinet

438 2218 74 57 â‹
468 2218 104 57 Pro
527 2218 148 57 tertio
631 2218 148 57 dubio:
735 2218 208 57 verosimile
898 2218 104 57 est
958 2218 119 57 quod
1032 2218 163 57 paruuli
1136 2218 59 57 oc

433 2265 114 63 cisi
504 2265 100 63 pro
561 2265 156 63 Christo
675 2265 156 63 maiorem
788 2265 156 63 gratiam
902 2265 185 63 habuerunt
1045 2265 114 63 quam
1101 2265 100 63 bapti

427 2302 136 65 zati
512 2302 205 65 baptismo
649 2302 187 65 fiuminis.

429 2363 107 98 â‹
471 2363 300 98 Epilogando
707 2363 172 98 dico
815 2363 279 98 quamlibet
1008 2363 193 98 gratiam

442 2443 215 52 baptismalem
613 2443 172 52 cuilibet
742 2443 143 52 alteri
842 2443 200 52 baptismali
999 2443 114 52 esse
1057 2443 157 52 aequalem-

425 2494 115 54 hic
490 2494 98 54 de
539 2494 197 54 baptismo
687 2494 197 54 fiuminis
834 2494 164 54 loquor
949 2494 229 54 comparando
1113 2494 98 54 gra-

443 2536 111 56 tiam
512 2536 125 56 vnius
596 2536 83 56 ad
637 2536 153 56 gratiam
748 2536 180 56 alterius:
887 2536 97 56 vel
942 2536 194 56 comparando
1081 2536 125 56 gratiam

438 2576 197 61 baptismi
585 2576 213 61 sanguinis
749 2576 98 61 ad
799 2576 181 61 gratiam
930 2576 197 61 baptismi
1061 2576 148 61 sangui-

430 2625 111 49 nis.
499 2625 166 49 Vlterius
624 2625 166 49 diximus:
748 2625 111 49 quod
817 2625 138 49 nullus
914 2625 138 49 viator
1011 2625 138 49 alteri
1094 2625 124 49 meretur

433 2674 145 47 primam
534 2674 174 47 gratiam:
664 2674 101 47 vel
722 2674 159 47 gratiae
838 2674 188 47 augmentum
982 2674 116 47 sine
1055 2674 116 47 actu
1113 2674 101 47 alte-

436 2711 132 77 tius:
524 2711 161 77 virtute
642 2711 132 77 tamen
730 2711 191 77 passionis
877 2711 176 77 Churisti
1009 2711 88 77 in
1038 2711 176 77 sacramento

1256 304 142 68 virtute
1359 304 129 68 operis
1449 304 142 68 operati
1552 304 167 68 confertur
1681 304 129 68 gratia
1771 304 103 68 sine
1836 304 103 68 actu
1887 304 129 68 elicito:

1257 362 91 60 vt
1302 362 137 60 patet
1394 362 91 60 in
1439 362 183 60 baptismo
1576 362 76 60 &
1607 362 259 60 cofirmatione.
1820 362 152 60 Potest
1911 362 107 60 tamen

1249 412 117 54 quis
1323 412 103 54 pro
1381 412 117 54 alio
1455 412 161 54 mereri:
1572 412 176 54 quatinus
1704 412 117 54 deus
1778 412 147 54 mentem
1880 412 117 54 eius
1939 412 88 54 ele-

1249 457 107 43 uet
1310 457 183 43 mediante
1447 457 168 43 auxilio
1569 457 183 43 speciali
1706 457 91 43 ad
1752 457 198 43 merendum:
1904 457 107 43 vel
1950 457 61 43 ne

1250 493 143 59 tollat
1350 493 100 59 eum
1407 493 72 59 e
1436 493 115 59 vita
1508 493 86 59 in
1551 493 115 59 malo
1622 493 143 59 statu,
1723 493 129 59 sicut
1809 493 143 59 ludam:
1909 493 100 59 sed
1952 493 72 59 bo-

1247 545 97 50 num
1303 545 181 50 expectet:
1442 545 97 50 vel
1498 545 167 50 quatinus
1623 545 111 50 deus
1693 545 84 50 ei
1735 545 97 50 det
1790 545 111 50 bona
1846 545 181 50 temporalia:

1258 580 101 58 vel
1315 580 173 58 quatinus
1445 580 230 58 praeseruetur
1632 580 72 58 a
1661 580 158 58 daemone
1776 580 101 58 vel
1819 580 202 58 occasionibus

1253 623 170 62 peccati:
1380 623 113 62 quod
1451 623 85 62 no
1493 623 127 62 parum
1578 623 113 62 est:
1649 623 113 62 quia
1719 623 113 62 ista
1790 623 184 62 propinque
1931 623 85 62 ad
1959 623 71 62 glo

1246 679 119 50 riam
1321 679 209 50 disponunt.
1485 679 179 50 Vlterius
1619 679 164 50 diximus
1738 679 134 50 omnes
1827 679 179 50 paruulos
1946 679 75 50 pro

1256 718 184 55 Christo
1390 718 184 55 occisos
1524 718 201 55 baptismo
1675 718 218 55 sanguinis
1826 718 201 55 baptizatos

1247 759 202 49 verisimilius
1411 759 88 49 est
1462 759 113 49 tamen
1537 759 101 49 quod
1600 759 139 49 talibus
1701 759 88 49 non
1751 759 164 49 iprimitur
1865 759 151 49 character:

1250 803 101 51 non
1307 803 115 51 quia
1379 803 173 51 tenentur
1509 803 86 51 ad
1552 803 187 51 baptismum
1696 803 173 51 fiuminis
1825 803 86 51 si
1854 803 173 51 supuiuant:

1253 854 114 53 quia
1324 854 85 53 ex
1367 854 100 53 hoc
1423 854 199 53 circuncisi
1580 854 114 53 ante
1651 854 185 53 passionem
1793 854 156 53 Christi
1907 854 100 53 non
1950 854 71 53 te-

1251 900 160 51 nerentur
1371 900 80 51 ad
1411 900 173 51 baptisma:
1544 900 107 51 quod
1611 900 93 51 est
1664 900 147 51 falsum:
1771 900 93 51 sed
1824 900 120 51 ratio
1904 900 93 51 est
1944 900 80 51 quia

1247 934 84 55 in
1289 934 126 55 ianua
1373 934 239 55 sacramentorum
1570 934 197 55 imprimitur
1724 934 197 55 character,
1879 934 98 55 per
1935 934 98 55 que
1977 934 56 55 fi

1251 983 118 43 delis
1330 983 79 43 ab
1369 983 118 43 aliis
1448 983 224 43 distinguitur.
1632 983 118 43 verum
1711 983 118 43 hiaec
1790 983 118 43 ratio
1869 983 92 43 est
1909 983 118 43 tenuis.

1253 1025 217 51 Consequinter
1430 1025 122 51 tamen
1511 1025 81 51 ad
1552 1025 122 51 dicta
1633 1025 149 51 concedo
1742 1025 176 51 plerosque
1878 1025 149 51 beatos,
1973 1025 54 51 fi

1252 1066 141 50 delium
1351 1066 211 50 characterem
1520 1066 99 50 non
1576 1066 183 50 habentes.
1717 1066 99 50 hoc
1773 1066 85 50 in
1816 1066 141 50 multis
1900 1066 127 50 gentili

1245 1114 96 55 bus
1300 1114 96 55 tam
1355 1114 151 55 tempore
1466 1114 124 55 legis
1548 1114 179 55 Monsaicae
1686 1114 110 55 quam
1755 1114 110 55 ante
1823 1114 124 55 legem
1892 1114 138 55 inuenire

1262 1156 145 58 potes:
1363 1156 145 58 quorum
1465 1156 145 58 aliqui
1566 1156 116 58 sunt
1639 1156 87 58 in
1682 1156 145 58 caelo.
1784 1156 87 58 De
1827 1156 174 58 paruulis
1943 1156 87 58 infi

1251 1200 147 49 delium
1354 1200 88 49 an
1398 1200 162 49 inuitis
1516 1200 206 49 parentibus
1677 1200 117 49 sint
1751 1200 206 49 baptizandi
1912 1200 103 49 nec
1956 1200 59 49 ne

1256 1247 91 53 in
1301 1247 122 53 fine
1378 1247 168 53 Secundi
1500 1247 244 53 Sententiarum
1698 1247 229 53 inquirimus.
1866 1247 152 53 quocirca

1245 1288 142 61 hanc
1334 1288 212 61 materiam
1493 1288 124 61 hic
1564 1288 177 61 missam
1670 1288 177 61 facimus.

1743 1464 128 73 N
1794 1464 179 73 hac
1870 1464 153 73 quin

1773 1520 77 59 ta
1812 1520 205 59 distinctione
1966 1520 64 59 con

1762 1565 212 57 formiter
1921 1565 106 57 ad
1956 1565 71 57 Ma

1752 1611 188 59 gistrum
1872 1611 154 59 quaero.

1768 1656 88 60 An
1812 1656 147 60 liceat
1901 1656 118 60 recipe

1749 1700 107 58 re
1803 1700 232 58 baptismum
1963 1700 54 58 a

1755 1742 146 57 malo
1828 1742 201 57 ministro,

1768 1788 108 57 vel
1829 1788 154 57 potius
1937 1788 77 57 a
1952 1788 77 57 mi-

1750 1828 181 56 nistro
1876 1828 145 56 malo
1949 1828 90 56 vi-

1760 1876 97 60 ro:
1816 1876 111 60 quia
1885 1876 125 60 solus
1954 1876 83 60 ille

1753 1919 101 56 est
1810 1919 130 56 malus
1883 1919 144 56 minister

1750 1964 100 57 qui
1807 1964 143 57 nescit
1907 1964 100 57 vel
1950 1964 71 57 non

1741 2005 135 56 vult
1808 2005 219 56 sacramentum

1260 2052 196 47 conferre:
1410 2052 75 47 &
1440 2052 120 47 ille
1516 2052 105 47 est
1576 2052 135 47 bonus
1666 2052 180 47 minister
1801 2052 105 47 qui
1862 2052 135 47 nouit
1937 2052 90 47 face

1257 2104 75 42 re
1295 2104 113 42 omnia
1370 2104 88 42 qua
1420 2104 100 42 tali
1483 2104 138 42 officio
1584 2104 176 42 incumbunt,
1721 2104 63 42 &
1747 2104 100 42 vult
1809 2104 100 42 illa
1872 2104 138 42 facere.
1960 2104 75 42 Ille

1251 2139 135 46 autem
1341 2139 105 46 est
1401 2139 135 46 malus
1490 2139 120 46 homo
1565 2139 120 46 quid
1640 2139 105 46 est
1700 2139 90 46 in
1745 2139 165 46 peccato
1864 2139 180 46 mortali:
1984 2139 45 46 &

1259 2184 105 47 ille
1325 2184 92 47 est
1377 2184 119 47 bonus
1456 2184 105 47 quid
1522 2184 92 47 est
1575 2184 79 47 in
1614 2184 145 47 gratia,
1720 2184 105 47 siue
1786 2184 92 47 sit
1838 2184 79 47 in
1878 2184 145 47 veniali
1970 2184 66 47 pec

1264 2231 114 52 cato
1335 2231 114 52 siue
1407 2231 86 52 in
1450 2231 186 52 habitibus
1593 2231 86 52 ex
1636 2231 157 52 mortali
1750 2231 172 52 genitis.
1879 2231 72 52 &
1907 2231 100 52 sic
1950 2231 86 52 con-

1264 2273 144 55 tingit
1364 2273 201 55 frequenter
1522 2273 144 55 Sortem
1623 2273 115 55 esse
1694 2273 129 55 bonum
1781 2273 187 55 ministrum
1924 2273 72 55 &
1938 2273 101 55 malum

1270 2314 152 57 virum:
1376 2314 137 57 bonum
1467 2314 137 57 virum
1559 2314 76 57 &
1589 2314 137 57 malum
1680 2314 213 57 ministrum,
1847 2314 228 57 quemadmodum

1269 2361 136 53 bonus
1360 2361 167 53 eremita
1481 2361 136 53 esset
1572 2361 136 53 malus
1663 2361 151 53 regens
1768 2361 91 53 in
1814 2361 182 53 artibus:
1950 2361 76 53 &
1965 2361 76 53 bo-

1271 2406 100 60 nus
1328 2406 157 60 ianitor
1442 2406 71 60 /
1470 2406 100 60 vel
1528 2406 128 60 bonus
1613 2406 157 60 famulus
1727 2406 200 60 nonnumquam
1884 2406 100 60 est
1927 2406 100 60 malus

1268 2450 125 55 vir:
1347 2450 141 55 sicut
1440 2450 141 55 Plato
1534 2450 110 55 est
1597 2450 141 55 bonus
1691 2450 156 55 pistor
1800 2450 78 55 &
1832 2450 125 55 malu
1894 2450 141 55 animal:

1274 2495 146 53 magnus
1377 2495 131 53 latro
1464 2495 73 53 &
1493 2495 146 53 paruum
1595 2495 160 53 animal:
1712 2495 146 53 magnus
1814 2495 160 53 irtisor
1931 2495 73 53 &
1945 2495 88 53 par-

1269 2532 103 60 uus
1328 2532 133 60 homo.
1417 2532 103 60 Quo
1476 2532 118 60 fit:
1550 2532 89 60 vt
1594 2532 133 60 licet
1683 2532 177 60 sequatur
1816 2532 148 60 Sortes
1920 2532 103 60 est
1964 2532 74 60 bo-

1273 2583 97 55 nus
1329 2583 125 55 homo:
1412 2583 111 55 ergo
1482 2583 97 55 est
1538 2583 125 55 bonum
1621 2583 111 55 ens:
1691 2583 97 55 non
1747 2583 125 55 tamen
1830 2583 181 55 sequitur:
1955 2583 84 55 Sor-

1273 2627 104 51 tes
1332 2627 104 51 est
1392 2627 133 51 bonus
1481 2627 163 51 pistor:
1599 2627 119 51 ergo
1673 2627 104 51 est
1733 2627 133 51 bonum
1822 2627 119 51 ens,
1896 2627 119 51 quia
1955 2627 89 51 vari

1267 2678 111 49 atur
1336 2678 208 49 appellatio,
1503 2678 97 49 nec
1558 2678 166 49 arguitur
1683 2678 83 49 ab
1724 2678 180 49 inferiori
1863 2678 83 49 ad
1890 2678 139 49 superius

1264 2713 171 71 respectu
1392 2713 157 71 totalis
1506 2713 171 71 extremi.
1634 2713 128 71 sicut
1719 2713 85 71 in
1762 2713 142 71 simili
1862 2713 100 71 non
1905 2713 142 71 sequitur
