2308 3314
221 351 95 52 da
269 351 222 52 conclusio.
443 351 143 52 Sicut
538 351 143 52 decet
633 351 158 52 varias
744 351 158 52 habere
839 351 158 52 religio-

232 404 113 49 nes:
303 404 99 49 ita
359 404 142 49 factum
458 404 113 49 est.
529 404 127 49 patet
614 404 226 49 experientia.
798 404 142 49 Aliqui
883 404 113 49 namque

232 443 86 45 in
275 443 158 45 oriente
389 443 143 45 viuunt
490 443 100 45 sub
547 443 143 45 regula
647 443 129 45 beati
733 443 172 45 Basilii:
862 443 115 45 alii
919 443 72 45 sub

230 485 163 49 regula
344 485 147 49 beati
442 485 228 49 Augustinis
621 485 131 49 alii
703 485 131 49 vero
785 485 147 49 beati
866 485 147 49 Benedi-

238 528 121 47 cti:
313 528 136 47 beati
404 528 211 47 Francisci:
570 528 75 47 &
600 528 136 47 beati
690 528 196 47 Dominici.
841 528 136 47 licet
917 528 90 47 enim

227 574 160 47 partem
339 574 176 47 regulae
467 574 144 47 beati
563 574 208 47 Augustini
722 574 272 47 praedicatores
930 574 64 47 ha

226 619 146 57 beant:
328 619 146 57 aliqua
430 619 131 57 tamen
518 619 146 57 habent
620 619 204 57 separatim:
780 619 160 57 ratione
882 619 116 57 quorum

221 661 191 47 regulam
359 661 173 47 habent
481 661 225 47 diuersam.
654 661 173 47 Aliqui
776 661 139 47 sunt
845 661 156 47 Carthu-

221 705 181 47 sienses
352 705 82 47 &
385 705 214 47 solitarii
550 705 165 47 Heliam
665 705 214 47 Thesbiten
829 705 82 47 &
846 705 148 47 loannem

232 748 189 55 baptistam
378 748 203 55 imitantes:
537 748 131 55 sicut
625 748 160 55 priores
741 748 189 55 Heliseum:
886 748 102 55 qui
944 748 87 55 in

219 803 265 47 communitate
431 803 194 47 fratres
573 803 177 47 multos
697 803 194 47 habuit.
838 803 88 47 â‹
856 803 141 47 Tertia

227 844 224 50 conclusio.
403 844 192 50 Indecens
547 844 112 50 est
611 844 144 50 nimis
707 844 224 50 religionum
867 844 128 50 plura-

233 881 159 50 litatem
348 881 246 50 multiplicare.
550 881 173 50 Probatur
680 881 116 50 haec
752 881 202 50 conclusio,
897 881 101 50 inde-

233 931 127 52 cens
312 931 127 52 enim
392 931 111 52 est
455 931 222 52 religiosos
630 931 95 52 in
678 931 254 52 supabundante
868 931 127 52 numero

230 970 184 47 habere.
364 970 117 47 nam
431 970 117 47 hac
497 970 117 47 via
564 970 134 47 boni
648 970 83 47 &
681 970 134 47 mali
764 970 250 47 assumuntur:
948 970 50 47 &

223 1014 106 47 ita
283 1014 106 47 non
344 1014 136 47 recte
435 1014 181 47 viuitur.
571 1014 121 47 ltem
646 1014 106 47 hoc
707 1014 121 47 erit
782 1014 91 47 in
828 1014 121 47 onus
888 1014 106 47 alio-

235 1063 106 49 rum
296 1063 243 49 laborantium.
493 1063 106 49 Nec
554 1063 91 49 ob
600 1063 137 49 aliud
691 1063 198 49 prohibita
843 1063 106 49 est
889 1063 106 49 reli-

235 1104 164 52 gionum
349 1104 279 52 multiplicatio
579 1104 131 52 sine
661 1104 213 52 facultate
825 1104 164 52 Romani
924 1104 82 52 pon

226 1147 175 47 tificis.
358 1147 190 47 Praeterea
504 1147 117 47 dato
577 1147 175 47 opposito
708 1147 161 47 licitum
825 1147 117 47 erit
883 1147 117 47 quotam

228 1190 114 53 nis
293 1190 147 53 nouam
391 1190 229 53 instituere
571 1190 245 53 religionem:
766 1190 131 53 immo
832 1190 163 53 quolibus

225 1236 150 48 mense:
330 1236 75 48 &
360 1236 105 48 sic
420 1236 135 48 nihil
510 1236 120 48 nisi
585 1236 210 48 religiosos
749 1236 180 48 habebis.
884 1236 105 48 sed
929 1236 75 48 vbi

234 1277 104 52 sit
294 1277 193 52 terminus:
442 1277 193 52 sapientis
591 1277 119 52 erit
665 1277 193 52 iudicium.
814 1277 178 52 Fortasse
933 1277 74 52 die

237 1324 102 54 bus
296 1324 131 54 istis
383 1324 131 54 magis
471 1324 175 54 conducit
602 1324 204 54 religiosos
762 1324 73 54 a
791 1324 102 54 via
835 1324 160 54 spiritual

224 1369 140 55 deuios
322 1369 84 55 ad
364 1369 140 55 rectum
462 1369 112 55 iter
532 1369 168 55 reducere
658 1369 70 55 /
686 1369 112 55 quam
756 1369 126 55 nouos
826 1369 182 55 instituere.

226 1413 114 93 â‹
272 1413 228 93 Contra
431 1413 228 93 primam
590 1413 364 93 conclusionem
886 1413 159 93 ar-

236 1500 135 50 guitur
331 1500 108 50 sic.
399 1500 81 50 Si
439 1500 135 50 essent
534 1500 122 50 tamen
615 1500 108 50 duae
683 1500 162 50 familiae
804 1500 189 50 religionum
939 1500 68 50 cum

225 1543 106 56 tot
285 1543 211 56 religiosis
451 1543 121 56 quot
527 1543 121 56 nunc
602 1543 136 56 sunt,
693 1543 106 56 non
753 1543 181 56 haberent
874 1543 121 56 tantam

222 1590 263 50 difformitatem
438 1590 139 50 inter
531 1590 108 50 se:
593 1590 108 50 sed
655 1590 248 50 reducerentur
856 1590 93 50 ad
887 1590 108 50 pauci

234 1631 146 55 tatem
331 1631 194 55 capitum.
476 1631 113 55 hoc
541 1631 146 55 autem
638 1631 146 55 magis
735 1631 194 55 expedit.
865 1631 129 55 Respon

223 1677 138 55 detur.
320 1677 125 55 adhuc
403 1677 125 55 inter
486 1677 83 55 se
528 1677 235 55 dissentirent:
721 1677 235 55 quaedissensio
901 1677 97 55 potes

240 1715 126 58 esse
319 1715 174 58 seruata
445 1715 221 58 charitate:
619 1715 95 58 vt
666 1715 95 58 de
714 1715 158 58 angelo
824 1715 189 58 Persarum
951 1715 47 58 &

236 1762 217 46 Medorum
394 1762 157 46 apud
492 1762 256 46 Danielem.
689 1762 236 46 Secundo,
847 1762 157 46 dubium

226 1804 129 58 foret
312 1804 115 58 quae
384 1804 144 58 essent
484 1804 129 58 illae
570 1804 115 58 duae
642 1804 187 58 familiae.
786 1804 187 58 aliquibus
915 1804 86 58 enim

242 1848 246 60 spiritualibus
444 1848 130 60 viris
531 1848 130 60 magis
618 1848 145 60 placet
719 1848 159 60 religio
834 1848 130 60 eorum
907 1848 101 60 quoid

231 1892 160 53 habent
343 1892 128 53 bona
423 1892 96 53 in
471 1892 192 53 communi:
615 1892 144 53 aliis
710 1892 144 53 autem
790 1892 208 53 mendicitas,

240 1938 77 51 â‹
270 1938 169 51 Secundo
394 1938 200 51 arguitur.
548 1938 92 51 Ex
594 1938 123 51 illa
671 1938 231 51 conclusione
840 1938 154 51 aperitui

235 1982 106 47 via
295 1982 211 47 religionum
461 1982 90 47 in
506 1982 166 47 abyssum
627 1982 226 47 prorogandi:
808 1982 121 47 quod
883 1982 106 47 est
929 1982 75 47 in-

242 2026 214 45 conveniens.
413 2026 186 45 Probatur:
556 2026 114 45 quia
627 2026 157 45 religio
741 2026 186 45 instituta
884 2026 100 45 non
927 2026 71 45 cor

228 2071 132 48 ruit:
316 2071 73 48 &
346 2071 132 48 nouae
434 2071 205 48 religiones
595 2071 249 48 instituuntur:
800 2071 88 48 vt
844 2071 161 48 videmus
946 2071 59 48 de

237 2115 196 47 lesuitis
384 2115 180 47 manibus
514 2115 278 47 laborantibus:
743 2115 82 47 &
775 2115 114 47 his
841 2115 163 47 diebus
939 2115 65 47 de

236 2161 178 51 Minimis
365 2161 194 51 cibariis
511 2161 194 51 duntaxat
657 2161 340 51 quadragesimalibus
932 2161 81 51 vi-

231 2204 198 47 uentibus.
383 2204 243 47 Respondetur.
580 2204 152 47 nullae
687 2204 228 47 admittuntur
869 2204 122 47 nisi
930 2204 61 47 ab

238 2249 169 56 ecclesia
365 2249 211 56 approbatae:
534 2249 127 56 cuius
618 2249 99 56 est
674 2249 211 56 considerare
829 2249 169 56 superfluam

229 2292 268 55 religiosorum
447 2292 352 55 multiplicationem.
749 2292 84 55 â‹
765 2292 218 55 Concludendi

240 2340 186 44 religiosis
386 2340 146 44 omnibus
492 2340 106 44 dico
558 2340 66 44 /
584 2340 119 44 summe
664 2340 159 44 cauendum
783 2340 119 44 esse,
863 2340 133 44 redire
942 2340 53 44 ad

240 2382 186 49 Aegyptum
379 2382 77 49 &
410 2382 93 49 ad
456 2382 108 49 Hur
518 2382 217 49 Caldaeorum
688 2382 77 49 a
719 2382 108 49 quo
781 2382 201 49 exierunt:
921 2382 77 49 sed

225 2423 165 48 maneant
345 2423 90 48 in
390 2423 194 48 coenobiis
539 2423 75 48 /
569 2423 150 48 curiis
674 2423 194 48 principum
808 2423 180 48 postpositi

234 2468 139 59 iuxta
326 2468 201 59 consilium
481 2468 263 59 Psalmographi.
697 2468 139 59 Elegi
790 2468 185 59 abiectus
913 2468 93 59 esse

232 2511 83 54 in
274 2511 111 54 domo
343 2511 138 54 domini
439 2511 111 54 quam
509 2511 166 54 habitare
633 2511 83 54 in
674 2511 221 54 tabernaculis
840 2511 166 54 peccatorum

235 2557 128 53 psal.
320 2557 114 53 &ed.
391 2557 142 53 Petrus
491 2557 114 53 enim
562 2557 85 53 in
604 2557 114 53 domo
675 2557 185 53 principis
817 2557 156 53 negauit
917 2557 71 53 Chi

242 2601 128 53 stum:
327 2601 100 53 qui
384 2601 128 53 fixus
469 2601 85 53 in
512 2601 185 53 societate
654 2601 156 53 Curisti
768 2601 142 53 absque
853 2601 100 53 menda

236 2649 155 57 dicebat.
352 2649 65 57 &
378 2649 77 57 si
417 2649 116 57 omnes
494 2649 207 57 scandalizati
662 2649 142 57 fuerint
765 2649 77 57 in
804 2649 90 57 te,
856 2649 90 57 ego
908 2649 90 57 num
946 2649 39 57 i

229 2690 254 46 scandalizabor.
440 2690 141 46 Coruus
539 2690 113 46 item
609 2690 127 46 arcam
694 2690 169 46 egressus
821 2690 85 46 no
863 2690 99 46 est
905 2690 99 46 reuer

227 2733 113 66 sus:
297 2733 99 66 sed
354 2733 211 66 cadaueribus
523 2733 183 66 allectus.
663 2733 84 66 Et
705 2733 113 66 aues
776 2733 113 66 quae
832 2733 155 66 ciuitatem

1065 337 163 69 colunt,
1184 337 148 69 facile
1288 337 208 69 capiuntur:
1451 337 104 69 sed
1510 337 89 69 in
1555 337 134 69 cauea
1644 337 74 69 a
1659 337 163 69 rapacibus

1061 397 182 46 seruantur,
1204 397 117 46 foris
1283 397 182 46 rapiuntur.
1426 397 143 46 Siliter
1530 397 130 46 pisces
1621 397 78 46 in
1661 397 104 46 aqua
1726 397 104 46 bene
1778 397 65 46 con

1062 441 167 53 seruantur
1191 441 64 53 /
1217 441 90 53 qui
1268 441 116 53 extra
1345 441 129 53 eandem
1435 441 129 53 positi
1525 441 142 53 repente
1628 441 180 53 moriuntur.
1770 441 64 53 &
1783 441 51 53 si

1069 485 95 54 cut
1124 485 135 54 maiora
1218 485 162 54 animalia
1340 485 149 54 diutius
1448 485 81 54 in
1489 485 135 54 vteris
1583 485 162 54 maternis
1691 485 149 54 conseruan

1077 529 103 51 tur:
1142 529 90 51 sic
1193 529 142 51 maiores
1296 529 103 51 sunt
1360 529 167 51 religiosi
1489 529 77 51 in
1528 529 142 51 meritis
1631 529 90 51 qui
1682 529 142 51 diutius
1785 529 77 51 in

1073 574 127 51 vtero
1157 574 141 51 matemo
1256 574 85 51 id
1298 574 99 51 est
1355 574 85 51 in
1397 574 169 51 coenobio
1524 574 183 51 morantur.
1665 574 113 51 quia
1735 574 99 51 cum
1778 574 56 51 in

1074 612 129 52 hortis
1165 612 155 52 creuerit
1281 612 142 52 sinapi:
1385 612 117 52 maius
1463 612 91 52 est
1514 612 142 52 omnibus
1618 612 168 52 oleribus.
1734 612 104 52 Matth.

1058 661 119 58 xiii.
1137 661 159 58 Praestat
1256 661 132 58 namque
1349 661 159 58 detineri
1468 661 79 58 in
1508 661 146 58 carcere
1613 661 93 58 cum
1666 661 132 58 loanne
1746 661 79 58 quam

1062 707 187 47 conuiuio
1202 707 171 47 Heroois
1327 707 171 47 puellam
1451 707 171 47 intueri
1576 707 218 47 saltantem.
1747 707 93 47 Et
1778 707 62 47 si

1065 751 132 50 doctus
1157 751 66 50 &
1183 751 79 50 ex
1223 751 171 50 religione
1354 751 224 50 praedicantium
1538 751 145 50 fuerit:
1644 751 92 50 non
1683 751 158 50 egrediatur

1060 795 134 48 ante
1144 795 235 48 castitatem
1328 795 84 48 &
1362 795 151 48 bonos
1462 795 151 48 mores
1563 795 201 48 adeptos:
1697 795 134 48 rogans

1055 848 109 46 cum
1118 848 250 46 Psalmographo
1321 848 235 46 aliquamdiu.
1509 848 203 46 Bonitatem
1665 848 78 46 &
1681 848 172 46 discipli-

1058 884 99 54 nam
1115 884 113 54 doce
1185 884 99 54 me.
1242 884 142 54 Porrum
1342 884 184 54 imitetur:
1483 884 113 54 quod
1554 884 128 54 primo
1639 884 113 54 anno
1710 884 99 54 non
1753 884 85 54 emit

1067 927 88 47 tit
1118 927 113 47 semen
1193 927 100 47 sibi
1255 927 113 47 primo
1330 927 175 47 intendens:
1468 927 125 47 deinde
1555 927 113 47 semen
1630 927 150 47 emittit.
1743 927 88 47 sic
1780 927 63 47 cum

1067 970 83 45 in
1109 970 151 45 virtute
1219 970 165 45 nutritus
1343 970 151 45 fuerit:
1453 970 138 45 exeat,
1549 970 69 45 &
1576 970 124 45 semen
1659 970 124 45 verbi
1728 970 110 45 filios

1068 1020 131 51 genet
1156 1020 102 51 non
1214 1020 174 51 spurios.
1344 1020 116 51 Quod
1417 1020 232 51 significatum
1606 1020 102 51 est
1664 1020 160 51 secundi
1765 1020 73 51 Re-

1058 1059 111 55 gum
1122 1059 159 55 primo:
1233 1059 111 55 vbi
1297 1059 207 55 scribitur
1456 1059 127 55 quod
1535 1059 159 55 nuncii
1646 1059 143 55 Dauid
1726 1059 111 55 manse

1068 1105 119 54 runt
1143 1105 90 54 in
1187 1105 179 54 Hiericho
1322 1105 134 54 quoad
1411 1105 134 54 barba
1501 1105 134 54 eorum
1590 1105 164 54 creuit.
1710 1105 104 54 hoc
1754 1105 75 54 est

1058 1156 141 45 morum
1152 1156 188 45 grauitas
1293 1156 78 45 &
1324 1156 219 45 maturitas.
1496 1156 219 45 Habentibus
1668 1156 172 45 officia
1777 1156 63 45 ne

1060 1190 82 50 mo
1101 1190 178 50 inuideat.
1238 1190 96 50 nam
1293 1190 123 50 abbas
1375 1190 68 50 &
1403 1190 192 50 procurator
1553 1190 151 50 officia
1663 1190 137 50 habent
1745 1190 96 50 peri-

1072 1242 129 43 culis
1158 1242 172 43 proxima.
1287 1242 115 43 Hinc
1359 1242 129 43 ludas
1445 1242 129 43 inter
1531 1242 172 43 apstolos
1660 1242 172 43 portauit
1775 1242 57 43 lo

1055 1285 157 49 culos.
1165 1285 79 49 &
1197 1285 157 49 Petrus
1307 1285 126 49 post
1385 1285 173 49 Curisti
1511 1285 141 49 morte
1605 1285 94 49 ad
1637 1285 204 49 piscationem

1056 1328 161 49 rediit:
1174 1328 103 49 sed
1232 1328 191 49 Matthaeus
1379 1328 88 49 ad
1423 1328 176 49 telonium
1555 1328 103 49 non
1614 1328 176 49 resedit.
1731 1328 103 49 Arbor

1070 1370 113 56 item
1140 1370 84 56 in
1183 1370 127 56 valle
1267 1370 141 56 posita
1365 1370 113 56 fixa
1436 1370 127 56 stat:
1520 1370 141 56 flante
1619 1370 127 56 borea
1703 1370 70 56 &
1717 1370 127 56 fulgure

1075 1412 83 49 non
1123 1412 154 49 quatitur:
1241 1412 95 49 quam
1301 1412 71 49 in
1336 1412 95 49 iugo
1396 1412 107 49 motis
1467 1412 95 49 sita
1526 1412 190 49 prosternitur
1681 1412 59 49 &
1693 1412 142 49 euellitur.

1072 1455 101 56 Sit
1129 1455 144 56 itaque
1230 1455 115 56 cura
1301 1455 115 56 boni
1373 1455 172 56 pastoris
1502 1455 172 56 habendi.
1632 1455 101 56 nam
1689 1455 144 56 capite
1775 1455 72 56 lan

1065 1500 161 55 guente
1178 1500 177 55 caetera
1306 1500 161 55 membra
1419 1500 177 55 dolent:
1548 1500 81 55 &
1580 1500 145 55 motum
1677 1500 145 55 primi
1757 1500 81 55 mo-

1067 1549 128 46 bilis
1152 1549 184 46 sequuntur
1294 1549 170 46 sphaerae
1421 1549 199 46 inferiores
1577 1549 128 46 etiam
1663 1549 113 46 motu
1719 1549 128 46 raptus.

1069 1588 82 50 ls
1110 1588 95 50 sit
1165 1588 136 50 primus
1260 1588 82 50 in
1300 1588 177 50 officiis,
1436 1588 82 50 vt
1477 1588 95 50 dux
1531 1588 122 50 gruum
1613 1588 136 50 primus
1708 1588 82 50 in
1735 1588 109 50 agmine

1061 1637 109 52 vbi
1124 1637 155 52 comode
1232 1637 171 52 poterit
1356 1637 171 52 dicens,
1480 1637 124 52 quod
1558 1637 93 52 me
1604 1637 171 52 videtis
1713 1637 124 52 facere

1063 1679 100 53 hoc
1120 1679 157 53 facite.
1234 1679 129 53 ludi.
1320 1679 114 53 iii.
1391 1679 71 53 &
1420 1679 157 53 Actuum.
1534 1679 86 53 i.
1577 1679 143 53 Coepit
1677 1679 129 53 lesus
1748 1679 86 53 face

1060 1725 84 49 re
1102 1725 70 49 &
1130 1725 154 49 docere.
1242 1725 154 49 Quomodo
1354 1725 140 49 Caesar
1452 1725 182 49 militibus
1592 1725 98 49 non
1648 1725 112 49 ite:
1718 1725 98 49 sed
1760 1725 84 49 veni

1066 1765 85 53 te
1108 1765 71 53 /
1137 1765 142 53 dicere
1236 1765 227 53 consueuerat.
1421 1765 99 53 Nam
1477 1765 114 53 nisi
1548 1765 227 53 religiosorum
1718 1765 114 53 guber-

1059 1809 163 51 nationi
1178 1809 193 51 intendat:
1326 1809 208 51 saeculares
1490 1809 178 51 euadent.
1623 1809 134 51 sicut
1712 1809 119 51 rosa
1772 1809 59 51 do

1063 1856 150 46 mestica
1173 1856 109 46 nisi
1241 1856 109 46 more
1309 1856 123 46 vitis
1391 1856 164 46 colatur,
1514 1856 123 46 etiam
1595 1856 123 46 inter
1677 1856 123 46 septa
1746 1856 96 46 clau-

1057 1908 116 44 stri
1129 1908 145 44 manens
1230 1908 188 44 efficitur
1375 1908 217 44 syluestris.
1549 1908 145 44 Ponant
1650 1908 130 44 omnia
1737 1908 87 44 in
1766 1908 87 44 con-

1062 1944 125 50 mune
1141 1944 125 50 more
1219 1944 125 50 apum
1297 1944 78 50 &
1328 1944 234 50 formicarum.
1516 1944 172 50 tollant
1641 1944 78 50 a
1672 1944 141 50 rebus
1750 1944 94 50 haec

1066 1988 177 64 pronomnina
1206 1988 101 64 meum
1269 1988 63 64 &
1294 1988 114 64 tuum,
1370 1988 127 64 nomine
1459 1988 63 64 /
1484 1988 114 64 reque
1560 1988 190 64 ponderantes
1712 1988 101 64 illd
1762 1988 76 64 Psal

1067 2035 201 48 mographi.
1221 2035 123 48 Ecce
1298 2035 123 48 quam
1375 2035 139 48 bonum
1468 2035 77 48 &
1499 2035 108 48 qui
1560 2035 185 48 iucundum
1684 2035 154 48 habitare

1058 2075 149 55 fratres
1167 2075 81 55 in
1207 2075 122 55 vnum.
1289 2075 122 55 psal.
1370 2075 149 55 cxxxii.
1478 2075 135 55 Frater
1573 2075 108 55 enim
1641 2075 95 55 est
1695 2075 108 55 fere
1749 2075 95 55 alter

1056 2124 220 56 Summopere
1226 2124 220 56 pensitent
1395 2124 136 56 quid
1480 2124 170 56 causae
1599 2124 119 56 sit
1666 2124 153 56 quare
1751 2124 102 56 Car-

1065 2166 150 51 thusia
1170 2166 75 51 &
1200 2166 255 51 Caelestinorum
1410 2166 120 51 ordo
1486 2166 165 51 maneant
1606 2166 90 51 in
1651 2166 165 51 virtute
1756 2166 90 51 fixi

1068 2208 77 54 &
1098 2208 216 54 immobiles:
1268 2208 93 54 ac
1315 2208 108 54 eos
1377 2208 232 54 sanctissime
1562 2208 170 54 imitari
1670 2208 170 54 studeant.

1060 2274 110 85 â‹
1104 2274 373 85 Distinctionis
1411 2274 307 85 Trigesimae
1631 2274 197 85 octauae

1168 2339 273 89 Quaestio
1350 2339 364 89 Vigesimatertia

1412 2404 142 79 Vas
1493 2404 305 79 quaestiones
1717 2404 122 79 nunc

1390 2464 183 62 scribere
1527 2464 168 62 propono
1649 2464 92 62 de
1680 2464 153 62 Carthust

1391 2520 144 55 lensium
1496 2520 144 55 ordine:
1601 2520 105 55 quem
1666 2520 131 55 aliqui
1745 2520 92 55 impru

1388 2552 145 63 ldenter
1493 2552 185 63 deprimunt:
1639 2552 106 63 alii
1705 2552 92 63 non
1745 2552 92 63 satis

1403 2601 77 62 vt
1442 2601 90 62 par
1493 2601 90 62 est
1544 2601 166 62 efferunt.
1672 2601 90 62 Sit
1723 2601 102 62 ergo
1774 2601 64 62 pri

1394 2644 79 65 or
1433 2644 171 65 quaestio.
1565 2644 79 65 An
1605 2644 171 65 Carthusia
1737 2644 92 65 sit
1776 2644 53 65 ri

1378 2693 221 58 ligionum
1543 2693 203 58 optima.
1691 2693 111 58 Ad
1728 2693 111 58 quam

1352 2725 83 82 &
1386 2725 216 82 respondeo
1552 2725 117 82 hac
1602 2725 233 82 conelusione.
