2323 3312
243 277 162 79 partis.
361 277 133 79 Prima
450 277 118 79 est.
524 277 148 79 Potest
627 277 118 79 esse
701 277 103 79 lex
760 277 118 79 lata
833 277 89 79 in
863 277 162 79 Carthusia

247 338 118 55 quod
321 338 103 55 num
380 338 118 55 quam
454 338 207 55 comedantur
616 338 162 55 carnes.
734 338 162 55 Secunda
838 338 177 55 conclusio-

243 388 105 57 Non
303 388 180 57 obstante
438 388 120 57 illa
513 388 120 57 lege
588 388 150 57 potest
694 388 120 57 dari
769 388 135 57 casus
859 388 90 57 in
904 388 105 57 quo
949 388 75 57 te-

236 434 193 54 neantur,
381 434 193 54 comedere
526 434 177 54 carnes.
655 434 177 54 Tertia.
783 434 242 54 Abbreuiatio
961 434 64 54 vi

244 472 99 60 tae
300 472 99 60 aut
357 472 183 60 sanitatis
497 472 211 60 debilitatio
666 472 99 60 non
722 472 141 60 aufert
807 472 211 60 rationabilita

239 515 78 64 te
278 515 131 64 illius
369 515 131 64 legis.
461 515 104 64 Quia
526 515 117 64 tamen
604 515 117 64 istae
683 515 104 64 tres
748 515 209 64 conclusiones
918 515 91 64 non
957 515 52 64 pi

235 563 129 55 nitus
321 563 200 55 extinguunt
478 563 243 55 difficultatem
678 563 229 55 quaestionis:
865 563 72 55 &
879 563 143 55 Martinus

241 604 164 56 Magister
364 604 82 56 de
405 604 218 56 temperantia.
582 604 82 56 q.
623 604 123 56 iiii.
705 604 82 56 de
746 604 150 56 ieiunio
855 604 136 56 eandem
936 604 82 56 mate

233 660 118 48 riam
307 660 220 48 partractat,
483 660 220 48 cancellario
659 660 88 48 se
703 660 191 48 opponens,
850 660 132 48 cuius
924 660 88 48 oppo

245 697 128 57 sitio
330 697 85 57 in
372 697 142 57 multis
472 697 99 57 est
529 697 170 57 debilis:
656 697 184 57 propterea
798 697 142 57 dignum
897 697 113 57 duxi
954 697 71 57 ali

238 743 103 65 qua
297 743 132 65 super
385 743 103 65 hoc
444 743 147 65 dicere
547 743 132 65 iuxta
635 743 191 65 angustiam
767 743 162 65 temporis.

225 800 117 94 â‹
271 800 163 94 Pro
365 800 303 94 solutione
598 800 350 94 quaestionis
855 800 163 94 ponam

236 878 179 47 aliquot
366 878 277 47 conclusiones.
594 878 163 47 quarum
708 878 147 47 prima
806 878 130 47 est.
871 878 147 47 Carthu-

233 915 173 68 siensis
359 915 220 68 deliberate
532 915 189 68 comedens
673 915 157 68 carnes
783 915 141 68 citra
862 915 157 68 necessi-

241 961 152 61 tatem,
347 961 213 61 mortaliter
514 961 167 61 peccat.
636 961 182 61 Probatur
773 961 122 61 haec
834 961 182 61 conclusio.

231 1007 117 53 quia
304 1007 88 53 si
348 1007 117 53 non,
421 1007 102 53 hoc
480 1007 102 53 est
538 1007 190 53 propterea
685 1007 117 53 quia
758 1007 102 53 est
816 1007 219 53 constitutio
977 1007 44 53 &

230 1050 176 64 statutum
362 1050 88 64 in
406 1050 161 64 regula:
523 1050 73 64 &
552 1050 132 64 votum
640 1050 132 64 eorum
728 1050 102 64 non
787 1050 132 64 cadit
875 1050 132 64 super
948 1050 73 64 non

230 1104 127 48 esum
309 1104 190 48 carnium.
452 1104 111 48 sed
515 1104 111 48 hoc
579 1104 111 48 non
642 1104 190 48 impedit.
784 1104 111 48 nam
848 1104 143 48 multa
927 1104 95 48 sunt

241 1137 168 63 statuta
363 1137 153 63 tribus
470 1137 138 63 votis
562 1137 230 63 superaddita
746 1137 122 63 sine
822 1137 153 63 quibus
914 1137 92 63 tria

244 1190 124 55 vota
321 1190 108 55 non
383 1190 170 55 possunt
506 1190 124 55 bene
583 1190 185 55 seruari:
722 1190 124 55 quae
800 1190 108 55 sub
862 1190 139 55 poena
939 1190 77 55 pec

242 1232 109 56 cati
310 1232 176 56 obligant.
446 1232 81 56 In
487 1232 122 56 super
568 1232 163 56 doctrina
690 1232 81 56 in
731 1232 163 56 concilio
853 1232 95 56 pro
894 1232 122 56 exposi-

226 1277 151 59 tione
327 1277 184 59 regulae
461 1277 184 59 Minorum
595 1277 201 59 ponitur,
745 1277 117 59 qua
795 1277 218 59 cognoscitur

240 1321 172 50 aliquod
365 1321 187 50 statutum
506 1321 125 50 esse
584 1321 234 50 obligatiuum
771 1321 109 50 sub
834 1321 141 50 poena
912 1321 109 50 pecca

235 1366 103 53 ti:
294 1366 147 53 quando
397 1366 162 53 ponitur
515 1366 88 53 in
559 1366 147 53 regula
662 1366 103 53 hoc
721 1366 147 53 verbum
824 1366 221 53 (teneantur)

242 1420 110 39 vel
305 1420 267 39 aequipollens:
525 1420 110 39 vel
588 1420 94 39 ex
635 1420 204 39 arduitate
792 1420 79 39 &
808 1420 204 39 necessitate

226 1459 143 52 ipsius
326 1459 157 52 statuti
440 1459 100 52 pro
497 1459 243 52 consequutione
697 1459 129 52 finis
783 1459 143 52 illius
869 1459 143 52 regulae.

239 1498 83 56 ed
281 1498 97 56 hoc
336 1498 138 56 potest
433 1498 111 56 esse
502 1498 83 56 in
543 1498 124 56 aliis
626 1498 138 56 votis.
723 1498 152 56 igitur.
833 1498 152 56 Secundo
944 1498 97 56 ar-

236 1544 173 56 guitur,
362 1544 110 56 non
425 1544 141 56 plene
519 1544 173 56 constat
644 1544 188 56 quicquod
786 1544 173 56 homines
895 1544 126 56 dicant

233 1580 131 63 quod
315 1580 197 63 monachus
462 1580 115 63 non
528 1580 164 63 peccet
643 1580 164 63 carnes
758 1580 213 63 comedendo
906 1580 98 63 sine

233 1635 233 49 rationabili
420 1635 155 49 causa:
529 1635 155 49 vtpote
637 1635 124 49 quia
715 1635 280 49 dispensationem
932 1635 78 49 non

232 1674 133 59 habet
321 1674 74 59 a
350 1674 192 59 superiore
498 1674 89 59 ex
543 1674 222 59 rationabili
720 1674 148 59 causa:
824 1674 103 59 vel
883 1674 103 59 est
927 1674 74 59 ta-

231 1722 101 54 lis
288 1722 129 54 casus
374 1722 201 54 repentinus
532 1722 86 54 vt
575 1722 101 54 non
633 1722 101 54 sit
690 1722 215 54 expectandus
848 1722 158 54 superior.

236 1760 95 52 de
284 1760 111 52 quo
347 1760 127 52 ante
426 1760 174 52 locutus
553 1760 127 52 sum.
632 1760 111 52 sed
695 1760 269 52 Carthusiensis
901 1760 111 52 stri-

225 1819 138 47 ctius
317 1819 199 47 obligatur
470 1819 107 47 non
531 1819 184 47 comedere
669 1819 153 47 carnes
776 1819 123 47 quam
837 1819 169 47 monachus:

225 1853 106 50 cum
285 1853 181 50 secundus
421 1853 151 50 habeat
526 1853 181 50 exceptam
662 1853 241 50 necessitatem
843 1853 166 50 expresse:

229 1894 143 58 alter
324 1894 127 58 vero
404 1894 127 58 non:
483 1894 79 58 &
515 1894 143 58 parua
610 1894 222 58 necessitas
785 1894 191 58 monachum
912 1894 95 58 excu

234 1948 129 52 sans
314 1948 81 52 a
347 1948 177 52 peccato
475 1948 161 52 carnes
588 1948 242 52 comedentem:
765 1948 242 52 Carthusiensem

226 1984 97 61 non
282 1984 194 61 excusaret.
434 1984 152 61 igitur.
544 1984 138 61 Tertio
641 1984 180 61 arguitur.
780 1984 125 61 rigor
863 1984 111 61 iste
918 1984 83 61 quem

230 2035 273 49 Carthusienses
455 2035 97 49 in
503 2035 113 49 non
568 2035 225 49 comedendis
745 2035 209 49 carnibus,
905 2035 80 49 &
922 2035 80 49 cae

232 2077 138 52 teris
324 2077 184 52 statutis
461 2077 77 52 a
492 2077 184 52 totannis
630 2077 199 52 tenuerunt
783 2077 77 52 &
813 2077 168 52 hodiemo
920 2077 77 52 die

235 2119 152 60 tenent,
346 2119 125 60 fecit
429 2119 125 60 eorum
512 2119 194 60 religionem
664 2119 138 60 solide
761 2119 138 60 stare:
858 2119 69 60 &
872 2119 125 60 facilis

232 2166 226 51 transgressio
416 2166 85 51 in
458 2166 127 51 aliis
543 2166 127 51 fecit
628 2166 99 51 eas
684 2166 141 51 nutare
783 2166 71 51 &
811 2166 141 51 sensim
896 2166 113 51 pessum

234 2210 108 44 ire.
301 2210 108 44 ergo
368 2210 121 44 illud
449 2210 162 44 statutum
570 2210 189 44 praecipuum
718 2210 189 44 infringere
866 2210 94 44 est
907 2210 94 44 occa-

233 2254 136 51 sionem
328 2254 109 51 dare
396 2254 149 51 regulae
505 2254 244 51 supplantandae:
709 2254 68 51 &
736 2254 95 51 per
790 2254 190 51 consequens
926 2254 68 51 est

229 2302 177 57 peccatum.
366 2302 95 57 Sed
420 2302 136 57 dicis.
516 2302 109 57 haec
584 2302 123 57 ratio
665 2302 164 57 probaret
788 2302 164 57 singulas
897 2302 109 57 trans-

224 2343 218 50 gressiones
396 2343 93 50 in
442 2343 202 50 religione
598 2343 125 50 esse
676 2343 171 50 peccata
801 2343 93 50 ob
832 2343 171 50 sequelam.

229 2386 97 52 Non
285 2386 181 52 sequitur.
424 2386 97 52 nam
479 2386 139 52 potest
576 2386 111 52 esse
646 2386 222 52 transgressio
826 2386 167 52 interdum
938 2386 69 52 se-

223 2436 143 54 creta.
323 2436 100 54 sed
380 2436 86 54 in
423 2436 100 54 rei
480 2436 171 54 veritate
608 2436 71 54 a
637 2436 171 54 qualibet
765 2436 143 54 multum
851 2436 143 54 cauendum

229 2479 97 53 est
284 2479 83 53 ob
326 2479 166 53 sequelam
450 2479 83 53 in
492 2479 83 53 se
533 2479 97 53 vel
588 2479 83 53 in
630 2479 124 53 alio.
713 2479 124 53 lstud
796 2479 124 53 autem
865 2479 138 53 statutum

219 2527 136 55 inter
310 2527 167 55 reliqua
431 2527 106 55 est
491 2527 257 55 saluberrimum,
703 2527 76 55 &
734 2527 151 55 carnis
824 2527 182 55 castigati-

225 2565 121 59 uum:
301 2565 76 59 &
331 2565 106 59 eos
391 2565 91 59 in
437 2565 242 59 admirationem
634 2565 212 59 honestatis
800 2565 182 59 trahens:
921 2565 76 59 cum

229 2615 125 46 illud
312 2615 111 46 quod
381 2615 180 46 hominibus
520 2615 97 46 est
575 2615 249 46 difficillimum:
783 2615 166 46 scilicet
893 2615 111 46 carni-

226 2656 106 54 bus
287 2656 213 54 abstinere,
454 2656 228 54 pessundent.
636 2656 121 54 Quia
712 2656 106 54 non
772 2656 137 54 vesci
848 2656 152 54 carnibus

227 2701 159 68 carnem
339 2701 159 68 domet:
450 2701 191 68 probatur
594 2701 127 68 sic,
673 2701 112 68 non
737 2701 96 68 ob
785 2701 143 68 aliud
865 2701 127 68 carnes

1089 290 207 74 prohibuit
1248 290 191 74 ecclesia
1392 290 96 74 in
1439 290 271 74 quadragesima:
1662 290 96 74 in
1710 290 159 74 diebus
1805 290 64 74 ve

1085 360 134 51 neris,
1178 360 161 51 sabbati,
1299 360 67 51 &
1326 360 80 51 in
1366 360 120 51 aliis
1446 360 174 51 ieiuniis:
1580 360 107 51 nisi
1647 360 80 51 vt
1687 360 147 51 homines
1794 360 94 51 in-

1087 388 153 59 sultus
1194 388 198 59 passionis
1346 388 198 59 domarent,
1499 388 76 59 &
1529 388 92 59 se
1575 388 92 59 ad
1621 388 153 59 sancte
1712 388 153 59 celebran

1091 435 85 57 da
1133 435 127 57 festa
1218 435 212 57 occurrentia
1388 435 240 57 praepararent.
1585 435 99 57 hoc
1642 435 141 57 namque
1727 435 141 57 fecerunt

1083 490 167 55 patres
1200 490 100 55 in
1250 490 200 55 Thebaide
1400 490 183 55 Aegypti
1533 490 83 55 /
1566 490 183 55 Scythia
1699 490 83 55 /
1733 490 83 55 &
1749 490 117 55 Meso-

1082 531 180 50 potamia
1213 531 180 50 Syriae.
1343 531 131 50 nemo
1425 531 115 50 est
1491 531 115 50 qui
1556 531 115 50 hoc
1622 531 115 50 non
1687 531 164 50 nouit,
1785 531 82 50 qui

1096 564 139 69 vitas
1188 564 154 69 patrum
1296 564 232 69 perlegerit.
1482 564 77 69 &
1513 564 216 69 Hieronymus
1683 564 93 69 in
1714 564 154 69 epistola

1083 622 150 58 quadam
1188 622 90 58 ad
1233 622 226 58 Eustochium,
1414 622 105 58 non
1474 622 135 58 solum
1564 622 150 58 carnes
1669 622 105 58 sed
1730 622 75 58 &
1745 622 120 58 coctum

1088 665 158 55 aliquid
1203 665 173 55 accipere
1332 665 173 55 luxuriae
1462 665 144 55 fuisse
1563 665 187 55 scripsit.
1707 665 130 55 Omnes
1779 665 86 55 enim

1091 706 140 62 patres
1189 706 98 62 hoc
1245 706 168 62 fecerunt
1371 706 84 62 vt
1413 706 126 62 luxum
1498 706 84 62 in
1540 706 84 62 se
1582 706 196 62 euitarent:
1736 706 70 62 &
1764 706 84 62 vt
1792 706 70 62 poe

1090 753 190 58 nitentiam
1237 753 234 58 rationabilem
1427 753 102 58 pro
1485 753 175 58 peccatis
1617 753 117 58 suis
1675 753 190 58 assumerent.

1083 799 202 54 propterea
1239 799 140 54 Bruno
1332 799 171 54 istorum
1456 799 140 54 pater
1549 799 155 54 voluit
1658 799 155 54 carnes
1751 799 109 54 stri-

1078 842 105 55 cte
1138 842 165 55 vetitas
1258 842 135 55 esse.
1347 842 105 55 Nec
1407 842 165 55 oportet
1527 842 224 55 argumentari
1706 842 90 55 vt
1736 842 120 55 aliqui

1084 877 164 67 faciunt
1203 877 90 67 de
1248 877 179 67 Christo,
1383 877 104 67 qui
1442 877 104 67 non
1502 877 164 67 legitur
1621 877 149 67 vnquam
1711 877 164 67 comedisse

1081 927 165 53 carnes:
1201 927 120 53 nisi
1276 927 90 53 de
1321 927 120 53 agno
1396 927 195 53 paschali.
1545 927 105 53 nam
1605 927 210 53 argumentum
1770 927 75 53 a
1785 927 75 53 non

1081 966 152 67 legitur
1192 966 180 67 negatiue,
1330 966 97 67 est
1385 966 152 67 nullum.
1496 966 124 67 licet
1579 966 111 67 enim
1648 966 221 67 euangelistae
1814 966 55 67 me

1079 1022 189 46 minerint
1221 1022 126 46 quod
1300 1022 158 46 pisces
1410 1022 221 46 comederit:
1583 1022 142 46 tamen
1678 1022 95 46 de
1725 1022 126 46 agno
1788 1022 79 46 pa-

1081 1052 148 64 schali
1185 1052 133 64 etiam
1274 1052 178 64 comedit.
1407 1052 104 64 Sed
1467 1052 133 64 dicis
1556 1052 133 64 illud
1644 1052 148 64 fuisse
1733 1052 119 64 cerimo

1071 1105 135 51 niale
1161 1105 150 51 legis.
1266 1105 210 51 Respondeo.
1431 1105 180 51 Christus
1565 1105 105 51 cum
1625 1105 135 51 aliis
1700 1105 165 51 inuitatus

1086 1150 259 49 verosimiliter
1299 1150 168 49 comedit
1421 1150 137 49 talia
1513 1150 153 49 qualia
1620 1150 122 49 apud
1681 1150 183 49 inuitantes

1078 1196 189 57 repperit.
1224 1196 73 57 &
1253 1196 116 57 ipse
1326 1196 102 57 qui
1384 1196 160 57 propter
1500 1196 204 57 peccatores
1660 1196 175 57 venerat:
1777 1196 87 57 viam

1082 1244 131 57 regiam
1174 1244 144 57 tenuit.
1279 1244 92 57 sed
1331 1244 118 57 iicet
1410 1244 92 57 non
1462 1244 210 57 sufficienter
1633 1244 144 57 constet
1738 1244 105 57 quod
1790 1244 66 57 non

1080 1278 194 55 comederit
1230 1278 165 55 carnes:
1349 1278 180 55 imaginor
1484 1278 135 55 tamen
1574 1278 120 55 quod
1649 1278 180 55 assuetus
1768 1278 90 55 erat

1071 1326 112 58 cum
1135 1326 207 58 Apostolis
1294 1326 160 58 crebro
1406 1326 144 58 vesci
1502 1326 207 58 piscibus.
1662 1326 192 58 carnibus
1789 1326 64 58 ve

1073 1378 86 54 ro
1116 1378 101 54 num
1173 1378 115 54 quam
1245 1378 115 54 nisi
1317 1378 115 54 agno
1389 1378 187 54 paschali,
1533 1378 101 54 qui
1591 1378 115 54 erat
1663 1378 86 54 ex
1706 1378 115 54 lege
1764 1378 86 54 come

1063 1420 183 47 dendus.
1196 1420 83 47 â‹
1230 1420 183 47 Secunda
1362 1420 233 47 conclusio.
1545 1420 183 47 Aliquis
1678 1420 166 47 potest
1778 1420 83 47 vo-

1067 1469 117 52 uere
1141 1469 205 52 categorice
1302 1469 88 52 se
1346 1469 103 52 num
1405 1469 117 52 quam
1478 1469 205 52 comesturum
1639 1469 161 52 carnes.
1742 1469 117 52 proba-

1078 1500 112 55 tur:
1148 1500 112 55 quia
1218 1500 98 55 num
1274 1500 112 55 quam
1343 1500 168 55 comedere
1469 1500 140 55 carnes
1567 1500 98 55 est
1623 1500 168 55 licitum:
1748 1500 98 55 nec
1790 1500 56 55 re

1071 1551 159 54 pugnat
1182 1551 254 54 inspirationi
1389 1551 191 54 spiritus
1532 1551 175 54 sancti:
1643 1551 207 54 quemadmodum

1074 1602 103 52 est
1133 1602 147 52 vouere
1236 1602 88 52 de
1280 1602 103 52 non
1339 1602 206 52 profitenda
1500 1602 206 52 religione.
1662 1602 118 52 ergo
1735 1602 118 52 quis
1794 1602 59 52 po

1067 1639 109 58 test
1136 1639 123 58 illud
1218 1639 150 58 vouere.
1327 1639 150 58 Secundo
1437 1639 178 58 arguitur.
1573 1639 96 58 num
1628 1639 109 58 quam
1697 1639 137 58 bibere
1779 1639 68 58 vi-

1065 1682 106 53 num
1125 1682 106 53 est
1186 1682 182 53 licitum,
1323 1682 121 53 quod
1398 1682 136 53 patet
1489 1682 91 53 de
1535 1682 212 53 Rechabitis
1686 1682 167 53 Hieremiae

1076 1727 147 51 xxxv.
1173 1727 130 51 quos
1255 1727 114 51 cum
1320 1727 212 51 Hieremias
1483 1727 277 51 introduxisset
1711 1727 98 51 in
1744 1727 114 51 domum

1074 1766 150 64 domini
1179 1766 150 64 ponens
1284 1766 135 64 coram
1374 1766 105 64 eis
1434 1766 150 64 vinum:
1539 1766 255 64 responderunt:
1749 1766 105 64 Non
1794 1766 60 64 bi

1075 1816 151 61 bemus
1176 1816 167 61 vinum:
1293 1816 134 61 quia
1376 1816 184 61 lonadab
1510 1816 167 61 filius
1627 1816 167 61 Rechab
1728 1816 117 61 patet

1059 1854 149 69 noster
1164 1854 194 69 praecepit
1313 1854 134 69 nobis
1402 1854 164 69 dicens.
1522 1854 104 69 Non
1581 1854 164 69 bibetis
1701 1854 134 69 vinum
1775 1854 75 69 vos

1060 1897 70 69 &
1088 1897 125 69 filii
1171 1897 139 69 vestri
1269 1897 125 69 vsque
1353 1897 84 69 in
1394 1897 223 69 sempiternum.
1575 1897 111 69 ergo
1645 1897 125 69 etiam
1715 1897 125 69 nunquam

1062 1950 175 53 comedere
1194 1950 160 53 carnes.
1310 1950 146 53 Primum
1412 1950 131 53 autem
1499 1950 102 53 est
1558 1950 146 53 secudo
1645 1950 204 53 difficilius.

1061 2002 145 50 multi
1158 2002 129 50 enim
1238 2002 129 50 sunt
1319 2002 193 50 Parisiis
1463 2002 113 50 qui
1528 2002 177 50 optione
1657 2002 129 50 data
1721 2002 129 50 citius

1062 2034 175 60 eligerent
1196 2034 161 60 secundum
1317 2034 108 60 quam
1384 2034 148 60 primum.
1492 2034 175 60 Praeterea
1626 2034 134 60 tertio
1707 2034 148 60 arguitur.

1057 2075 161 68 Paula
1164 2075 107 68 in
1218 2075 161 68 morbo
1325 2075 250 68 grauissimo
1522 2075 214 68 moritura
1664 2075 179 68 suadente

1073 2136 233 50 grauissimo
1256 2136 150 50 patre
1356 2136 150 50 beato
1456 2136 233 50 Hieronymo,
1639 2136 166 50 noluit
1738 2136 100 50 bibe

1058 2179 93 44 re
1105 2179 155 44 vinum:
1214 2179 78 44 &
1245 2179 109 44 hoc
1307 2179 140 44 inter
1400 2179 155 44 laudes
1509 2179 155 44 Paulae
1617 2179 124 44 ipse
1695 2179 140 44 diuus
1772 2179 78 44 Hio

1057 2223 191 53 ronymus
1195 2223 225 53 enumerat.
1368 2223 191 53 igitur.
1507 2223 173 53 Quarto
1628 2223 208 53 arguitur
1767 2223 69 53 ad

1065 2259 121 56 idem.
1145 2259 108 56 quia
1213 2259 81 56 si
1253 2259 94 56 hoc
1307 2259 94 56 non
1361 2259 148 56 liceat:
1468 2259 94 56 hoc
1522 2259 94 56 est
1576 2259 175 56 propterea
1711 2259 108 56 quia
1765 2259 67 56 num

1072 2302 115 61 quam
1144 2302 173 61 comedere
1273 2302 144 61 carnes
1374 2302 216 61 notabiliter
1546 2302 173 61 corripit
1676 2302 144 61 vitam.
1762 2302 72 61 sed

1057 2352 119 55 haec
1132 2352 134 55 ratio
1221 2352 104 55 est
1281 2352 149 55 nulla.
1385 2352 104 55 nam
1445 2352 253 55 Carthusienses
1653 2352 119 55 adeo
1728 2352 104 55 diu
1772 2352 60 55 vi

1061 2396 113 52 uunt
1131 2396 85 52 vt
1174 2396 113 52 alii
1244 2396 198 52 religiosi:
1400 2396 71 52 &
1428 2396 169 52 amplius.
1555 2396 99 52 sed
1611 2396 127 52 licet
1696 2396 99 52 hoc
1738 2396 99 52 esset

1070 2447 136 52 verum:
1166 2447 95 52 non
1220 2447 204 52 impediretur
1383 2447 190 52 conclusio:
1533 2447 82 52 vt
1574 2447 82 52 in
1614 2447 177 52 solutione
1737 2447 95 52 vnius

1059 2490 189 47 rationis
1201 2490 189 47 dicemus.
1343 2490 79 47 â‹
1375 2490 158 47 Tertia
1485 2490 221 47 conclusio.
1643 2490 189 47 Carthusien

1068 2528 106 55 sis
1128 2528 91 55 in
1174 2528 121 55 casu
1250 2528 106 55 non
1310 2528 136 55 solum
1401 2528 152 55 potest
1507 2528 182 55 comedere
1644 2528 167 55 carnes:
1765 2528 106 55 sed

1059 2573 102 56 eas
1118 2573 174 56 comedere
1248 2573 174 56 tenetur.
1379 2573 189 56 Probatur.
1524 2573 189 56 contingit
1669 2573 131 56 ipsum
1742 2573 87 56 esse

1060 2618 133 55 solum
1149 2618 103 55 vbi
1208 2618 133 55 nihil
1297 2618 133 55 habet
1385 2618 118 55 quod
1459 2618 163 55 comedat
1578 2618 118 55 nisi
1652 2618 163 55 carnes.
1755 2618 74 55 quo

1060 2663 194 53 supposito
1209 2663 179 53 arguitur
1343 2663 119 53 sic.
1418 2663 89 53 si
1462 2663 104 53 non
1522 2663 164 53 comedat
1641 2663 164 53 carnes,
1746 2663 89 53 erit

1056 2709 189 71 homicida
1198 2709 110 71 sui
1261 2709 173 71 ipsius:
1387 2709 79 71 &
1419 2709 205 71 peccabit.
1576 2709 110 71 Non
1639 2709 142 71 valet
1718 2709 126 71 dicer
