2316 3312
442 280 116 86 quod
514 280 145 86 regula
616 280 116 86 quam
688 280 174 86 obseruat
819 280 102 86 est
877 280 131 86 causa
964 280 116 86 suae
1036 280 160 86 mortis.
1138 280 73 86 nam

430 351 135 55 regula
525 351 122 55 illum
606 351 122 55 casum
687 351 162 55 secundum
809 351 135 55 rectam
903 351 162 55 rationem
1025 351 162 55 excipit,
1133 351 81 55 quod

438 402 150 47 probo.
543 402 120 47 quia
618 402 90 47 si
662 402 150 47 Sortes
767 402 180 47 voueret,
902 402 105 47 num
962 402 120 47 quam
1036 402 150 47 egredi
1126 402 90 47 mona

436 440 149 51 sterium
545 440 108 51 nisi
612 440 216 51 praecipiatur
788 440 68 51 a
815 440 189 51 superiore:
964 440 68 51 &
991 440 122 51 totum
1058 440 149 51 coenobium

435 485 137 48 esset
526 485 92 48 in
572 485 168 48 proxima
694 485 244 48 dispositione
893 485 92 48 vt
938 485 214 48 comburatur
1106 485 107 48 sic
1152 485 61 48 vt

441 528 121 46 omnes
521 528 134 46 exeant
615 528 107 46 ipso
682 528 107 46 solo
749 528 121 46 illic
830 528 188 46 existente:
977 528 107 46 tunc
1045 528 121 46 licet
1112 528 107 46 nullus

430 571 184 53 superior
567 571 122 53 eius
644 571 184 53 mortalis
782 571 214 53 praecipiat
950 571 92 53 ei
996 571 168 53 egredi:
1103 571 107 53 adhuc

435 617 177 56 peccaret
568 617 103 56 non
627 617 221 56 egrediendo:
804 617 118 56 quia
877 617 133 56 votum
966 617 88 56 in
1010 617 118 56 illo
1083 617 118 56 casu
1142 617 74 56 eum

435 669 106 42 non
495 669 181 42 obligat.
631 669 166 42 Secundo
752 669 181 42 arguitur
887 669 90 42 ad
933 669 136 42 idem.
1023 669 90 42 si
1068 669 151 42 Sortes
1159 669 60 42 vo

437 699 128 56 ueret
522 699 128 56 orare
608 699 142 56 duabus
707 699 128 56 horis
793 699 85 56 in
836 699 142 56 templo
935 699 114 56 quod
1006 699 199 56 comburatur
1149 699 71 56 vel

437 745 136 52 ruinam
533 745 150 52 subitam
642 745 164 52 minetur:
764 745 95 52 non
819 745 150 52 tenetur
928 745 109 52 suum
996 745 123 52 votum
1078 745 95 52 sed
1119 745 95 52 vitam

432 793 182 57 seruare.
568 793 121 57 ergo
644 793 136 57 eodem
735 793 121 57 modo
810 793 91 57 in
856 793 121 57 casu
931 793 167 57 nostrae
1037 793 182 57 conclusio-

437 840 115 57 nis.
508 840 158 57 loannes
623 840 143 57 Gerson
723 840 115 57 hanc
795 840 229 57 conclusionem
982 840 100 57 sic
1039 840 158 57 probat.
1154 840 86 57 in

445 884 119 45 casu
520 884 179 45 extremae
653 884 238 45 necessitatis
847 884 134 45 licet
936 884 179 45 comedere
1070 884 149 45 carnes
1159 884 60 45 in

442 929 101 55 die
499 929 159 55 veneris
615 929 145 55 contra
716 929 174 55 statutum
846 929 202 55 ecclesiae:
1006 929 130 55 porro
1078 929 130 55 (inquit

443 967 79 54 de
482 967 119 54 votis
562 967 93 54 est
615 967 106 54 idem
681 967 172 54 iudicium.
813 967 93 54 hec
866 967 159 54 probatio
985 967 119 54 certe
1064 967 132 54 infert
1144 967 66 54 con

437 1018 222 55 tradictorium
617 1018 139 55 illius
714 1018 111 55 quod
784 1018 83 55 in
825 1018 111 55 illo
894 1018 166 55 tractatu
1019 1018 166 55 intendit
1130 1018 83 55 post

430 1057 158 64 tertiam
545 1057 245 64 conclusionem.
747 1057 72 64 â‹
775 1057 144 64 Quarta
876 1057 202 64 conclusio.
1035 1057 130 64 aegre
1107 1057 115 64 potest

433 1103 186 62 occurrere
576 1103 86 62 in
618 1103 129 62 morbo
704 1103 86 62 vt
747 1103 114 62 vita
818 1103 243 62 Carthusiensis
1018 1103 171 62 saluetur
1133 1103 71 62 per

442 1152 209 46 comestionem
609 1152 153 46 carnis,
721 1152 70 46 &
748 1152 97 46 non
804 1152 97 46 per
860 1152 209 46 comestionem
1027 1152 153 46 aliarum
1125 1152 97 46 rerum

444 1195 169 49 dummodo
566 1195 92 49 ad
612 1195 138 49 nutum
704 1195 153 49 possit
811 1195 123 49 alia
888 1195 169 49 habere.
1011 1195 199 49 probatur.
1148 1195 77 49 nam

442 1241 99 56 per
499 1241 170 56 vitellos
626 1241 142 56 ouorum
726 1241 142 56 potest
825 1241 170 56 remedium
952 1241 85 56 ei
995 1241 184 56 adhiberi:
1137 1241 85 56 vt
1165 1241 57 56 di

436 1286 105 45 cit
496 1286 181 45 Ornoldus
632 1286 90 45 de
677 1286 136 45 villa
767 1286 136 45 noua.
858 1286 136 45 Forte
948 1286 151 45 dicis.
1053 1286 105 45 est
1099 1286 120 45 calida

441 1327 145 49 febris
543 1327 116 49 quam
616 1327 102 49 oua
674 1327 189 49 nutriunt:
819 1327 102 49 vel
877 1327 116 49 ipse
949 1327 102 49 oua
1007 1327 189 49 fastidit,
1152 1327 102 49 aut

448 1370 102 49 non
507 1370 132 49 solet
595 1370 117 49 illa
668 1370 190 49 comedere.
814 1370 88 49 at
858 1370 161 49 possunt
975 1370 117 49 alia
1033 1370 190 49 instaurati-

444 1419 88 58 ua
488 1419 177 58 adhiberi
621 1419 162 58 iudicio
739 1419 206 58 prudentum.
901 1419 103 58 Sed
960 1419 133 58 probo
1048 1419 118 58 quod
1107 1419 118 58 carnes

437 1464 96 47 non
492 1464 191 47 sufficiant
642 1464 96 47 ei:
697 1464 109 47 quia
765 1464 177 47 iampridem
901 1464 164 47 assuetus
1024 1464 96 47 est
1079 1464 96 47 non
1120 1464 109 47 comede

442 1508 93 55 re
488 1508 170 55 carnes:
612 1508 77 55 &
643 1508 93 55 si
689 1508 108 55 eas
751 1508 155 55 subito
860 1508 217 55 comederet,
1030 1508 139 55 esset
1108 1508 108 55 magis

450 1550 172 50 alteratus
582 1550 66 50 &
609 1550 132 50 citius
701 1550 132 50 mortem
794 1550 199 50 incurreret:
953 1550 119 50 etiam
1032 1550 79 50 si
1072 1550 119 50 esset
1138 1550 93 50 proxi

435 1601 88 50 me
479 1601 205 50 professus.
640 1601 102 50 hoc
699 1601 132 50 patet
787 1601 190 50 sensibili
933 1601 146 50 signo.
1036 1601 102 50 nam
1080 1601 146 50 plurimum

435 1640 167 57 homines
557 1640 213 57 alterantur
724 1640 91 57 in
770 1640 137 57 prima
861 1640 213 57 comestione
1028 1640 167 57 carnium
1135 1640 91 57 post

447 1681 134 49 festa
537 1681 209 49 paschalia:
701 1681 75 49 &
731 1681 134 49 multi
820 1681 149 49 morbos
925 1681 119 49 tunc
999 1681 194 49 incurrunt
1133 1681 90 49 nisi

445 1728 149 49 valde
545 1728 199 49 tenuiter
694 1728 83 49 &
727 1728 265 49 interpolatim
942 1728 165 49 carnes
1041 1728 182 49 comedant.

453 1782 113 50 noc
517 1782 145 50 nempe
614 1782 97 50 in
662 1782 161 50 meipso
775 1782 81 50 a
807 1782 161 50 multis
920 1782 145 50 annis
1017 1782 177 50 exprtus
1129 1782 97 50 sum:

441 1813 70 55 &
469 1813 126 55 multi
553 1813 112 55 alii
624 1813 112 55 mecu
694 1813 98 55 hoc
750 1813 225 55 confitentur.
933 1813 112 55 ergo
1003 1813 84 55 si
1045 1813 98 55 per
1102 1813 98 55 non
1144 1813 84 55 esum

441 1866 167 45 carnium
562 1866 106 45 in.
623 1866 136 45 xlvi.
713 1866 151 45 diebus
819 1866 121 45 homo
895 1866 167 45 mutetur
1016 1866 106 45 seu
1061 1866 167 45 alteretur

441 1907 192 53 comedendo
589 1907 162 53 carnes:
707 1907 118 53 quid
781 1907 118 53 erit
854 1907 89 53 de
899 1907 236 53 Carthusiensi
1090 1907 118 53 per.
1149 1907 74 53 xx.

441 1957 156 50 annos.
551 1957 125 50 xxx.
629 1957 125 50 vel.
707 1957 94 50 xl
754 1957 109 50 non
817 1957 203 50 comedente
973 1957 172 50 carnes?
1082 1957 141 50 repente

448 1994 199 49 augebitur
601 1994 168 49 morbus.
723 1994 92 49 si
769 1994 138 49 autem
861 1994 245 49 sitnouitius:
1060 1994 138 49 adhuc
1152 1994 107 49 non

457 2039 105 47 est
517 2039 269 47 Carthusiensis.
741 2039 75 47 â‹
771 2039 105 47 Sed
831 2039 120 47 quia
906 2039 165 47 diceret
1026 2039 194 47 quispiam,
1160 2039 75 47 hic

450 2082 104 48 non
510 2082 119 48 esse
584 2082 134 48 nodum
673 2082 119 48 rei:
747 2082 104 48 sit
806 2082 134 48 Quita
895 2082 208 48 conclusio.
1059 2082 104 48 Vbi
1103 2082 119 48 Carthu

441 2128 154 52 siensis
553 2128 98 52 vir
609 2128 140 52 valens
707 2128 98 52 est
763 2128 154 52 positus
875 2128 126 52 inter
959 2128 112 52 haec
1029 2128 112 52 duo,
1085 2128 140 52 scilicet

447 2173 106 62 aut
507 2173 197 62 morietur,
659 2173 106 62 vel
719 2173 182 62 comedere
856 2173 151 62 carnes
962 2173 182 62 oportet:
1098 2173 76 62 &
1113 2173 121 62 proba-

445 2214 157 55 biliter
559 2214 157 55 iudicat
674 2214 115 55 quod
745 2214 86 55 ad
788 2214 157 55 carnium
903 2214 215 55 comestionem
1075 2214 115 55 alii
1132 2214 100 55 scan-

452 2261 266 49 dalizabuntur:
671 2261 78 49 &
703 2261 188 49 exemplum
844 2261 157 49 sument
953 2261 94 49 co
1000 2261 172 49 medendi
1110 2261 125 49 carnes

455 2307 130 48 citra
541 2307 174 48 extremam
672 2307 246 48 necessitatem:
874 2307 116 48 quia
947 2307 130 48 longe
1034 2307 145 48 semoti
1135 2307 87 48 ab
1164 2307 58 48 eo

448 2352 102 47 non
507 2352 131 47 erunt
594 2352 232 47 sufficienter
782 2352 174 47 admoniti
913 2352 73 47 &
942 2352 131 47 docti
1029 2352 87 47 de
1072 2352 116 47 eius
1130 2352 102 47 extre

446 2394 100 48 ma
496 2394 266 48 necessitate:
713 2394 117 48 non
779 2394 150 48 debet
879 2394 200 48 comedere
1029 2394 183 48 carnes.
1146 2394 83 48 Sit

447 2448 160 44 euentus
564 2448 146 44 istius
666 2448 233 44 conclusionis
855 2448 102 44 qui
914 2448 146 44 crebro
1016 2448 146 44 potest
1103 2448 131 44 occurre

448 2487 106 49 re.
508 2487 151 49 Medici
614 2487 151 49 periti
720 2487 167 49 dicunt,
841 2487 91 49 si
887 2487 121 49 iste
963 2487 167 49 comedat
1084 2487 151 49 carnes
1174 2487 61 49 vi

447 2533 117 50 uet:
521 2533 73 50 &
550 2533 103 50 ita
609 2533 117 50 ipse
682 2533 161 50 iudicat
799 2533 117 50 siue
873 2533 132 50 vere,
961 2533 117 50 siue
1034 2533 176 50 erronee,
1152 2533 73 50 non

456 2574 145 51 refert:
561 2574 66 51 &
588 2574 132 51 nullum
680 2574 92 51 est
733 2574 119 51 aliud
812 2574 158 51 remedium
931 2574 79 51 de
971 2574 119 51 vita:
1050 2574 92 51 cum
1103 2574 92 51 hoc
1143 2574 92 51 tamen

449 2614 154 52 iudicat
561 2614 112 52 quod
631 2614 84 52 ad
673 2614 126 52 illam
757 2614 154 52 carnium
868 2614 210 52 comestionem
1036 2614 182 52 aperietur
1162 2614 70 52 via

453 2660 203 57 fratribus
609 2660 187 57 peccandi
750 2660 78 57 &
781 2660 156 57 carnes
890 2660 203 57 comedendi
1046 2660 140 57 citra
1124 2660 109 57 extre

454 2706 105 70 mam
514 2706 255 70 necessitatem:
724 2706 120 70 dico
799 2706 120 70 quod
873 2706 135 70 adhuc
963 2706 105 70 non
1023 2706 135 70 debet
1098 2706 135 70 comede

1276 277 92 84 re
1322 277 169 84 carnes.
1445 277 123 84 Quam
1522 277 246 84 conclusionem
1722 277 108 84 sic
1783 277 154 84 probo.
1891 277 154 84 Fortis
1983 277 77 84 exi

1279 348 127 48 stens
1364 348 85 48 in
1406 348 113 48 acie
1477 348 127 48 belli
1562 348 127 48 iusti
1647 348 156 48 iudicet
1760 348 85 48 se
1803 348 156 48 occisum
1916 348 99 48 iri
1973 348 85 48 si
2001 348 71 48 pe-

1278 399 121 48 stet:
1358 399 94 48 sed
1412 399 174 48 probabile
1546 399 94 48 est
1599 399 107 48 quod
1666 399 174 48 exercitus
1800 399 80 48 in
1840 399 94 48 quo
1894 399 94 48 est
1947 399 107 48 erit
2001 399 67 48 vir

1285 440 136 60 ctor:
1376 440 76 60 &
1406 440 91 60 si
1451 440 182 60 aufugiat
1588 440 212 60 terrebitur
1754 440 212 60 exercitus,
1921 440 76 60 &
1936 440 121 60 fugiet

1272 484 116 54 quia
1345 484 131 54 timor
1432 484 116 54 viri
1505 484 145 54 fortis
1606 484 131 54 alios
1693 484 203 54 perturbat.
1853 484 131 54 sicut
1925 484 131 54 Lucanus

1277 526 94 58 in
1324 526 140 58 primo
1418 526 218 58 Pharsaliae
1589 526 140 58 dicit
1683 526 125 58 quod
1761 526 172 58 senatus
1885 526 140 58 fugit
1963 526 94 58 Roma

1289 571 153 50 videns
1396 571 168 50 Popeium
1518 571 214 50 fugientem.
1686 571 153 50 Popeio
1793 571 183 50 fugiente
1915 571 138 50 timenta

1282 618 113 47 lsto
1353 618 113 47 casu
1423 618 141 47 stante
1522 618 184 47 Aristote.
1664 618 113 47 iii.
1735 618 198 47 Ethicorum,
1890 618 85 47 in
1919 618 141 47 tenebris

1276 663 222 51 gentilitatis
1457 663 181 51 ambulans,
1596 663 167 51 nesciens
1721 663 125 51 vitam
1804 663 111 51 post
1874 663 125 51 hanc,
1943 663 125 51 diceret

1272 707 133 50 turpe
1361 707 118 50 esse
1435 707 133 50 forti
1524 707 178 50 politico
1657 707 192 50 aufugere.
1805 707 104 50 sed
1864 707 118 50 iste
1924 707 118 50 Carthi

1277 749 156 51 siensis
1390 749 85 51 de
1432 749 113 51 vita
1503 749 156 51 aeterna
1616 749 141 51 certus
1715 749 99 51 est
1772 749 85 51 in
1814 749 113 51 acie
1885 749 127 51 belli
1956 749 113 51 spiri-

1284 796 127 56 tualis
1373 796 140 56 tamquam
1475 796 127 56 fortis
1564 796 153 56 athleta:
1679 796 76 56 si
1717 796 140 56 perstet
1818 796 76 56 in
1857 796 127 56 pugna,
1933 796 127 56 sequetur

1273 839 147 47 solum
1371 839 131 47 mors
1452 839 245 47 corporalis:
1648 839 82 47 &
1681 839 163 47 magnum
1796 839 131 47 erit
1861 839 196 47 argumentum

1288 878 187 50 constantiae
1437 878 62 50 &
1462 878 162 50 victoriae
1587 878 125 50 contra
1675 878 125 50 hostes
1762 878 75 50 in
1800 878 125 50 aliis,
1887 878 62 50 &
1912 878 100 50 quod
1962 878 50 50 nu

1277 923 264 56 tentationibus
1495 923 217 56 succumbent
1665 923 93 56 in
1712 923 171 56 carnium
1836 923 217 56 comestione
1991 923 78 56 cum

1272 973 153 50 tandiu
1379 973 214 50 celebriter
1547 973 291 50 continuauerint.
1793 973 92 50 si
1839 973 123 50 vero
1900 973 153 50 comedat.

1285 1012 160 49 fratrem
1402 1012 247 49 scandalizabit
1606 1012 73 49 /
1635 1012 87 49 vt
1679 1012 175 49 diximus.
1810 1012 73 49 &
1839 1012 87 49 in
1882 1012 87 49 ea
1926 1012 87 49 re
1955 1012 102 49 dixit

1284 1060 220 49 Apostolus.
1457 1060 94 49 Si
1504 1060 126 49 esca
1583 1060 236 49 scandalizat
1771 1060 173 49 fratrem
1897 1060 141 49 meum:
1975 1060 79 49 non

1277 1108 188 51 maducabo
1418 1108 157 51 carnem
1528 1108 94 51 in
1575 1108 203 51 aeternum.
1731 1108 94 51 i.
1778 1108 94 51 ad
1825 1108 188 51 Corinth.
1950 1108 110 51 viii.

1282 1149 138 50 Dicis.
1379 1149 97 50 est
1434 1149 179 50 scandalum
1572 1149 179 50 acceptum,
1710 1149 69 50 &
1738 1149 97 50 non
1793 1149 138 50 datum.
1890 1149 152 50 Contra.
1986 1149 83 50 lici

1281 1199 91 46 te
1326 1199 151 46 potest
1432 1199 212 46 abstinere,
1599 1199 76 46 &
1629 1199 167 46 prodest
1750 1199 106 46 pro
1811 1199 182 46 euitando
1932 1199 136 46 peccato

1277 1236 85 57 in
1319 1236 114 57 suis
1390 1236 199 57 fratribus:
1547 1236 114 57 ergo
1618 1236 99 57 est
1674 1236 185 57 scandalum
1816 1236 142 57 datum.
1916 1236 85 57 Et
1944 1236 128 57 confir-

1277 1282 145 54 matur
1374 1282 129 54 haec
1454 1282 145 54 ratio
1551 1282 97 54 de
1600 1282 210 54 catholico
1761 1282 97 54 in
1810 1282 161 54 vltima
1923 1282 145 54 famis
2003 1282 65 54 ne

1287 1328 193 50 cessitate
1436 1328 163 50 posito:
1555 1328 89 50 si
1599 1328 223 50 idololatrae
1778 1328 104 50 non
1837 1328 208 50 permittant
1986 1328 74 50 eum

1295 1379 127 50 vesci
1380 1379 127 50 aliis
1464 1379 127 50 cibis
1549 1379 113 50 quae
1620 1379 170 50 carnibus
1747 1379 240 50 immolatitiis:
1945 1379 71 50 &
1959 1379 113 50 videat

1327 1415 111 59 per
1390 1415 111 59 hoc
1454 1415 127 59 alii
1533 1415 175 59 fideles
1660 1415 333 59 scandalizabuntur:
1930 1415 127 59 potius

1293 1464 133 43 debet
1382 1464 147 43 subire
1485 1464 147 43 mortem
1588 1464 118 43 quam
1661 1464 177 43 carnibus
1794 1464 133 43 illis
1882 1464 147 43 vesci.
1971 1464 88 43 Vnde

1286 1503 173 49 Martinus.
1418 1503 119 49 iiii.
1498 1503 186 49 quaestione
1644 1503 80 49 de
1684 1503 146 49 ieiunio
1790 1503 119 49 dicit
1870 1503 106 49 quod
1936 1503 119 49 talis
2003 1503 66 49 de-

1289 1551 109 53 bet
1352 1551 156 53 potius
1461 1551 156 53 mortem
1570 1551 187 53 oppetere
1710 1551 125 53 quam
1788 1551 265 53 idololatrare.
1991 1551 78 53 Tum

1289 1591 119 51 etiam
1368 1591 106 51 quia
1434 1591 79 51 in
1474 1591 106 51 tali
1540 1591 106 51 casu
1606 1591 145 51 fideles
1712 1591 106 51 alii
1778 1591 93 51 non
1831 1591 132 51 essent
1924 1591 145 51 conscii
2016 1591 53 51 vo

1286 1637 161 51 luntatis
1406 1637 120 51 eius,
1486 1637 120 51 neque
1567 1637 214 51 necessitatis
1741 1637 147 51 propter
1848 1637 107 51 quam
1914 1637 134 51 facit.
1995 1637 80 51 ideo

1281 1680 105 47 ibi
1341 1680 135 47 esset
1431 1680 195 47 scandaium
1580 1680 150 47 datum.
1685 1680 105 47 Hic
1745 1680 135 47 autem
1835 1680 180 47 rationem
1954 1680 120 47 reddet

1286 1727 95 46 de
1334 1727 111 46 sua
1397 1727 238 46 comestione:
1587 1727 111 46 cum
1650 1727 111 46 hoc
1714 1727 174 46 iudicio
1840 1727 206 46 medicorum
1983 1727 79 46 fa-

1288 1771 137 54 ciat:
1379 1771 76 54 &
1409 1771 182 54 rationem
1546 1771 152 54 reddat
1653 1771 137 54 coram
1744 1771 106 54 iis
1804 1771 91 54 in
1850 1771 152 54 quibus
1941 1771 137 54 potest:

1298 1821 129 51 priti
1384 1821 201 51 scandalum.
1542 1821 129 51 lstud
1628 1821 101 51 non
1686 1821 144 51 soluit
1786 1821 215 51 argumentum.
1958 1821 101 51 nam
2002 1821 57 51 po

1288 1859 111 53 test
1357 1859 153 53 fidelis
1468 1859 153 53 positus
1579 1859 111 53 ante
1649 1859 180 53 tyrannum,
1788 1859 125 53 aliis
1871 1859 180 53 fidelibus
1996 1859 69 53 red

1294 1902 113 56 dere
1365 1902 170 56 rationem
1492 1902 113 56 quod
1563 1902 141 56 gratia
1662 1902 127 56 vitae
1747 1902 212 56 sustinendae
1916 1902 141 56 carnes
2001 1902 71 56 im-

1288 1948 203 48 molatitias
1447 1948 174 48 comedat:
1577 1948 72 48 &
1606 1948 130 48 tamen
1693 1948 87 48 si
1736 1948 159 48 iudicet
1852 1948 116 48 quod
1924 1948 101 48 per
1968 1948 101 48 illam

1287 1994 246 47 comestionem
1483 1994 213 47 aperietur
1647 1994 115 47 via
1713 1994 148 47 aliis
1812 1994 213 47 fidelibus
1959 1994 115 47 idola

1288 2046 164 42 colendi:
1412 2046 137 42 citius
1507 2046 110 42 mors
1576 2046 96 42 est
1631 2046 205 42 sustinenda.
1795 2046 96 42 sed
1850 2046 96 42 sic
1905 2046 96 42 est
1959 2046 82 42 in
1987 2046 82 42 casu

1299 2082 146 56 nostro.
1405 2082 93 56 nam
1458 2082 133 56 multum
1551 2082 212 56 probabiliter
1723 2082 146 56 iudicat
1829 2082 106 56 quod
1896 2082 106 56 alii
1949 2082 119 56 capient

1287 2127 221 53 occasionem
1461 2127 126 53 leui
1539 2127 158 53 motiuo
1650 2127 95 53 ad
1697 2127 221 53 comestione
1870 2127 189 53 carnium,
1996 2127 79 53 ci-

1300 2174 105 49 tra
1360 2174 180 49 extremam
1495 2174 255 49 necessitatem.
1706 2174 210 49 Corporales
1871 2174 135 49 autem
1946 2174 120 49 medici

1298 2220 191 49 volentes
1441 2220 207 49 subuenire
1600 2220 207 49 patienti,
1759 2220 175 49 leuiter
1886 2220 159 49 dicunt
1982 2220 95 49 homi

1293 2258 104 54 nem
1353 2258 119 54 esse
1427 2258 89 54 in
1471 2258 163 54 extrema
1590 2258 223 54 necessitate
1768 2258 119 54 nisi
1842 2258 148 54 carnes
1931 2258 134 54 comedat

1287 2304 113 48 tum
1352 2304 130 48 quod
1433 2304 162 48 nolint
1546 2304 211 48 patientem
1708 2304 97 48 in
1757 2304 130 48 suis
1838 2304 178 48 manibus
1951 2304 130 48 extin-

1292 2356 130 49 gui:
1373 2356 114 49 tum
1438 2356 98 49 vt
1487 2356 179 49 hominis
1617 2356 146 49 ferme
1714 2356 195 49 extincti
1861 2356 146 49 vitam
1942 2356 130 49 videan

1297 2394 103 54 tur
1356 2394 103 54 sua
1415 2394 191 54 industria
1561 2394 73 54 &
1590 2394 117 54 arte
1664 2394 220 54 conseruare.
1840 2394 147 54 Tertio
1927 2394 147 54 arguitur

1291 2442 104 43 ad
1343 2442 156 43 idem.
1447 2442 295 43 Carthusiensis
1690 2442 191 43 prudens
1829 2442 156 43 nullo
1933 2442 139 43 modo
2003 2442 69 43 de

1293 2481 105 54 bet
1353 2481 196 54 assentiri
1504 2481 150 54 medico
1609 2481 120 54 quod
1684 2481 120 54 sola
1759 2481 150 54 carnis
1864 2481 180 54 comestio
1985 2481 90 54 suae

1299 2531 142 51 vitae
1394 2531 221 51 succurret.
1567 2531 110 51 nam
1630 2531 158 51 crebro
1741 2531 173 51 medicus
1867 2531 95 51 de
1914 2531 142 51 morte
1993 2531 79 51 pa-

1301 2571 151 61 tientis
1411 2571 165 61 dubitat.
1535 2571 69 61 &
1563 2571 96 61 vbi
1618 2571 96 61 est
1673 2571 220 61 verosimilius
1852 2571 110 61 quod
1921 2571 151 61 patiens
2017 2571 55 61 vi

1299 2617 118 46 uet,
1373 2617 88 46 ex
1417 2617 162 46 cautela
1535 2617 133 46 dicet
1623 2617 103 46 eum
1682 2617 118 46 esse
1756 2617 88 46 in
1800 2617 147 46 maximo
1888 2617 177 46 discrimine

1300 2655 125 50 vitae
1384 2655 83 50 vt
1425 2655 167 50 videatur
1550 2655 125 50 vitam
1634 2655 83 50 in
1676 2655 111 50 tali
1745 2655 167 50 periculo
1870 2655 181 50 tenuisse.
1995 2655 70 50 tui

1305 2699 111 80 pius
1374 2699 111 80 enim
1444 2699 97 80 est
1499 2699 125 80 aliud
1582 2699 180 80 extraemum
1720 2699 152 80 dicendo
1831 2699 111 80 quod
1900 2699 97 80 non
1942 2699 138 80 morietur
