2279 3327
210 344 159 96 Sortes
321 344 111 96 est
385 344 191 96 magister
528 344 254 96 Parisiensis:
735 344 127 96 ergo
814 344 159 96 Sortes
910 344 79 96 est

228 420 120 49 homo
303 420 240 49 Parisiensis.
498 420 90 49 Et
543 420 135 49 licet
632 420 120 49 hanc
707 420 225 49 distinguere
887 420 90 49 ex
917 420 75 49 fun

212 454 188 67 damentis
353 454 172 67 logicae
478 454 203 67 possemus:
634 454 188 67 minister
775 454 109 67 est
838 454 156 67 malus:
931 454 63 67 pe

219 504 86 55 nes
268 504 86 55 hoc
317 504 98 55 quod
378 504 172 55 adiectiuum
513 504 61 55 a
538 504 111 55 parte
612 504 172 55 praedicati
747 504 135 55 positum
845 504 123 55 potest
919 504 61 55 ha-

214 544 112 61 bere
284 544 182 61 subiectum
423 544 98 61 pro
479 544 223 61 substantiuo:
661 544 98 61 vel
717 544 182 61 includere
856 544 98 61 seu
898 544 84 61 dare

216 588 242 70 intelligendum
415 588 99 70 pro
472 588 213 70 substantiuo
642 588 170 70 terminum
770 588 185 70 absolutum
898 588 85 70 sup-

209 634 160 63 ponentem
329 634 93 63 pro
382 634 80 63 re
422 634 93 63 pro
476 634 93 63 qua
529 634 174 63 accipitur
663 634 187 63 subiectum,
809 634 80 63 vt
849 634 120 63 homo,
916 634 67 63 res

227 675 94 61 vel
280 675 174 61 huiusmodi
414 675 160 61 secundum
534 675 187 61 exigentiam
681 675 227 61 congruitatis:
868 675 120 61 tamen
935 675 53 61 de

213 721 169 69 secundo
335 721 123 69 modo
412 721 245 69 intelligimus
611 721 92 69 in
657 721 107 69 hac
703 721 199 69 quaestione.

216 774 99 92 â‹
256 774 277 92 Intentione
473 774 198 92 nostra
612 774 297 92 praemissam:
849 774 119 92 in
889 774 99 92 quo

209 849 128 67 sensu
294 849 214 67 quaestionem
465 849 171 67 tractare
594 849 214 67 proponamus:
765 849 86 67 ad
808 849 100 67 eam
851 849 128 67 responi

226 893 106 58 deo
286 893 106 58 per
347 893 243 58 conclusiones
544 893 212 58 sequentes:
711 893 152 58 quarum
817 893 136 58 Prima
893 893 91 58 est.

221 939 181 58 Praecisus
360 939 83 58 ab
402 939 181 58 ecclesia,
541 939 195 58 haereticus
694 939 97 58 vel
750 939 181 58 infidelis
875 939 111 58 inten-

227 985 110 58 dens
296 985 138 58 facere
393 985 110 58 quod
462 985 166 58 ecclesia
586 985 179 58 intendit,
724 985 138 58 vtendo
820 985 124 58 forma
889 985 97 58 bapti

215 1027 105 63 smi
275 1027 75 63 &
305 1027 136 63 aqua,
396 1027 120 63 vere
471 1027 196 63 baptizat.
622 1027 181 63 Probatur
757 1027 120 63 haec
817 1027 166 63 conclusio

216 1075 98 60 per
272 1075 168 60 Nicolaum
398 1075 126 60 papam
482 1075 84 60 ad
524 1075 168 60 consulta
649 1075 210 60 Bulgarorum.
817 1075 98 60 xv.
873 1075 112 60 qui.
929 1075 56 60 S.

229 1118 99 60 ca.
286 1118 99 60 fi.
342 1118 99 60 qui
399 1118 142 60 dicit.
499 1118 142 60 Quniam
598 1118 114 60 mali
669 1118 114 60 bona
740 1118 242 60 administrando
925 1118 57 60 se

226 1159 170 64 tmummodo
354 1159 156 64 laedunt
467 1159 99 64 &c.
524 1159 99 64 Fax
581 1159 156 64 accensa
694 1159 114 64 sibi
765 1159 142 64 quidem
850 1159 142 64 detrimen

221 1206 96 58 tum
276 1206 178 58 praestat:
413 1206 123 58 aliis
495 1206 110 58 vero
564 1206 123 58 lumen
646 1206 82 58 in
687 1206 165 58 tenebris
797 1206 192 58 administrat:

219 1246 75 61 &
249 1246 120 61 vnde
324 1246 134 61 aliis
413 1246 179 61 commodum
548 1246 179 61 exhibet,
682 1246 120 61 inde
757 1246 120 61 sibi
817 1246 179 61 dispendium

225 1292 186 66 praebet.
364 1292 155 66 Sumite
472 1292 124 66 ergo
550 1292 93 66 ab
596 1292 124 66 omni
673 1292 201 66 sacerdote
813 1292 170 66 intrepidi

225 1338 151 60 Christi
335 1338 178 60 mysteria:
472 1338 110 60 quia
540 1338 123 60 omnia
623 1338 82 60 in
664 1338 110 60 fide
732 1338 151 60 Curisti
828 1338 151 60 purgantur

217 1381 108 60 Hoc
278 1381 123 60 idem
355 1381 139 60 habet
448 1381 216 60 Augustinus
617 1381 154 60 contra
725 1381 200 60 Petilianu
879 1381 92 60 in
910 1381 77 60 li-

228 1437 100 47 bro
285 1437 86 47 de
328 1437 187 47 baptismo.
472 1437 86 47 Et
515 1437 172 47 probatur
644 1437 115 47 haec
715 1437 187 47 conclusio
845 1437 143 47 ratione.

215 1468 97 62 De
263 1468 194 62 essentia
409 1468 146 62 huius
506 1468 227 62 sacramenti
684 1468 146 62 solum
782 1468 130 62 sunt
846 1468 146 62 materia

217 1512 223 62 baptizandus,
398 1512 139 62 forma,
496 1512 181 62 intentio,
635 1512 70 62 &
663 1512 181 62 minister,
802 1512 111 62 quam
872 1512 97 62 est
913 1512 70 62 qua

228 1558 139 59 cumque
325 1558 167 59 creatura
450 1558 208 59 rationalis.
617 1558 69 59 â‹
645 1558 153 59 Secunda
756 1558 194 59 conclusio.
895 1558 97 59 licet

216 1602 114 65 immo
287 1602 200 65 praeceptum
444 1602 114 65 est,
515 1602 114 65 sine
587 1602 157 65 peccato
701 1602 185 65 baptismum
843 1602 143 65 petere
929 1602 57 65 in

228 1647 189 62 necessitate:
382 1647 83 62 tam
429 1647 83 62 pro
476 1647 71 62 se
511 1647 94 62 quam
570 1647 83 62 pro
618 1647 142 62 paruulo:
724 1647 59 62 a
747 1647 142 62 praeciso
853 1647 130 62 fideli,
936 1647 59 62 vel

227 1691 131 62 aliter
319 1691 183 62 prohibito:
462 1691 65 62 &
489 1691 92 62 non
541 1691 118 62 extra
620 1691 222 62 necessitatem.
803 1691 157 62 Probatur
907 1691 79 62 haec

232 1735 172 62 conclusio
364 1735 93 62 quo
417 1735 79 62 ad
456 1735 145 62 priorem
562 1735 145 62 partem:
668 1735 93 62 nam
721 1735 79 62 si
760 1735 93 62 non
813 1735 159 62 liceret:
919 1735 66 62 hoc

223 1786 122 48 esset
305 1786 149 48 propter
414 1786 231 48 prohibitionem
604 1786 190 48 ecclesiae:
753 1786 95 48 sed
808 1786 95 48 hoc
862 1786 109 48 non:
916 1786 82 48 quia

218 1824 111 67 lex
282 1824 111 67 dei
345 1824 111 67 est
409 1824 96 67 de
457 1824 239 67 suscipiendo
648 1824 191 67 baptismo
775 1824 223 67 strictissime

223 1868 168 62 obligans
349 1868 98 62 vbi
405 1868 140 62 haberi
504 1868 154 62 potest:
616 1868 98 62 sed
672 1868 84 62 in
714 1868 211 62 necessitate
869 1868 126 62 adultus

220 1915 95 55 est
275 1915 190 55 moriturus,
424 1915 68 55 &
451 1915 122 55 nullu
533 1915 122 55 alium
614 1915 122 55 habet
696 1915 109 55 nisi
764 1915 190 55 praecisum.
900 1915 81 55 igil

221 1959 103 58 Non
280 1959 132 58 valet
368 1959 147 58 dicere
470 1959 117 58 quod
544 1959 176 58 sufficit
676 1959 88 58 ei
720 1959 103 58 sua
778 1959 176 58 voluntas
895 1959 103 58 bapti

225 2006 148 63 zandi:
329 2006 118 63 quia
403 2006 118 63 illa
477 2006 89 63 no
521 2006 192 63 sufficit:
669 2006 104 63 sed
729 2006 192 63 obligatus
862 2006 133 63 maneret

228 2042 91 59 vbi
280 2042 168 59 haberetur
409 2042 155 59 communis
526 2042 168 59 ecclesiae
655 2042 168 59 minister:
785 2042 91 59 nec
837 2042 104 59 illa
888 2042 104 59 obliga

222 2092 89 49 tio
273 2092 127 49 diuina
362 2092 152 49 tollitur
476 2092 139 49 propter
577 2092 216 49 prohibitionem
755 2092 177 49 ecclesiae.
882 2092 101 49 igitur

225 2134 89 55 Et
270 2134 74 55 a
299 2134 178 55 fortiore
433 2134 163 55 tenetur
552 2134 149 55 petere
656 2134 193 55 baptismum
805 2134 104 55 pro
864 2134 104 55 suo
909 2134 89 55 puu-

232 2177 85 59 lo,
280 2177 97 59 quod
341 2177 109 59 patet
414 2177 85 59 per
463 2177 122 59 eandem
548 2177 158 59 rationem.
670 2177 61 59 &
694 2177 85 59 est
743 2177 97 59 alia
803 2177 122 59 etiam:
889 2177 97 59 quia
937 2177 61 59 ali

229 2224 104 54 ter
289 2224 119 54 erit
363 2224 179 54 perpetuo
497 2224 179 54 damnatus
631 2224 134 54 poena
721 2224 149 54 damni:
825 2224 89 54 ad
870 2224 134 54 cuius
944 2224 45 54 l

229 2268 193 58 berationem
381 2268 111 58 ille
450 2268 166 58 tenetur.
575 2268 152 58 Secunda
685 2268 111 58 pars
754 2268 221 58 conclusionis
920 2268 69 58 pa-

231 2310 101 57 tet.
295 2310 101 57 quia
358 2310 177 57 prohibitum
497 2310 89 57 est
548 2310 139 57 talibus
649 2310 190 57 communicare
801 2310 63 57 /
826 2310 63 57 &
839 2310 152 57 potissimum

221 2356 84 57 in
263 2356 223 57 sacramentis:
444 2356 84 57 vt
486 2356 154 57 patebit
598 2356 154 57 amplius
710 2356 237 57 distinctione.
891 2356 98 57 xviii

221 2397 94 60 in
268 2397 172 60 materia
393 2397 343 60 excommunicationis.
689 2397 78 60 â‹
720 2397 156 60 Tertia
814 2397 187 60 conclusio.

233 2444 141 57 licet
327 2444 125 57 mihi
406 2444 204 57 suscipere
562 2444 235 57 sacramentum
750 2444 78 57 a
782 2444 204 57 superiore
923 2444 78 57 meo

227 2487 113 70 malo
298 2487 170 70 ministro
425 2487 99 70 non
481 2487 184 70 praeciso,
623 2487 127 70 licet
707 2487 127 70 sciam
792 2487 99 70 eum
849 2487 155 70 peccare
947 2487 57 70 sa

234 2536 175 53 cramentum
368 2536 202 53 conferendo.
530 2536 162 53 Probatur
652 2536 108 53 haec
719 2536 189 53 conclusio.
854 2536 135 53 incumbi-

239 2578 120 54 mihi
314 2578 225 54 sacramentum
494 2578 195 54 suscipere
645 2578 105 54 pro
705 2578 90 54 me
750 2578 105 54 vel
810 2578 135 54 meis:
900 2578 75 54 &
915 2578 90 54 mihi

237 2621 175 57 displicet
371 2621 108 57 quod
439 2621 148 57 peccet:
546 2621 108 57 immo
614 2621 94 57 est
667 2621 108 57 vero
735 2621 135 57 simile
829 2621 81 57 si
869 2621 94 57 non
910 2621 94 57 susci

235 2672 133 57 perem
324 2672 88 57 ab
368 2672 88 57 eo
412 2672 133 57 magis
500 2672 177 57 peccaret
633 2672 147 57 contra
736 2672 88 57 me
780 2672 191 57 irascendo
913 2672 88 57 quod

235 2725 102 43 eum
294 2725 204 43 contemnam,
454 2725 102 43 vel
513 2725 219 43 emolumentum
688 2725 146 43 curato
790 2725 160 43 debitum
892 2725 102 43 tolla

228 2755 76 64 &
258 2755 121 64 quia
334 2755 106 64 eum
395 2755 76 64 a
425 2755 167 64 peccato
546 2755 136 64 veto:
637 2755 197 64 propterea
789 2755 121 64 eius
849 2755 152 64 peccatum

1044 340 117 67 mihi
1118 340 103 67 non
1176 340 249 67 impuntabitur.
1382 340 161 67 Secundo
1499 340 176 67 probatur
1631 340 132 67 idem.
1719 340 88 67 si
1749 340 73 67 non

1042 405 159 51 liceat
1153 405 95 51 ab
1201 405 95 51 eo
1249 405 238 51 sacramentum
1439 405 222 51 suscipere:
1614 405 111 51 hoc
1677 405 111 51 est
1725 405 95 51 quia

1047 447 118 52 scio
1121 447 103 52 eum
1180 447 162 52 peccare
1298 447 88 52 in
1342 447 221 52 conferendo.
1518 447 103 52 sed
1577 447 103 52 hoc
1636 447 103 52 non
1680 447 133 52 obstat.

1052 484 156 62 igitur.
1165 484 170 62 probatio
1293 484 170 62 minoris:
1421 484 114 62 quia
1492 484 85 62 si
1535 484 114 62 sic,
1606 484 99 62 non
1663 484 142 62 possem
1748 484 71 62 ca-

1059 541 122 54 pere
1135 541 91 54 ad
1180 541 152 54 vsuram
1287 541 152 54 quando
1393 541 122 54 egeo
1469 541 91 54 ab
1515 541 198 54 vsurario:
1667 541 122 54 quem
1728 541 91 54 pec-

1047 581 130 51 care
1128 581 146 51 nosco
1226 581 195 51 pecuniam
1372 581 211 51 foenebrem
1535 581 163 51 dando.
1648 581 146 51 cuius
1730 581 81 51 op-

1059 625 144 47 positum
1164 625 144 47 dicetur
1269 625 223 47 distinctione.
1452 625 92 47 xv.
1504 625 131 47 huius.
1596 625 105 47 ltem
1662 625 118 47 licet
1727 625 92 47 susci

1061 668 109 57 pere
1130 668 191 57 iuramentum
1279 668 109 57 viri
1348 668 164 57 iurantis
1470 668 123 57 super
1552 668 123 57 idola
1634 668 95 57 pro
1688 668 109 57 bono
1743 668 68 57 spi

1042 716 162 59 rituali:
1163 716 94 59 ita
1217 716 108 59 enim
1284 716 121 59 fecit
1365 716 121 59 Iacob
1446 716 94 59 cum
1500 716 135 59 Laban.
1594 716 108 59 Gen.
1661 716 94 59 xi.
1702 716 121 59 igitur.

1041 763 115 83 â‹
1087 763 229 83 Contra
1247 763 229 83 primam
1408 763 367 83 conclusionem
1705 763 160 83 ar-

1057 836 151 65 guitur
1163 836 227 65 auctoritate
1345 836 182 65 Cypriani
1481 836 197 65 martyris,
1632 836 76 65 &
1647 836 167 65 recitatur

1059 887 127 50 xxxii.
1148 887 114 50 dist.
1224 887 76 50 c.
1262 887 152 50 Praeter.
1376 887 76 50 S.
1414 887 101 50 Haec
1478 887 76 50 de
1516 887 127 50 malis.
1604 887 89 50 vbi
1655 887 89 50 sic
1693 887 127 50 dicitur.

1048 926 203 58 Cyprianus
1205 926 156 58 martyr
1314 926 94 58 &.
1361 926 141 58 lxxx.
1455 926 188 58 episcopi
1595 926 109 58 cum
1658 926 141 58 eodem
1736 926 78 58 ba-

1059 977 157 55 ptisma
1169 977 252 55 haereticorum
1374 977 189 55 lauacrum
1515 977 173 55 diaboli
1625 977 189 55 appellant.

1056 1017 76 62 â‹
1086 1017 242 62 Respondetur.
1282 1017 91 62 In
1328 1017 106 62 hoc
1388 1017 106 62 non
1449 1017 106 62 est
1509 1017 181 62 tenendus
1645 1017 151 62 beatus
1735 1017 76 62 Cyi

1067 1060 151 59 rianus.
1177 1060 123 59 stati
1259 1060 109 59 enim
1327 1060 109 59 post
1396 1060 123 59 verba
1478 1060 164 59 allegata
1601 1060 123 59 inter
1669 1060 151 59 arguendum

1057 1107 196 57 ponitur.
1203 1107 212 57 Stephanus
1366 1107 130 57 vero
1448 1107 82 57 &
1481 1107 212 57 Cornelius
1644 1107 196 57 martyres
1774 1107 49 57 &

1068 1152 204 60 ontifices
1226 1152 157 60 Romani
1336 1152 79 60 i
1367 1152 79 60 &
1398 1152 236 60 venerabilis
1587 1152 220 60 Augustinus
1760 1152 94 60 in

1057 1195 134 60 libro
1147 1195 89 60 de
1191 1195 179 60 baptismo
1325 1195 149 60 eundem
1430 1195 194 60 Cyprianum
1579 1195 75 60 &
1608 1195 179 60 perfatos
1728 1195 89 60 epi-

1052 1238 160 63 scopos
1164 1238 96 63 ob
1212 1238 128 63 hanc
1292 1238 160 63 causam
1404 1238 224 63 vehementer
1580 1238 240 63 redarguunt,
1756 1238 64 63 af

1052 1284 184 54 firmantes
1194 1284 170 54 baptisma
1321 1284 71 54 /
1349 1284 113 54 siue
1420 1284 85 54 ab
1463 1284 184 54 haeretico
1604 1284 71 54 /
1633 1284 113 54 siue
1689 1284 128 54 schisma

1056 1326 110 51 tico
1125 1326 68 51 /
1152 1326 233 51 ecclesiastico
1344 1326 110 51 more
1412 1326 205 51 celebratum,
1577 1326 123 51 ratum
1659 1326 123 51 esse.
1741 1326 82 51 Et
1768 1326 55 51 li

1052 1372 90 59 cet
1104 1372 155 59 tenuerit
1220 1372 168 59 haeresim,
1349 1372 90 59 non
1401 1372 155 59 sequitur
1517 1372 103 59 quod
1582 1372 129 59 fuerit
1659 1372 155 59 haereticus

1050 1416 109 58 quia
1118 1416 122 58 vltra
1200 1416 163 58 haeresim
1322 1416 81 58 ad
1363 1416 190 58 haereticum
1512 1416 190 58 pertinacia
1648 1416 163 58 requiritur

1054 1459 91 59 et
1099 1459 91 59 si
1145 1459 106 59 non
1205 1459 197 59 tenebatur
1357 1459 151 59 beatus
1463 1459 197 59 Cyprianus
1614 1459 106 59 hoc
1675 1459 136 59 scire
1750 1459 76 59 ex-

1057 1507 163 57 plicite
1175 1507 133 57 (quod
1264 1507 103 57 est
1323 1507 133 57 forte
1412 1507 148 57 verum)
1516 1507 133 57 nullo
1604 1507 118 57 modo
1663 1507 163 57 peccauit:

1066 1553 127 62 prout
1151 1553 141 62 latius
1249 1553 198 62 quaestione
1405 1553 155 62 secunda
1518 1553 155 62 prologi
1631 1553 169 62 diximus.
1743 1553 71 62 Sed

1058 1608 127 47 dicis.
1147 1608 127 47 vetula
1236 1608 178 47 assentiens
1376 1608 152 47 praelato
1490 1608 190 47 praedicanti
1642 1608 152 47 haeresim
1744 1608 76 47 pec-

1054 1638 110 53 cat.
1123 1638 110 53 ergo
1192 1638 69 53 &
1219 1638 192 53 Cyprianus,
1370 1638 165 53 quamquam
1494 1638 96 53 non
1548 1638 178 53 tenebatur
1672 1638 151 53 assentire

1057 1684 186 54 opposito.
1200 1684 229 54 Respondetur.
1386 1684 200 54 antecedens
1543 1684 100 54 est
1600 1684 157 54 falsum:
1715 1684 143 54 quando

1052 1727 96 51 non
1107 1727 150 51 tenetur
1216 1727 178 51 oppositum
1353 1727 123 51 scire
1435 1727 191 51 explicite.
1585 1727 150 51 Positio
1694 1727 109 51 enim
1749 1727 68 51 Ali

1055 1777 170 55 tisiodori
1186 1777 92 55 est
1238 1777 131 55 nulla:
1330 1777 105 55 quod
1396 1777 92 55 sic
1448 1777 131 55 probo.
1540 1777 131 55 vetula
1631 1777 131 55 potest
1710 1777 118 55 assenti

1065 1816 72 63 re
1101 1816 144 63 praelato
1209 1816 180 63 praedicanti
1352 1816 203 63 propositionem
1520 1816 96 63 quam
1580 1816 84 63 num
1628 1816 96 63 quam
1687 1816 96 63 ante
1735 1816 84 63 audi-

1067 1861 108 52 uit:
1134 1861 67 52 &
1161 1861 81 52 no
1201 1861 94 52 est
1255 1861 81 52 in
1295 1861 175 52 potestate
1430 1861 161 52 mulieris
1551 1861 108 52 quod
1618 1861 135 52 platus
1699 1861 121 52 praedi-

1051 1911 100 53 cet
1108 1911 129 53 verum
1194 1911 100 53 vel
1251 1911 157 53 falsum:
1365 1911 114 53 ergo
1437 1911 200 53 assentiens
1594 1911 143 53 falso,
1694 1911 129 53 cuius
1766 1911 57 53 op

1051 1950 149 61 positum
1160 1950 95 61 non
1214 1950 149 61 tenetur
1323 1950 136 61 scire,
1418 1950 81 61 no
1459 1950 122 61 minus
1540 1950 149 61 meretur
1649 1950 109 61 quam
1716 1950 109 61 vero
1771 1950 54 61 as

1054 1997 176 52 sentiens:
1190 1997 122 52 sicut
1271 1997 122 52 cadit
1353 1997 149 52 meritum
1461 1997 81 52 in
1502 1997 122 52 actum
1583 1997 217 52 intellectus.
1746 1997 68 52 Pri

1057 2037 129 59 terea
1143 2037 100 59 sic
1200 2037 187 59 arguitur.
1344 2037 172 59 cuilibet
1473 2037 201 59 praedicato
1631 2037 129 59 cuius
1702 2037 115 59 opposi

1063 2084 100 55 tum
1120 2084 100 55 non
1177 2084 157 55 tenetur
1290 2084 142 55 vetula
1390 2084 142 55 scire,
1490 2084 100 55 sui
1547 2084 142 55 curati
1646 2084 142 55 clarae
1732 2084 85 55 fami

1065 2139 165 49 potest
1180 2139 132 49 ipsa
1262 2139 231 49 assentire:
1443 2139 115 49 sed
1509 2139 181 49 Thobias
1641 2139 115 49 non
1690 2139 132 49 habuit

1065 2176 115 50 vnum
1136 2176 144 50 canem,
1237 2176 101 50 est
1294 2176 201 50 huiusmodi:
1453 2176 115 50 ergo
1524 2176 115 50 illi
1596 2176 144 50 potest
1682 2176 144 50 assenti-

1052 2215 97 51 re.
1108 2215 97 51 Sed
1163 2215 139 51 dicis.
1260 2215 139 51 dubius
1358 2215 83 51 in
1399 2215 111 51 fide
1469 2215 97 51 est
1524 2215 208 51 haereticus.
1691 2215 83 51 de
1719 2215 97 51 haere

1054 2259 106 53 ca.
1115 2259 167 53 Dubius.
1236 2259 228 53 Respondetur
1419 2259 182 53 pronunc,
1555 2259 106 53 hoc
1616 2259 198 53 intelligi
1768 2259 91 53 in

1051 2310 103 47 his
1110 2310 117 47 quae
1183 2310 117 47 quis
1257 2310 132 47 scire
1344 2310 176 47 tenetur:
1476 2310 73 47 &
1506 2310 147 47 quando
1608 2310 132 47 scire
1681 2310 147 47 tenetur.

1056 2346 83 61 In
1098 2346 152 61 distin.
1208 2346 138 61 xxiii.
1305 2346 152 61 tertii.
1416 2346 180 61 prolixius
1554 2346 83 61 ad
1596 2346 125 61 illam
1665 2346 166 61 propositio

1052 2395 138 60 nem
1112 2395 277 60 respondemus.

1052 2454 95 84 â‹
1090 2454 191 84 Contra
1224 2454 229 84 secundam
1395 2454 305 84 conclusionem
1624 2454 210 84 arguitur.

1067 2520 86 60 Ex
1110 2520 115 60 illa
1182 2520 216 60 conclusione
1354 2520 173 60 sequitur
1484 2520 115 60 quod
1556 2520 173 60 quilibet
1671 2520 158 60 baptismum

1067 2577 222 45 administrans
1247 2577 83 45 in
1289 2577 208 45 necessitate
1455 2577 97 45 non
1510 2577 180 45 peccaret:
1649 2577 69 45 &
1677 2577 97 45 per
1718 2577 111 45 conse-

1063 2617 134 59 quens
1152 2617 149 59 laicus
1257 2617 149 59 posset
1361 2617 208 59 baptizare:
1524 2617 119 59 quod
1599 2617 104 59 est
1658 2617 164 59 falsum:
1762 2617 60 59 vt

1058 2656 114 66 patet
1134 2656 88 66 in.
1185 2656 76 66 c.
1223 2656 190 66 Decernimus.
1374 2656 76 66 de
1412 2656 164 66 iudiciis.
1538 2656 114 66 illic
1614 2656 139 66 dicitur
1715 2656 101 66 quod
1766 2656 63 66 lai

1065 2705 106 49 cus
1125 2705 106 49 non
1186 2705 152 49 potest
1292 2705 182 49 exercere
1429 2705 258 49 ecclessastica
1641 2705 182 49 iudicia:
1762 2705 61 49 mo

1061 2753 100 62 do
1111 2753 218 62 baptismus
1279 2753 117 62 est
1346 2753 134 62 quid
1429 2753 251 62 spirituale.
1630 2753 84 62 â‹
1647 2753 184 62 Responde
