2358 3320
503 385 138 68 anima
594 385 184 68 producat
732 385 184 68 notitiam
870 385 107 68 sui
931 385 122 68 sine
1008 385 199 68 qualitate
1145 385 138 68 praeuia

505 441 170 50 sufficit
632 441 99 50 hoc
689 441 113 50 quod
759 441 155 50 dicimus
872 441 85 50 in
915 441 184 50 pluribus.
1056 441 99 50 vel
1112 441 85 50 in
1141 441 141 50 effectum

507 486 183 60 influere
644 486 107 60 est
705 486 229 60 naturaliter
889 486 138 60 ipsum
980 486 214 60 producere.
1148 486 122 60 Dixi
1210 486 76 60 (co

506 529 206 64 pulatiue)
664 529 127 64 quia
743 529 206 64 copulatim
902 529 190 64 effectus
1044 529 174 64 produci
1155 529 142 64 potest:

508 575 76 58 a
538 575 152 58 duabus
645 575 152 58 causis
751 575 122 58 siue
827 575 167 58 eiusdem
948 575 167 58 speciei
1070 575 122 58 siue
1131 575 167 58 alterius.

517 620 103 56 sed
576 620 118 56 ille
650 620 177 56 effectus
783 620 103 56 non
842 620 148 56 potest
946 620 163 56 produci
1064 620 89 56 ab
1109 620 103 56 vna
1153 620 133 56 illarum

519 662 184 51 causarum
657 662 138 51 sola.
749 662 77 51 â‹
780 662 169 51 Secunda
902 662 230 51 propositio.
1086 662 184 51 Effectus
1209 662 77 51 pro

508 710 147 50 ductus
611 710 88 50 ab
655 710 103 50 vna
714 710 132 50 causa
802 710 176 50 effectum
934 710 205 50 attingente
1095 710 88 50 in
1139 710 88 50 a.
1169 710 117 50 instan

509 753 77 49 ti
548 753 64 49 /
573 753 89 49 non
624 753 128 49 potest
714 753 141 49 produci
816 753 77 49 ab
854 753 115 49 eadem
931 753 115 49 causa
1008 753 77 49 in
1046 753 102 49 alio
1110 753 166 49 instanti.
1225 753 64 49 Pro

516 797 115 58 batur
593 797 103 58 haec
657 797 192 58 propositio:
811 797 103 58 quia
875 797 154 58 opposito
990 797 103 58 dato
1054 797 154 58 sequitur
1170 797 103 58 quod
1221 797 77 58 cor-

506 840 157 49 ruptum
616 840 157 49 possit
725 840 235 49 naturaliter
913 840 219 49 reproduci:
1086 840 94 49 vt
1132 840 157 49 arguit
1226 840 63 49 do

518 884 114 54 ctor
589 884 185 54 subtilis.
731 884 71 54 &
760 884 100 54 per
817 884 100 54 hoc
873 884 185 54 responsio
1016 884 128 54 datur
1101 884 114 54 eius
1158 884 128 54 argumen

526 928 84 49 to.
574 928 72 49 De
610 928 121 49 homine
695 928 109 49 autem
767 928 109 49 loqui
840 928 84 49 non
888 928 145 49 oportet.
996 928 84 49 nam
1045 928 109 49 anima
1117 928 133 49 hominis
1214 928 60 49 a
1226 928 60 49 deo

515 982 168 47 creatur.
641 982 98 47 Nec
697 982 154 47 oportet
808 982 140 47 facere
906 982 237 47 difficultatem
1102 982 84 47 de
1129 982 168 47 geneatione

515 1019 127 52 bouis:
604 1019 101 52 quod
667 1019 114 52 esset
743 1019 101 52 idem
806 1019 89 52 bos
857 1019 139 52 genitus
958 1019 101 52 ante
1022 1019 152 52 meridiem
1135 1019 63 52 &
1161 1019 114 52 post:
1224 1019 76 52 quia

513 1063 90 48 si
558 1063 105 48 sit
618 1063 135 48 sermo
708 1063 90 48 de
753 1063 225 48 generatione
934 1063 135 48 extra
1024 1063 150 48 vterum
1129 1063 75 48 &
1144 1063 150 48 vulgari,

524 1110 128 46 nihil
609 1110 113 46 est:
680 1110 99 46 nec
736 1110 99 46 est
793 1110 128 46 maior
878 1110 213 46 difficultas
1048 1110 113 46 quam
1119 1110 85 46 de
1147 1110 156 46 mutatione

512 1155 162 43 locali
625 1155 162 43 bouis.
739 1155 114 43 Non
804 1155 146 43 tamen
901 1155 130 43 nego
983 1155 130 43 quin
1064 1155 97 43 si
1112 1155 114 43 bos
1177 1155 114 43 diu
1226 1155 65 43 ma

519 1197 108 53 neat
586 1197 81 53 in
626 1197 121 53 vtero
707 1197 67 53 /
734 1197 108 53 erit
801 1197 121 53 alius
882 1197 94 53 bos
936 1197 94 53 qui
990 1197 148 53 fuisset
1098 1197 81 53 si
1138 1197 94 53 non
1192 1197 94 53 ita
1233 1197 67 53 diu

516 1248 194 52 mansisset
665 1248 104 52 per
725 1248 134 52 aliam
815 1248 179 52 materiam
949 1248 194 52 adiunctam
1098 1248 90 52 ad
1128 1248 164 52 alietatem

521 1281 167 60 materiae.
650 1281 103 60 quia
714 1281 103 60 enim
778 1281 90 60 est
829 1281 103 60 pars
894 1281 180 60 intrinseca
1035 1281 64 60 /
1061 1281 154 60 sequitur
1164 1281 128 60 effectus

524 1328 165 52 alietas.
648 1328 124 52 Sermo
730 1328 137 52 igitur
827 1328 124 52 debet
909 1328 165 52 converti
1033 1328 82 52 ad
1074 1328 220 52 generationem
1239 1328 55 52 in

522 1377 139 47 rerum
614 1377 169 47 natura.
737 1377 77 47 &
768 1377 92 47 de
814 1377 123 47 illa
891 1377 169 47 concedo
1015 1377 123 47 quod
1092 1377 108 47 non
1153 1377 108 47 est
1200 1377 92 47 idem

516 1423 116 54 bos,
589 1423 203 54 necfuisset
749 1423 116 54 idem
822 1423 102 54 bos
880 1423 87 54 si
923 1423 145 54 eaedem
1025 1423 145 54 causae
1127 1423 131 54 bouis
1199 1423 102 54 produ

524 1465 133 45 ctiuae
617 1465 159 45 fuissent
736 1465 186 45 applicatae
882 1465 80 45 in
922 1465 106 45 alio
989 1465 173 45 instanti.
1121 1465 93 45 bos
1174 1465 106 45 enim
1228 1465 66 45 non

525 1509 160 55 dicitur
642 1509 233 55 contingenter
832 1509 160 55 produci
948 1509 117 55 quia
1021 1509 117 55 idem
1094 1509 102 55 bos
1152 1509 146 55 possit
1240 1509 58 55 in

521 1551 193 56 pluribus
666 1551 241 56 instantibus
858 1551 193 56 produci:
1003 1551 112 56 sed
1067 1551 129 56 quia
1147 1551 112 56 bos
1196 1551 96 56 gene

528 1596 150 47 randus
633 1596 150 47 potest
738 1596 180 47 impediri
873 1596 90 47 ne
919 1596 195 47 generetur
1069 1596 105 47 per
1129 1596 165 47 liberum
1234 1596 60 47 at

523 1640 164 66 bitrium.
646 1640 123 66 sicut
728 1640 109 66 sunt
796 1640 123 66 multa
878 1640 218 66 producibilia
1055 1640 109 66 quae
1124 1640 150 66 nunquam
1219 1640 82 66 pro-

520 1686 215 54 ducentur
682 1686 108 54 ob
735 1686 287 54 impedimentum
951 1686 233 54 praecedens.

511 1736 113 85 â‹
557 1736 226 85 Contra
715 1736 226 85 eandem
873 1736 362 85 conclusionem
1145 1736 158 85 secun

526 1811 82 53 do
567 1811 177 53 arguitur.
704 1811 109 53 Vnum
772 1811 123 53 agens
853 1811 136 53 potest
949 1811 191 53 conseruare
1099 1811 164 53 effectum
1208 1811 95 53 alte-

516 1866 119 45 rius
591 1866 179 45 agentis:
725 1866 119 45 ergo
800 1866 149 45 potest
904 1866 134 45 ipsum
994 1866 134 45 primo
1083 1866 194 45 producere
1217 1866 90 45 pro-

517 1907 129 52 batur
603 1907 243 52 consequentia:
803 1907 115 52 quia
875 1907 186 52 coseruare
1018 1907 100 52 est
1075 1907 215 52 partialiter
1232 1907 72 52 age

528 1952 91 44 re.
580 1952 91 44 nam
632 1952 196 44 conseruatio
789 1952 156 44 effectus
906 1952 169 44 reducitur
1036 1952 78 44 ad
1075 1952 143 44 aliquod
1180 1952 117 44 genus
1245 1952 65 44 cau

534 1998 107 49 sae:
600 1998 67 49 &
627 1998 94 49 non
681 1998 80 49 ad
721 1998 120 49 aliam
801 1998 134 49 causam
894 1998 107 49 nisi
961 1998 214 49 efficientem.
1135 1998 147 49 igitur.
1228 1998 67 49 an-

530 2043 173 46 tecedens
660 2043 144 46 patet:
761 2043 116 46 quia
833 2043 116 46 aqua
905 2043 188 46 calefacta
1049 2043 87 46 ab
1093 2043 87 46 a.
1136 2043 130 46 igni,
1208 2043 87 46 remo

525 2086 78 54 to
564 2086 78 54 a:
603 2086 117 54 igni,
681 2086 78 54 si
720 2086 182 54 applicetur
863 2086 104 54 aqua
929 2086 104 54 ipsi
994 2086 78 54 b.
1033 2086 104 54 igni
1098 2086 65 54 /
1111 2086 195 54 coseruabitur.

531 2133 76 50 â‹
561 2133 244 50 Respondetur.
760 2133 244 50 consequentia
958 2133 107 50 est
1019 2133 137 50 nulla
1111 2133 183 50 loquendo
1233 2133 61 50 di

531 2176 167 47 effectu
652 2176 106 47 qui
713 2176 151 47 potest
819 2176 227 47 naturaliter
1000 2176 212 47 conseruari
1167 2176 121 47 sine
1227 2176 76 47 sua

529 2219 143 49 causa,
629 2219 114 49 puta
700 2219 100 49 qui
757 2219 100 49 non
814 2219 171 49 dependet
943 2219 171 49 continuo
1071 2219 71 49 a
1100 2219 100 49 sua
1157 2219 143 49 causa.
1243 2219 57 49 ra

533 2262 100 56 tio
590 2262 115 56 enim
662 2262 186 56 naturalis
805 2262 72 56 /
834 2262 215 56 experientia
1006 2262 72 56 /
1035 2262 72 56 &
1063 2262 186 56 huiusmodi
1192 2262 115 56 docent

531 2308 106 52 nos
591 2308 136 52 vnum:
682 2308 76 52 &
712 2308 196 52 oppositum
863 2308 196 52 alterius.
1014 2308 166 52 Secundo
1135 2308 151 52 negabo
1226 2308 76 52 an-

526 2353 178 57 tecedens:
663 2353 68 57 &
690 2353 123 57 dicam
773 2353 109 57 quod
841 2353 123 57 calor
923 2353 178 57 productus
1060 2353 82 57 ab
1101 2353 82 57 a.
1142 2353 109 57 igne
1210 2353 68 57 /
1224 2353 82 57 con-

527 2398 122 45 tinuo
609 2398 191 45 remittitur
759 2398 68 45 a
786 2398 122 45 forma
868 2398 122 45 aquae
949 2398 136 45 quando
1044 2398 109 45 aqua
1113 2398 150 45 ponitur
1208 2398 95 45 prope

529 2442 84 57 b.
571 2442 140 57 ignem:
669 2442 70 57 &
697 2442 84 57 b.
739 2442 126 57 ignis
823 2442 154 57 generat
935 2442 126 57 nouum
1019 2442 168 57 calorem.
1145 2442 70 57 &
1173 2442 98 57 sic
1215 2442 84 57 aqua

532 2485 169 57 mauebit
654 2485 184 57 continuo
792 2485 169 57 calida,
915 2485 107 57 non
976 2485 92 57 ab
1022 2485 138 57 eodem
1114 2485 153 57 calore
1221 2485 107 57 sed
1267 2485 46 57 a

530 2535 135 49 variis
625 2535 189 49 caloribus.
774 2535 81 49 tu
814 2535 122 49 tamen
895 2535 176 49 existimas
1031 2535 108 49 esse
1098 2535 135 49 eundem
1179 2535 122 49 calorem

530 2576 172 48 numero:
656 2576 125 48 quia
734 2576 110 48 hoc
796 2576 250 48 deprehendere
1000 2576 110 48 non
1062 2576 141 48 potes
1156 2576 110 48 per
1203 2576 94 48 expi

545 2618 183 48 tientiam.
686 2618 169 48 Suadetur
813 2618 113 48 haec
884 2618 169 48 solutio.
1011 2618 99 48 nam
1067 2618 141 48 paruus
1166 2618 127 48 ignis
1236 2618 71 48 non

523 2663 203 49 sufficit
675 2663 237 49 conseruare
861 2663 186 49 calorem
997 2663 220 49 productum
1166 2663 85 49 a
1183 2663 118 49 magno

532 2708 132 53 igne.
620 2708 103 53 sed
679 2708 117 53 ille
752 2708 132 53 calor
840 2708 176 53 continuo
973 2708 220 53 remittitur:
1149 2708 73 53 &
1178 2708 103 53 non
1222 2708 88 53 erit

534 2756 119 55 maior
613 2756 119 55 calor
692 2756 79 55 in
731 2756 105 55 aqua
797 2756 105 55 quam
863 2756 132 55 paruus
955 2756 119 55 ignis
1034 2756 132 55 possit
1127 2756 171 55 producere
1245 2756 53 55 si

519 2798 127 70 aqua
599 2798 143 70 illic
694 2798 111 70 diu
758 2798 223 70 subsistat.
932 2798 159 70 Tenens
1044 2798 143 70 autem
1123 2798 175 70 oppositum

1351 389 145 66 potest
1452 389 145 66 dicere
1553 389 87 66 ad
1596 389 116 66 hanc
1669 389 173 66 rationem
1799 389 116 66 quod
1871 389 116 66 vnus
1943 389 130 66 ignis
2015 389 116 66 potest

1354 449 200 57 conseruare
1511 449 157 57 calorem
1625 449 186 57 productum
1768 449 86 57 ab
1811 449 129 57 alio,
1896 449 86 57 si
1939 449 100 57 sit
1996 449 129 57 aeque
2068 449 57 57 po

1351 491 119 55 tens
1425 491 89 55 in
1470 491 149 55 agendo
1574 491 89 55 ac
1619 491 149 55 alter,
1723 491 74 55 &
1753 491 104 55 non
1797 491 134 55 aliter.

1348 537 115 90 â‹
1394 537 230 90 Tertio
1555 537 299 90 arguitur.
1784 537 299 90 Diuidatur
1991 537 138 90 pita

1360 617 119 60 vini
1435 617 89 60 in
1479 617 119 60 duas
1554 617 223 60 medietates:
1732 617 104 60 iam
1792 617 119 60 illa
1866 617 134 60 pinta
1941 617 193 60 corrumpitur

1354 665 217 42 restituantur
1531 665 149 42 partes:
1639 665 95 42 vel
1693 665 135 42 partes
1788 665 108 42 quae
1856 665 163 42 fuerunt:
1977 665 149 42 redibit
2072 665 68 42 ea-

1358 705 115 54 dem
1423 705 164 54 pinta.
1538 705 213 54 Similiter
1702 705 213 54 amputetur
1866 705 131 54 vnum
1948 705 180 54 membrum
2063 705 82 54 vel

1366 754 114 50 pars
1437 754 71 50 a
1465 754 142 50 sorte:
1565 754 128 50 detur
1651 754 85 50 ei
1693 754 157 50 iterato
1807 754 128 50 cibus
1893 754 214 50 comedendus:
2064 754 100 50 iam

1364 793 114 54 illa
1435 793 114 54 pars
1506 793 171 54 corrupta
1635 793 157 54 redibit
1749 793 228 54 naturaliter:
1934 793 114 54 quia
1991 793 143 54 redibunt

1363 846 146 50 eaedem
1466 846 146 50 partes
1568 846 117 50 quae
1641 846 117 50 sunt
1714 846 131 50 ipsum
1801 846 146 50 totum:
1903 846 88 50 vt
1947 846 102 50 iam
1991 846 146 50 dicetur.

1358 880 78 57 â‹
1390 880 248 57 Respondetur.
1591 880 155 57 Duplex
1700 880 109 57 est
1762 880 217 57 corruptio.
1933 880 171 57 quaedam
2042 880 93 57 pro-

1355 928 104 57 prie
1420 928 129 57 dicta,
1510 928 129 57 quando
1601 928 129 57 altera
1692 928 104 57 pars
1756 928 194 57 essentialis
1912 928 142 57 desinit
2015 928 117 57 esse:
2080 928 52 57 vi

1359 974 96 55 in
1407 974 239 55 corruptione
1598 974 207 55 compositi
1758 974 175 55 diuersi
1885 974 96 55 ab
1933 974 175 55 homine.
2060 974 80 55 &
2076 974 64 55 de

1369 1015 107 49 lla
1430 1015 198 49 loquimur.
1582 1015 76 49 &
1613 1015 107 49 sic
1674 1015 91 49 si
1719 1015 122 49 pars
1796 1015 183 49 separata
1933 1015 91 49 ab
1979 1015 152 49 homine
2070 1015 61 49 re

1364 1063 116 52 deat
1436 1063 173 52 iterato,
1566 1063 130 52 nihil
1653 1063 87 52 ad
1696 1063 116 52 nos.
1768 1063 116 52 Alia
1840 1063 101 52 est
1898 1063 188 52 corruptio
2028 1063 116 52 laxato

1355 1108 198 54 vocabulo
1504 1108 83 54 &
1537 1108 231 54 vulgariter
1719 1108 215 54 loquendo:
1884 1108 99 54 de
1933 1108 116 54 qua
1999 1108 182 54 concedo

1362 1152 228 48 assumptum,
1541 1152 114 48 nec
1606 1152 114 48 est
1671 1152 163 48 contra
1785 1152 261 48 conclusionem
1981 1152 163 48 nostran-

1369 1195 153 57 Aliqua
1476 1195 123 57 enim
1553 1195 123 57 sunt
1630 1195 169 57 corpora
1752 1195 153 57 fiuida
1860 1195 107 57 vel
1921 1195 184 57 viscosa,
2044 1195 92 57 quae

1359 1239 98 44 si
1408 1239 261 44 corrumpantur
1619 1239 114 44 hac
1685 1239 261 44 corruptione,
1897 1239 163 44 partes
1994 1239 147 44 possunt

1356 1290 222 52 naturaliter
1534 1290 237 52 redintegrari
1726 1290 74 52 &
1756 1290 222 52 constituere
1934 1290 163 52 aliquid
2037 1290 104 52 vnum:

1377 1332 90 47 vt
1422 1332 105 47 fit
1482 1332 90 47 in
1527 1332 180 47 humidis.
1663 1332 90 47 Et
1708 1332 150 47 fertur
1813 1332 120 47 idem
1888 1332 90 47 de
1933 1332 226 47 serpentibus
2099 1332 45 47 &

1357 1372 212 55 animalibus
1523 1372 212 55 annulosis:
1690 1372 91 55 in
1735 1372 151 55 quibus
1841 1372 91 55 si
1887 1372 136 55 parua
1977 1372 121 55 pars
2038 1372 106 55 poste

1353 1417 118 54 rior
1427 1417 207 54 auferatur,
1589 1417 74 54 &
1619 1417 118 54 alia
1693 1417 118 54 pars
1766 1417 162 54 iterato
1884 1417 89 54 ei
1929 1417 221 54 adiungatur,
2091 1417 59 54 ve

1365 1465 88 58 re
1409 1465 88 58 ei
1453 1465 161 58 iterato
1571 1465 176 58 vnietur.
1703 1465 73 58 &
1732 1465 205 58 constituet
1894 1465 161 58 aliquid
2011 1465 117 58 vnum
2070 1465 73 58 cum

1372 1510 143 52 priore
1472 1510 86 52 vt
1515 1510 143 52 antea.
1615 1510 100 52 Hic
1673 1510 115 52 enim
1744 1510 129 52 nulla
1830 1510 115 52 pars
1902 1510 215 52 essentialis
2059 1510 72 52 est

1372 1551 188 57 corrupta.
1516 1551 72 57 â‹
1545 1551 145 57 Quarto
1646 1551 188 57 arguitur.
1791 1551 116 57 pono
1864 1551 116 57 quod
1936 1551 116 57 deus
2008 1551 72 57 a
2023 1551 130 57 princi-

1361 1594 120 52 pio
1429 1594 154 52 mundi
1532 1594 257 52 produxisset
1738 1594 154 52 istum
1841 1594 103 52 b.
1893 1594 172 52 bouem,
2013 1594 137 52 quem
2081 1594 69 52 a.

1366 1639 106 47 bos
1427 1639 137 47 hodie
1518 1639 198 47 producit.
1670 1639 122 47 tunc
1746 1639 122 47 sic.
1822 1639 122 47 haec
1898 1639 198 47 productio
2050 1639 91 47 b.
2080 1639 61 47 bo

1358 1684 104 58 uis
1418 1684 104 58 est
1477 1684 208 58 naturalis.
1641 1684 74 58 &
1671 1684 89 58 b.
1715 1684 104 58 bos
1775 1684 104 58 est
1834 1684 208 58 corruptus.
1998 1684 119 58 ergo
2058 1684 89 58 cor-

1352 1728 170 58 ruptum
1471 1728 170 58 potest
1591 1728 256 58 naturaliter
1795 1728 239 58 reproduci.
1966 1728 187 58 Responde-

1359 1776 112 46 tur
1423 1776 176 46 admisso
1551 1776 128 46 illo
1630 1776 128 46 casu
1710 1776 207 46 possibili
1870 1776 223 46 concedendo
2029 1776 112 46 totum

1370 1820 222 52 assumptum.
1545 1820 79 52 â‹
1576 1820 159 52 Quinto
1688 1820 206 52 arguitur.
1846 1820 111 52 per
1910 1820 143 52 illud
2005 1820 127 52 quod
2069 1820 63 52 Ma

1369 1862 93 54 ro
1415 1862 170 54 scribit
1538 1862 154 54 quarto
1647 1862 232 54 Georgicorum
1832 1862 93 54 de
1878 1862 232 54 reparatione
2048 1862 93 54 apum

1359 1909 220 53 mortuarum,
1532 1909 110 53 sic
1595 1909 205 53 inquiens.
1753 1909 110 53 Sed
1816 1909 94 53 si
1863 1909 126 53 quem
1941 1909 157 53 proles
2036 1909 110 53 subi-

1371 1953 88 42 to
1415 1953 191 42 defecerit
1562 1953 147 42 omnis,
1665 1953 103 42 Nec
1723 1953 132 42 genus
1812 1953 117 42 vnde
1885 1953 132 42 nouae
1973 1953 161 42 stirpis
2076 1953 73 42 re-

1368 1997 171 55 uocetur
1493 1997 78 55 /
1524 1997 187 55 habebit.
1664 1997 78 55 &
1695 1997 125 55 quae
1773 1997 218 55 sequuntur.
1929 1997 218 55 Respondetur.

1366 2042 128 45 non
1439 2042 164 45 docet
1548 2042 164 45 modum
1658 2042 292 45 reproducendi
1895 2042 164 45 nouas
2004 2042 146 45 apes
2077 2042 73 45 ex

1365 2084 194 61 tinctas:
1510 2084 113 61 sed
1575 2084 97 61 de
1623 2084 178 61 nouarum
1752 2084 242 61 productione
1946 2084 210 61 loquitur.
2091 2084 65 61 Si

1361 2130 157 58 dicas.
1471 2130 173 58 hirundo
1597 2130 110 58 per
1659 2130 173 58 quasdam
1785 2130 173 58 haerbas
1911 2130 173 58 reducit
2020 2130 126 58 poten-

1367 2172 131 50 tiam
1448 2172 180 50 visiuam
1579 2172 98 50 in
1628 2172 163 50 pullis
1742 2172 131 50 suis
1824 2172 98 50 vt
1873 2172 228 50 communiter
2036 2172 114 50 dici-

1374 2220 129 44 tur.
1454 2220 129 44 ltem
1535 2220 161 44 muscae
1648 2220 81 44 &
1680 2220 177 44 similia
1809 2220 193 44 animalia
1938 2220 209 44 reproducun-

1369 2261 120 48 tur.
1444 2261 90 48 vt
1489 2261 165 48 sentire
1608 2261 165 48 videtur
1728 2261 150 48 Arist.
1833 2261 90 48 x.
1878 2261 194 48 particula
2012 2261 135 48 proble.

1365 2309 247 55 problemate
1559 2309 194 55 vltimo.
1700 2309 282 55 Respondetur,
1929 2309 123 55 non
1982 2309 159 55 docetur

1375 2350 222 57 sufficienter
1555 2350 83 57 de
1597 2350 166 57 veritate
1722 2350 139 57 illius
1819 2350 111 57 quod
1888 2350 153 57 hirundo
1999 2350 125 57 visum
2069 2350 69 57 per

1372 2394 136 53 ditum
1463 2394 212 53 restituit.
1629 2394 167 53 Secundo
1750 2394 136 53 visus
1841 2394 106 53 est
1902 2394 182 53 potentia
2023 2394 121 53 visiua

1369 2450 135 49 quae
1454 2450 152 49 solum
1555 2450 287 49 indisponitur:
1791 2450 135 49 quam
1859 2450 287 49 indispositionem

1374 2485 158 51 tollit
1485 2485 189 51 hirundo.
1627 2485 79 51 a
1658 2485 221 51 priuatione
1832 2485 126 51 enim
1910 2485 142 51 solum
1989 2485 158 51 priuante

1373 2531 158 54 actum,
1484 2531 79 54 &
1516 2531 111 54 non
1579 2531 253 54 aptitudinem,
1785 2531 111 54 fit
1848 2531 206 54 regressus
1991 2531 158 54 naturali

1369 2572 127 52 ter
1441 2572 109 52 ad
1496 2572 217 52 habitum.
1658 2572 163 52 tamen
1767 2572 163 52 vulgo
1876 2572 217 52 exemplum
2020 2572 127 52 datur

1371 2617 87 48 de
1415 2617 189 48 caecitate
1560 2617 116 48 quod
1633 2617 174 48 vtrunque
1764 2617 160 48 priuat.
1880 2617 87 48 De
1923 2617 145 48 muscis
2010 2617 131 48 dicatur

1368 2662 147 51 sicut
1466 2662 98 51 de
1515 2662 180 51 apibus.
1646 2662 245 51 producuntur
1842 2662 131 51 enim
1924 2662 147 51 nouae
2022 2662 82 51 /
2055 2662 82 51 &
2071 2662 82 51 mor

1371 2709 132 50 tuae
1453 2709 116 50 non
1519 2709 297 50 reproducuntur.
1767 2709 83 50 â‹
1800 2709 149 50 Sexto
1899 2709 215 50 arguitur.
2047 2709 99 50 Arca

1368 2758 178 50 corrupta
1501 2758 148 50 potest
1605 2758 222 50 naturaliter
1783 2758 178 50 reparari
1916 2758 148 50 eadem:
2020 2758 118 50 ergo
2079 2758 74 50 con

1365 2793 153 65 clusio
1472 2793 153 65 falsa.
1579 2793 245 65 Respondetur.
1778 2793 123 65 arca
1855 2793 169 65 proprie
1977 2793 107 65 non
2023 2793 123 65 corrum
