2326 3303
226 288 107 61 tis
287 288 244 61 plenitudinis
485 288 183 61 Christi:
622 288 91 61 vt
667 288 107 61 iam
728 288 107 61 non
789 288 137 61 simus
865 288 137 61 paruuli

226 339 240 60 fluctuantes.
421 339 150 60 glossa
526 339 135 60 illud
616 339 180 60 exponens
751 339 150 60 dicit.
841 339 150 60 Vnusquis

217 388 116 51 quod
290 388 174 51 resurget
421 388 87 51 in
464 388 145 51 aetate
566 388 102 51 qua
624 388 174 51 Christus
754 388 218 51 resurrexit.
914 388 87 51 tunc

223 436 110 53 enim
292 436 151 53 putatur
402 436 137 53 status
497 436 165 53 hominis:
621 436 82 53 vt
662 436 123 53 dicit
744 436 137 53 beatus
826 436 165 53 Augustinus

220 478 124 46 xxii.
303 478 82 46 de
344 478 165 46 ciuitate
467 478 110 46 dei.
536 478 110 46 cap.
605 478 110 46 xvi.
673 478 82 46 Et
714 478 124 46 licet
797 478 137 46 aliqui
879 478 110 46 moriam

222 521 102 47 tur
281 521 175 47 paruuli,
412 521 190 47 resurgent
559 521 146 47 nihilo
661 521 146 47 secius
763 521 88 47 in
807 521 117 47 illa
865 521 132 47 aetate.

221 562 99 47 hoc
277 562 99 47 est
334 562 85 47 in
376 562 155 47 mensura
489 562 212 47 respondente
658 562 113 47 illi
729 562 155 47 aetati:
842 562 113 47 sine
898 562 99 47 vitio

215 609 192 50 naturae.
359 609 112 50 hoc
423 609 176 50 additur
550 609 176 50 propter
678 609 144 50 nanos
774 609 80 50 &
806 609 176 50 orbatos
917 609 80 50 mem

208 651 158 51 bris,
314 651 263 51 quemadmodum
524 651 140 51 Adam
612 651 140 51 erat
700 651 193 51 creatus
840 651 105 51 in
875 651 123 51 aeta-

211 699 85 43 te
253 699 155 43 adulta,
366 699 99 43 hoc
423 699 99 43 est
479 699 71 43 /
508 699 198 43 quantitate
663 699 141 43 debita
762 699 141 43 aetati
847 699 141 43 adultae.

208 742 116 58 Nec
275 742 182 58 oportet
407 742 149 58 omnes
507 742 216 58 resurgere
673 742 100 58 in
723 742 182 58 aequali
839 742 149 58 quanti-

208 788 151 49 tate:
309 788 117 49 sed
376 788 201 49 secundum
527 788 151 49 bonum
628 788 168 49 statum
745 788 134 49 suae
812 788 185 49 complexio

221 832 128 50 nis:
301 832 80 50 &
333 832 144 50 forte
429 832 112 50 nec
493 832 192 50 secundum
636 832 176 50 colores
764 832 80 50 &
780 832 208 50 habitudines

210 875 202 44 regionum:
366 875 93 44 vt
413 875 202 44 Aethiopes
568 875 156 44 nigri:
677 875 156 44 multum
786 875 202 44 distantes
926 875 62 44 ab

212 919 183 52 aequatore,
356 919 131 52 vltra,
447 919 170 52 citraque,
578 919 170 52 resurgent
709 919 118 52 albi.
787 919 118 52 Licet
865 919 105 52 enim
918 919 65 52 sit

210 959 124 57 plena
293 959 166 57 harmonia
418 959 166 57 beatorum
542 959 180 57 spirituum
680 959 97 57 cum
735 959 111 57 deo:
805 959 97 57 non
860 959 124 57 tamen
943 959 83 57 id

217 1006 157 53 necesse
331 1006 100 53 est
388 1006 86 53 in
431 1006 143 53 figura
531 1006 100 53 vel
589 1006 157 53 colore,
703 1006 129 53 sicut
789 1006 86 53 in
817 1006 172 53 quantitate

212 1051 115 45 vel
277 1051 263 45 complexione.
491 1051 82 45 â‹
523 1051 164 45 Tertia
638 1051 230 45 conclusio.
819 1051 148 45 Licet
901 1051 82 45 mor

211 1094 97 51 tui
267 1094 125 51 primo
350 1094 111 51 sint
419 1094 235 51 resurrecturi:
612 1094 69 51 &
640 1094 138 51 postea
737 1094 125 51 viui:
820 1094 125 51 omnes
889 1094 97 51 tamen

207 1133 96 53 in
255 1133 128 53 ictu
335 1133 144 53 oculi
431 1133 224 53 resurgent.
607 1133 144 53 Prima
703 1133 128 53 pars
783 1133 144 53 patet
863 1133 128 53 primae

205 1184 82 58 ad
246 1184 150 58 Thessa.
355 1184 123 58 iiii.
437 1184 95 58 vbi
491 1184 95 58 sic
546 1184 123 58 dicit
627 1184 191 58 Apostolus.
777 1184 136 58 Mortui
872 1184 95 58 qui
913 1184 82 58 sunt

214 1230 91 54 in
259 1230 167 54 Christo
381 1230 197 54 resurgent
533 1230 152 54 primi.
639 1230 152 54 deinde
745 1230 106 54 nos
806 1230 106 54 qui
851 1230 137 54 viuimus

214 1269 107 52 qui
275 1269 245 52 relinquimur,
474 1269 138 52 simul
566 1269 184 52 rapiemur
703 1269 107 52 cum
765 1269 138 52 illis
856 1269 92 52 in
887 1269 107 52 nubi-

207 1314 124 51 bus,
285 1314 155 51 obuiam
394 1314 171 51 Christo
518 1314 93 51 in
564 1314 140 51 aera.
657 1314 109 51 sed
719 1314 109 51 non
781 1314 109 51 est
843 1314 140 51 sermo
921 1314 62 51 de

207 1361 148 51 ordine
311 1361 104 51 seu
370 1361 192 51 primitate
518 1361 222 51 dignitatis,
695 1361 163 51 quoniam
814 1361 133 51 multi
887 1361 104 51 viuen

207 1403 102 47 tes
266 1403 132 47 circa
354 1403 175 47 iudicium
485 1403 132 47 erunt
573 1403 117 47 adeo
646 1403 117 47 boni
719 1403 88 47 vt
763 1403 132 47 multi
850 1403 102 47 qui
894 1403 88 47 ante

214 1448 225 48 dormierunt.
394 1448 165 48 Secunda
514 1448 120 48 pars
589 1448 210 48 ostenditur
754 1448 90 48 ex
799 1448 135 48 eadem
874 1448 105 48 liter

210 1492 107 44 ra.
271 1492 107 44 nam
332 1492 122 44 viui
408 1492 198 44 celeriter
560 1492 198 44 morientur
712 1492 76 44 &
742 1492 152 44 postea
834 1492 152 44 resusci-

214 1539 178 46 tabuntur.
351 1539 205 46 rationabile
516 1539 96 46 est
570 1539 123 46 autem
653 1539 110 46 quod
721 1539 192 46 moriantur.
872 1539 110 46 sane
927 1539 68 46 bea

216 1582 94 54 ta
263 1582 141 54 virgo
358 1582 157 54 mortua
468 1582 126 54 est.
546 1582 126 54 ltem
625 1582 141 54 multi
719 1582 189 54 decedent
860 1582 110 54 cum
907 1582 79 54 pec

216 1625 133 45 catis
305 1625 207 45 venialibus
468 1625 118 45 quae
542 1625 222 45 purgabuntur
720 1625 104 45 per
779 1625 148 45 mortis
868 1625 133 45 toleran

210 1673 134 45 tiam,
299 1673 104 45 vel
359 1673 104 45 per
418 1673 148 45 modicu
522 1673 148 45 tempus
626 1673 267 45 imperceptibile
848 1673 119 45 post
908 1673 74 45 mor

213 1714 129 61 tem.
294 1714 113 61 hoc
358 1714 194 61 siquidem
504 1714 146 61 tenet
601 1714 146 61 Ambro
698 1714 129 61 sius
779 1714 81 61 &
795 1714 194 61 Augustinus

222 1760 79 44 vt
261 1760 119 44 patet
341 1760 79 44 in
380 1760 132 44 glossa
473 1760 145 44 capitis
578 1760 172 44 allegati.
711 1760 92 44 nam
763 1760 145 44 statutu
869 1760 92 44 est
922 1760 92 44 ho-

209 1805 189 51 minibus
346 1805 155 51 semel
450 1805 155 51 mori.
553 1805 103 51 ad
605 1805 206 51 Hebraeos
759 1805 155 51 nono.
845 1805 138 51 Tertia

211 1847 111 59 pars
280 1847 125 59 patet
363 1847 83 59 ex
405 1847 125 59 eodem
488 1847 125 59 loco.
571 1847 83 59 Ex
612 1847 138 59 quibus
709 1847 166 59 sequitur
834 1847 111 59 quod
889 1847 97 59 licet

217 1895 156 57 quilibet
334 1895 117 57 viuus
412 1895 156 57 resurget
530 1895 78 57 in
569 1895 169 57 instanti:
699 1895 169 57 similiter
830 1895 65 57 &
843 1895 130 57 quilibus

197 1940 186 47 mortuus:
337 1940 109 47 non
399 1940 140 47 tamen
492 1940 140 47 omnes
585 1940 202 47 resurgent
741 1940 93 47 in
787 1940 140 47 eodem
865 1940 124 47 instan

210 1979 102 67 ti:
269 1979 117 67 quia
342 1979 146 67 mortui
444 1979 131 67 prius
517 1979 175 67 resurgent.

188 2041 113 73 â‹
234 2041 226 73 Contra
392 2041 226 73 primam
550 2041 361 73 conclusionem
821 2041 158 73 argui

206 2106 101 50 tur
263 2106 115 50 sic.
335 2106 129 50 Multi
421 2106 129 50 erant
507 2106 215 50 resuscitati
679 2106 86 50 in
723 2106 144 50 veteri
809 2106 172 50 testameto.

196 2152 109 53 nam
259 2152 155 53 Helias
367 2152 78 53 &
398 2152 186 53 Heliseus
538 2152 171 53 mortuos
662 2152 280 53 resuscitabant.
880 2152 93 53 ergo

207 2190 158 48 Christus
325 2190 92 48 non
378 2190 92 48 est
431 2190 171 48 primitiae
563 2190 211 48 dormientium.
734 2190 79 48 Si
773 2190 132 48 dicas,
866 2190 79 48 in
892 2190 79 48 nouo

206 2241 178 49 testamento
346 2241 76 49 id
384 2241 178 49 intelligi,
523 2241 127 49 insto:
612 2241 140 49 Lazarus
714 2241 101 49 erat
777 2241 203 49 resuscitatus
929 2241 51 49 in

202 2284 114 49 nouo
273 2284 199 49 testamento
429 2284 114 49 ante
500 2284 255 49 resurrectionem
713 2284 170 49 Christi.
840 2284 128 49 loan.
911 2284 57 49 xi

196 2320 130 56 Forte
282 2320 145 56 dices:
383 2320 159 56 Lazarus
499 2320 116 56 erat
571 2320 231 56 resuscitatus
759 2320 87 56 ad
803 2320 130 56 vitam
875 2320 101 56 morta

197 2363 103 59 lem:
261 2363 154 59 Christus
377 2363 116 59 autem
454 2363 77 59 ad
492 2363 244 59 immortalitatem:
698 2363 77 59 de
736 2363 103 59 quae
788 2363 193 59 resurrectione

192 2409 194 55 Apostolus
341 2409 224 55 intellexit.
520 2409 179 55 Obiicio.
655 2409 164 55 dicitur
774 2409 149 55 Matth.
864 2409 119 55 xxvii.

196 2461 123 56 quod
272 2461 169 56 Christo
395 2461 138 56 passo
487 2461 138 56 multa
579 2461 169 56 corpora
701 2461 199 56 sanctorum
839 2461 138 56 resurre

195 2506 154 59 xerunt.
307 2506 209 59 Respondetur
474 2506 84 59 ad
516 2506 126 59 illud
600 2506 168 59 Matthei.
726 2506 140 59 xxvii.
823 2506 112 59 quod
879 2506 98 59 multa

198 2547 169 50 corpora
321 2547 123 50 post
398 2547 293 50 resuscitationem
644 2547 169 50 Curisti
752 2547 231 50 resurrexerunt

193 2582 70 69 &
221 2582 168 69 exeuntia
347 2582 84 69 de
389 2582 197 69 monumentis
544 2582 168 69 venerunt
670 2582 84 69 in
712 2582 182 69 ciuitatem
839 2582 140 69 sanctam.

199 2669 99 84 â‹
239 2669 199 84 Contra
378 2669 239 84 secundam
557 2669 199 84 partem
696 2669 219 84 eiusdem
836 2669 139 84 coclu

1060 281 141 69 sionis
1159 281 212 69 argumentor.
1329 281 113 69 Iob.
1399 281 141 69 xiiii.
1498 281 170 69 dicitur.
1626 281 113 69 Homo
1697 281 99 69 cum
1739 281 99 69 dormi

1061 344 123 49 erit,
1143 344 95 49 non
1198 344 177 49 resurget,
1334 344 123 49 donec
1416 344 177 49 atteratur
1552 344 150 49 caelum,
1661 344 95 49 non
1702 344 136 49 euigila-

1068 387 101 55 bit.
1131 387 88 55 sed
1182 387 126 55 caelum
1270 387 138 55 nunquam
1370 387 176 55 atteretur.
1509 387 63 55 &
1534 387 214 55 Ecclesiastes.
1710 387 101 55 iii.
1760 387 63 55 Vnu

1063 430 184 48 interitus
1205 430 99 48 est
1261 430 156 48 hominis
1375 430 71 48 &
1403 430 213 48 iumentorum.
1573 430 156 48 iumenta
1686 430 128 48 autem
1757 430 71 48 non

1060 478 184 57 resurgent:
1204 478 105 57 ergo
1270 478 118 57 neque
1349 478 158 57 homines.
1467 478 131 57 Beatus
1559 478 184 57 Gregorius.
1704 478 118 57 iiii.
1769 478 66 57 dia

1061 521 156 48 logorum.
1178 521 104 48 cap.
1243 521 117 48 iiii.
1321 521 117 48 dicit
1399 521 104 48 quod
1463 521 195 48 loquebantur
1619 521 104 48 loco
1684 521 182 48 concionato

1050 564 119 55 rum:
1124 564 178 55 interdum
1258 564 74 55 &
1288 564 208 55 potissimum
1451 564 193 55 Salomodo,
1599 564 119 55 vice
1659 564 163 55 stultorum

1053 607 108 47 Iob
1114 607 139 47 autem
1207 607 93 47 de
1253 607 263 47 resurrectione
1470 607 201 47 naturali.
1624 607 77 47 â‹
1655 607 170 47 Secundo
1763 607 62 47 ai

1055 653 209 52 gumentor.
1216 653 113 52 Hic
1280 653 193 52 binatius
1425 653 113 52 non
1490 653 209 52 resurget:
1635 653 193 52 demonstran

1057 698 86 45 do
1100 698 172 45 materiam
1229 698 72 45 &
1257 698 143 45 formam
1358 698 158 45 hominis
1473 698 215 45 impinguati.
1645 698 115 45 immo
1716 698 100 45 per
1759 698 72 45 se-

1051 741 136 61 cundam
1146 741 231 61 conclusionem,
1336 741 95 61 non
1390 741 163 61 quilibet
1513 741 81 61 in
1553 741 108 61 tota
1621 741 190 61 quantitate
1757 741 81 61 quan

1057 785 162 51 habebit
1175 785 192 51 resurget.
1322 785 177 51 signetur
1455 785 118 51 vnum
1529 785 147 51 pedale
1632 785 177 51 materiae
1750 785 88 51 quod

1047 828 146 48 habeat
1150 828 117 48 nunc
1223 828 161 48 sortes,
1340 828 117 48 quod
1413 828 102 48 non
1472 828 190 48 resurget.
1618 828 176 48 Arguitur
1735 828 88 48 sic.

1054 872 116 51 hic
1121 872 199 51 binarius
1270 872 116 51 non
1337 872 199 51 resurget
1486 872 249 51 demostrando
1669 872 166 51 materiam

1070 916 107 63 quam
1136 916 107 63 nunc
1203 916 133 63 sortes
1296 916 120 63 habet
1376 916 67 63 /
1403 916 67 63 &
1429 916 133 63 animam
1523 916 120 63 eius.
1603 916 93 63 hic
1656 916 160 63 binarius
1762 916 67 63 est

1059 965 127 47 sortes
1148 965 63 47 /
1173 965 76 47 ex
1211 965 177 47 quaestione
1351 965 203 47 praecedente:
1515 965 101 47 ergo
1579 965 127 47 sortes
1667 965 89 47 non
1705 965 127 47 resurget

1063 1009 74 50 â‹
1093 1009 164 50 Insuper
1212 1009 104 50 vel
1271 1009 149 50 aliqua
1376 1009 119 50 pars
1450 1009 179 50 materiae
1584 1009 193 50 resurget:
1733 1009 74 50 &
1748 1009 74 50 non

1051 1051 129 49 alia:
1136 1051 71 49 &
1165 1051 157 49 assigna
1279 1051 172 49 rationem
1408 1051 157 49 illius.
1522 1051 143 49 Dicis.
1623 1051 114 49 pars
1694 1051 143 49 purior
1780 1051 57 49 vt

1047 1094 165 52 humidum
1167 1094 180 52 radicale
1303 1094 105 52 cum
1363 1094 150 52 humidi
1468 1094 165 52 cibalis
1588 1094 135 52 parte
1664 1094 165 52 resurget:

1059 1137 66 56 &
1085 1137 106 56 alia
1151 1137 106 56 pars
1217 1137 159 56 impurior
1336 1137 92 56 non
1389 1137 172 56 resurget.
1521 1137 66 56 &
1548 1137 79 56 si
1587 1137 198 56 contingeret
1733 1137 92 56 omnes

1057 1186 144 51 partes
1157 1186 115 51 esse
1229 1186 129 51 aeque
1315 1186 129 51 puras
1401 1186 115 51 (uod
1473 1186 101 51 non
1530 1186 201 51 contingit)
1688 1186 115 51 illa
1746 1186 86 51 por-

1051 1233 101 46 tio
1108 1233 116 46 quam
1181 1233 116 46 deus
1253 1233 145 46 capiet
1354 1233 116 46 quae
1426 1233 173 46 sufficit
1556 1233 202 46 quantitati
1701 1233 130 46 humanae

1044 1275 191 55 resurget.
1191 1275 147 55 Contra
1294 1275 103 55 hoc
1353 1275 147 55 arguo.
1455 1275 88 55 ex
1499 1275 117 55 illo
1573 1275 176 55 sequitur
1705 1275 117 55 quod
1764 1275 73 55 cor

1060 1319 111 51 pora
1129 1319 180 51 brutorum,
1268 1319 166 51 piscium,
1393 1319 69 51 &
1420 1319 222 51 crocodilorum
1600 1319 194 51 resurgent,
1739 1319 83 51 quod

1045 1370 103 43 non
1104 1370 103 43 est
1163 1370 177 43 dicendum
1295 1370 191 43 probatur:
1443 1370 118 43 quia
1516 1370 191 43 contingit
1663 1370 132 43 bruta
1737 1370 88 43 illa

1056 1407 192 55 comedisse
1204 1407 162 55 homines
1322 1407 89 55 in
1366 1407 148 55 quorum
1470 1407 162 55 naturam
1588 1407 148 55 purior
1691 1407 118 55 pars
1750 1407 74 55 con

1052 1452 167 44 uertitur.
1180 1452 167 44 Alimentum
1309 1452 103 44 enim
1373 1452 192 44 convertitur
1527 1452 77 44 in
1565 1452 128 44 natura
1655 1452 128 44 aliti.
1732 1452 90 44 primo

1046 1494 84 54 de
1088 1494 225 54 generatione.
1271 1494 70 54 &
1299 1494 112 54 tunc
1369 1494 112 54 sic.
1440 1494 98 54 hoc
1496 1494 183 54 resurget,
1622 1494 197 54 demonstrando

1043 1536 128 53 illas
1128 1536 156 53 partes:
1241 1536 99 53 hoc
1298 1536 99 53 est
1355 1536 99 53 vel
1411 1536 113 53 erit
1482 1536 142 53 corpus
1581 1536 170 53 brutorum
1709 1536 99 53 vel
1751 1536 71 53 bru

1043 1582 109 53 ti:
1106 1582 125 53 ergo
1184 1582 156 53 corpus
1293 1582 140 53 bruti
1386 1582 187 53 resurget
1526 1582 109 53 vel
1588 1582 171 53 corpora
1697 1582 125 53 bruto-

1054 1627 101 47 rum
1111 1627 202 47 resurgent.
1270 1627 72 47 &
1299 1627 101 47 sic
1357 1627 159 47 corpora
1472 1627 231 47 crocodilorum
1646 1627 173 47 resurgent.

1058 1673 66 53 â‹
1084 1673 79 53 Ad
1123 1673 131 53 primum
1215 1673 131 53 potest
1307 1673 105 53 homo
1373 1673 171 53 concedere
1504 1673 184 53 praemissas
1648 1673 131 53 illius
1727 1673 105 53 syllo-

1049 1716 156 58 gismi,
1159 1716 78 58 &
1190 1716 250 58 conclusionem
1393 1716 156 58 logice
1503 1716 78 58 &
1534 1716 234 58 metaphysice
1706 1716 125 58 loquem

1049 1768 83 48 do
1091 1768 111 48 quod
1160 1768 111 48 iste
1229 1768 111 48 homo
1298 1768 97 48 non
1354 1768 166 48 resurget
1478 1768 69 48 &
1506 1768 138 48 sortes
1603 1768 97 48 non
1658 1768 180 48 resurget:
1782 1768 42 48 &

1040 1807 101 48 cum
1097 1807 101 48 hoc
1155 1807 115 48 stat
1227 1807 115 48 quod
1299 1807 144 48 sortes
1400 1807 187 48 resurget,
1543 1807 101 48 nec
1601 1807 130 48 istae
1673 1807 144 48 contradi

1045 1850 138 45 cunt.
1137 1850 108 45 cum
1198 1850 185 45 (sortes)
1337 1850 123 45 haec
1414 1850 200 45 supposita
1568 1850 169 45 aequoce
1675 1850 154 45 signifi-

1049 1897 105 54 cet:
1115 1897 66 54 &
1141 1897 92 54 sic
1194 1897 92 54 per
1246 1897 158 54 aduentum
1365 1897 119 54 nouae
1444 1897 198 54 quantitatis
1602 1897 66 54 &
1615 1897 198 54 deperditionem

1045 1939 168 53 antiquae
1171 1939 224 53 aequocabitur
1353 1939 140 53 sortes
1452 1939 84 53 in
1494 1939 238 53 significando:
1690 1939 98 53 cum
1732 1939 84 53 haec

1052 1982 98 52 vox
1108 1982 209 52 mediantibus
1275 1982 167 52 diuersis
1401 1982 209 52 conceptibus
1568 1982 181 52 totalibus
1707 1982 98 52 non
1749 1982 70 52 syn

1044 2025 147 48 onymis
1147 2025 117 48 hanc
1220 2025 103 48 rem
1279 2025 103 48 vel
1338 2025 103 48 res
1396 2025 117 48 sibi
1470 2025 220 48 succedentes
1631 2025 191 48 significet.

1045 2070 141 54 Numquam
1148 2070 103 54 enim
1212 2070 103 54 pars
1276 2070 128 54 totius
1366 2070 103 54 erit
1430 2070 128 54 totum:
1519 2070 90 54 aut
1571 2070 179 54 econverso:
1711 2070 90 54 nec
1750 2070 64 54 ali

1052 2118 96 53 qua
1107 2118 246 53 identificantur
1312 2118 205 53 metaphysice
1477 2118 164 53 loquendo
1600 2118 110 53 quae
1668 2118 96 53 non
1709 2118 110 53 habent

1039 2165 186 55 adaequate
1182 2165 143 55 easdem
1282 2165 158 55 partes.
1397 2165 143 55 loquor
1498 2165 86 55 in
1541 2165 186 55 extensis.
1684 2165 72 55 â‹
1713 2165 86 55 Si
1741 2165 72 55 di-

1037 2209 103 46 cas.
1101 2209 77 46 ex
1140 2209 103 46 isto
1204 2209 154 46 sequitur
1319 2209 103 46 quod
1384 2209 141 46 iuuenis
1486 2209 90 46 num
1538 2209 103 46 quam
1602 2209 128 46 posset
1679 2209 141 46 senescere

1035 2251 104 42 nec
1095 2251 148 42 vnquam
1198 2251 104 42 ego
1258 2251 148 42 fuerim
1362 2251 89 42 in
1406 2251 134 42 vtero
1495 2251 163 42 matemo:
1614 2251 74 42 &
1644 2251 104 42 cum
1688 2251 104 42 nunem

1036 2293 139 46 fuerim
1133 2293 83 46 in
1175 2293 125 46 vtero
1258 2293 166 46 alterius
1383 2293 166 46 mulieris
1508 2293 166 46 sequitur
1633 2293 111 46 quod
1702 2293 83 46 in
1730 2293 83 46 nul-

1042 2335 120 53 lius
1117 2335 180 53 mulieris
1252 2335 135 53 vtero
1342 2335 150 53 vnquam
1447 2335 165 53 fuerim.
1567 2335 135 53 Fodem
1657 2335 120 53 modo
1717 2335 90 53 haec

1040 2386 114 49 erit
1111 2386 157 49 neganda
1225 2386 71 49 /
1254 2386 100 49 ego
1311 2386 100 49 fui
1368 2386 171 49 iuuenis.
1496 2386 171 49 Vlterius
1625 2386 157 49 redibit
1724 2386 86 49 post

1043 2425 92 60 tio
1095 2425 171 60 Heracliti
1227 2425 105 60 quod
1292 2425 92 60 non
1345 2425 171 60 contingit
1476 2425 131 60 eundem
1568 2425 118 60 equum
1647 2425 92 60 bis
1686 2425 118 60 intrare

1040 2471 152 47 flumen:
1151 2471 111 47 quia
1220 2471 139 47 semper
1317 2471 125 47 erunt
1400 2471 125 47 aliae
1483 2471 152 47 partes.
1594 2471 139 47 Rursus
1691 2471 97 47 hoc
1733 2471 83 47 erit

1038 2519 142 47 totus
1133 2519 174 47 sortes,
1260 2519 253 47 demonstrando
1466 2519 142 47 totum
1561 2519 174 47 sortem,
1671 2519 127 47 dempto

1034 2561 113 51 eius
1105 2561 142 51 digito
1204 2561 113 51 quem
1274 2561 113 51 volo
1345 2561 184 51 amputari.
1487 2561 99 51 hoc
1543 2561 99 51 est
1600 2561 99 51 vel
1656 2561 113 51 erit
1713 2561 85 51 pars

1032 2605 163 47 sortis:
1151 2605 119 47 ergo
1225 2605 119 47 pars
1300 2605 149 47 sortis
1404 2605 119 47 erit
1478 2605 134 47 totus
1567 2605 163 47 sortes.
1686 2605 89 47 Ad
1716 2605 89 47 pri-

1043 2651 92 63 mum
1095 2651 105 63 nego
1161 2651 171 63 sequalam.
1292 2651 92 63 nam
1345 2651 105 63 deus
1410 2651 131 63 potest
1502 2651 131 63 capere
1594 2651 144 63 iuuenem
1699 2651 92 63 qui
1738 2651 66 63 diu

1050 2695 133 63 viuet,
1143 2695 120 63 nihil
1223 2695 186 63 acquirendo
1369 2695 80 63 de
1409 2695 120 63 nouo,
1489 2695 93 63 nec
1542 2695 173 63 perdendo.
1675 2695 80 63 si
1702 2695 93 63 loqua
