<?xml version="1.0" encoding="UTF-8"?>
<alto xmlns:xsi="http://www.w3.org/2001/XMLSchema-instance"
      xmlns="http://www.loc.gov/standards/alto/ns-v2#"
      xmlns:page="http://schema.primaresearch.org/PAGE/gts/pagecontent/2013-07-15"
      xsi:schemaLocation="http://www.loc.gov/standards/alto/ns-v2# http://www.loc.gov/standards/alto/alto.xsd">
   <Description>
      <MeasurementUnit>pixel</MeasurementUnit>
      <OCRProcessing ID="IdOcr">
         <ocrProcessingStep>
            <processingDateTime>2020-06-19T10:10:44.892-04:00</processingDateTime>
            <processingSoftware>
               <softwareCreator>READ COOP</softwareCreator>
               <softwareName>Transkribus</softwareName>
            </processingSoftware>
         </ocrProcessingStep>
      </OCRProcessing>
   </Description>
   <Tags/>
   <Layout>
      <Page ID="Page1" PHYSICAL_IMG_NR="1" HEIGHT="3307" WIDTH="2291">
         <TopMargin HEIGHT="0" WIDTH="2291" VPOS="0" HPOS="0"/>
         <LeftMargin HEIGHT="3307" WIDTH="0" VPOS="0" HPOS="0"/>
         <RightMargin HEIGHT="3307" WIDTH="0" VPOS="0" HPOS="2291"/>
         <BottomMargin HEIGHT="0" WIDTH="2291" VPOS="3307" HPOS="0"/>
         <PrintSpace HEIGHT="3307" WIDTH="2291" VPOS="0" HPOS="0">
            <TextBlock ID="TextRegion_1592253307248_2177"
                       HEIGHT="2526"
                       WIDTH="815"
                       VPOS="243"
                       HPOS="408">
               <Shape>
                  <Polygon POINTS="408,243 1223,243 1223,2769 408,2769"/>
               </Shape>
               <TextLine ID="r1l3"
                         BASELINE="380"
                         HEIGHT="61"
                         WIDTH="753"
                         VPOS="319"
                         HPOS="403">
                  <String HEIGHT="61" WIDTH="96" VPOS="319" HPOS="389" CONTENT="tem"/>
                  <SP HEIGHT="61" WIDTH="14" VPOS="319" HPOS="485"/>
                  <String HEIGHT="61"
                          WIDTH="137"
                          VPOS="319"
                          HPOS="444"
                          CONTENT="angeli"/>
                  <SP HEIGHT="61" WIDTH="14" VPOS="319" HPOS="581"/>
                  <String HEIGHT="61"
                          WIDTH="164"
                          VPOS="319"
                          HPOS="540"
                          CONTENT="nequeant"/>
                  <SP HEIGHT="61" WIDTH="14" VPOS="319" HPOS="704"/>
                  <String HEIGHT="61"
                          WIDTH="123"
                          VPOS="319"
                          HPOS="663"
                          CONTENT="omnia"/>
                  <SP HEIGHT="61" WIDTH="14" VPOS="319" HPOS="786"/>
                  <String HEIGHT="61"
                          WIDTH="151"
                          VPOS="319"
                          HPOS="745"
                          CONTENT="corpora"/>
                  <SP HEIGHT="61" WIDTH="14" VPOS="319" HPOS="896"/>
                  <String HEIGHT="61"
                          WIDTH="164"
                          VPOS="319"
                          HPOS="855"
                          CONTENT="inuenire"/>
                  <SP HEIGHT="61" WIDTH="14" VPOS="319" HPOS="1019"/>
                  <String HEIGHT="61"
                          WIDTH="110"
                          VPOS="319"
                          HPOS="978"
                          CONTENT="sibi"/>
                  <SP HEIGHT="61" WIDTH="14" VPOS="319" HPOS="1088"/>
                  <String HEIGHT="61"
                          WIDTH="123"
                          VPOS="319"
                          HPOS="1033"
                          CONTENT="relicta"/>
               </TextLine>
               <TextLine ID="r1l5"
                         BASELINE="426"
                         HEIGHT="58"
                         WIDTH="742"
                         VPOS="368"
                         HPOS="420">
                  <String HEIGHT="58" WIDTH="101" VPOS="368" HPOS="403" CONTENT="vt"/>
                  <SP HEIGHT="58" WIDTH="17" VPOS="368" HPOS="504"/>
                  <String HEIGHT="58"
                          WIDTH="186"
                          VPOS="368"
                          HPOS="454"
                          CONTENT="corpora"/>
                  <SP HEIGHT="58" WIDTH="17" VPOS="368" HPOS="639"/>
                  <String HEIGHT="58"
                          WIDTH="186"
                          VPOS="368"
                          HPOS="589"
                          CONTENT="loannis"/>
                  <SP HEIGHT="58" WIDTH="17" VPOS="368" HPOS="774"/>
                  <String HEIGHT="58" WIDTH="118" VPOS="368" HPOS="724" CONTENT="Hus"/>
                  <SP HEIGHT="58" WIDTH="17" VPOS="368" HPOS="842"/>
                  <String HEIGHT="58" WIDTH="84" VPOS="368" HPOS="791" CONTENT="&amp;"/>
                  <SP HEIGHT="58" WIDTH="17" VPOS="368" HPOS="875"/>
                  <String HEIGHT="58"
                          WIDTH="219"
                          VPOS="368"
                          HPOS="825"
                          CONTENT="Hieronymi"/>
                  <SP HEIGHT="58" WIDTH="17" VPOS="368" HPOS="1044"/>
                  <String HEIGHT="58"
                          WIDTH="186"
                          VPOS="368"
                          HPOS="977"
                          CONTENT="Pragensis"/>
               </TextLine>
               <TextLine ID="r1l7"
                         BASELINE="475"
                         HEIGHT="62"
                         WIDTH="766"
                         VPOS="413"
                         HPOS="404">
                  <String HEIGHT="62" WIDTH="74" VPOS="413" HPOS="389" CONTENT="&amp;"/>
                  <SP HEIGHT="62" WIDTH="15" VPOS="413" HPOS="463"/>
                  <String HEIGHT="62"
                          WIDTH="162"
                          VPOS="413"
                          HPOS="419"
                          CONTENT="aliorum"/>
                  <SP HEIGHT="62" WIDTH="15" VPOS="413" HPOS="581"/>
                  <String HEIGHT="62"
                          WIDTH="206"
                          VPOS="413"
                          HPOS="537"
                          CONTENT="crematorum"/>
                  <SP HEIGHT="62" WIDTH="15" VPOS="413" HPOS="743"/>
                  <String HEIGHT="62" WIDTH="88" VPOS="413" HPOS="699" CONTENT="in"/>
                  <SP HEIGHT="62" WIDTH="15" VPOS="413" HPOS="787"/>
                  <String HEIGHT="62"
                          WIDTH="118"
                          VPOS="413"
                          HPOS="743"
                          CONTENT="aqua"/>
                  <SP HEIGHT="62" WIDTH="15" VPOS="413" HPOS="861"/>
                  <String HEIGHT="62"
                          WIDTH="236"
                          VPOS="413"
                          HPOS="816"
                          CONTENT="dispersorum,"/>
                  <SP HEIGHT="62" WIDTH="15" VPOS="413" HPOS="1052"/>
                  <String HEIGHT="62"
                          WIDTH="103"
                          VPOS="413"
                          HPOS="1008"
                          CONTENT="deo"/>
                  <SP HEIGHT="62" WIDTH="15" VPOS="413" HPOS="1111"/>
                  <String HEIGHT="62"
                          WIDTH="133"
                          VPOS="413"
                          HPOS="1067"
                          CONTENT="adiu-"/>
                  <SP HEIGHT="62" WIDTH="15" VPOS="413" HPOS="1199"/>
                  <String HEIGHT="62" WIDTH="29" VPOS="413" HPOS="1141" CONTENT=""/>
               </TextLine>
               <TextLine ID="r1l9"
                         BASELINE="512"
                         HEIGHT="48"
                         WIDTH="748"
                         VPOS="464"
                         HPOS="410">
                  <String HEIGHT="48"
                          WIDTH="125"
                          VPOS="464"
                          HPOS="396"
                          CONTENT="uante"/>
                  <SP HEIGHT="48" WIDTH="14" VPOS="464" HPOS="521"/>
                  <String HEIGHT="48"
                          WIDTH="180"
                          VPOS="464"
                          HPOS="479"
                          CONTENT="colligent"/>
                  <SP HEIGHT="48" WIDTH="14" VPOS="464" HPOS="659"/>
                  <String HEIGHT="48"
                          WIDTH="125"
                          VPOS="464"
                          HPOS="618"
                          CONTENT="illas"/>
                  <SP HEIGHT="48" WIDTH="14" VPOS="464" HPOS="742"/>
                  <String HEIGHT="48"
                          WIDTH="139"
                          VPOS="464"
                          HPOS="701"
                          CONTENT="partes"/>
                  <SP HEIGHT="48" WIDTH="14" VPOS="464" HPOS="839"/>
                  <String HEIGHT="48"
                          WIDTH="180"
                          VPOS="464"
                          HPOS="798"
                          CONTENT="vbicumque"/>
                  <SP HEIGHT="48" WIDTH="14" VPOS="464" HPOS="978"/>
                  <String HEIGHT="48"
                          WIDTH="166"
                          VPOS="464"
                          HPOS="936"
                          CONTENT="fuerint."/>
                  <SP HEIGHT="48" WIDTH="14" VPOS="464" HPOS="1103"/>
                  <String HEIGHT="48"
                          WIDTH="111"
                          VPOS="464"
                          HPOS="1047"
                          CONTENT="rursus"/>
               </TextLine>
               <TextLine ID="r1l11"
                         BASELINE="558"
                         HEIGHT="61"
                         WIDTH="756"
                         VPOS="497"
                         HPOS="413">
                  <String HEIGHT="61"
                          WIDTH="182"
                          VPOS="497"
                          HPOS="399"
                          CONTENT="collectis"/>
                  <SP HEIGHT="61" WIDTH="14" VPOS="497" HPOS="581"/>
                  <String HEIGHT="61"
                          WIDTH="196"
                          VPOS="497"
                          HPOS="539"
                          CONTENT="corporibus"/>
                  <SP HEIGHT="61" WIDTH="14" VPOS="497" HPOS="735"/>
                  <String HEIGHT="61"
                          WIDTH="112"
                          VPOS="497"
                          HPOS="693"
                          CONTENT="deus"/>
                  <SP HEIGHT="61" WIDTH="14" VPOS="497" HPOS="805"/>
                  <String HEIGHT="61"
                          WIDTH="140"
                          VPOS="497"
                          HPOS="763"
                          CONTENT="faciet"/>
                  <SP HEIGHT="61" WIDTH="14" VPOS="497" HPOS="903"/>
                  <String HEIGHT="61"
                          WIDTH="252"
                          VPOS="497"
                          HPOS="861"
                          CONTENT="dispositionem:"/>
                  <SP HEIGHT="61" WIDTH="14" VPOS="497" HPOS="1113"/>
                  <String HEIGHT="61" WIDTH="70" VPOS="497" HPOS="1071" CONTENT="&amp;"/>
                  <SP HEIGHT="61" WIDTH="14" VPOS="497" HPOS="1141"/>
                  <String HEIGHT="61"
                          WIDTH="84"
                          VPOS="497"
                          HPOS="1085"
                          CONTENT="illa"/>
               </TextLine>
               <TextLine ID="r1l13"
                         BASELINE="603"
                         HEIGHT="51"
                         WIDTH="749"
                         VPOS="552"
                         HPOS="416">
                  <String HEIGHT="51"
                          WIDTH="204"
                          VPOS="552"
                          HPOS="402"
                          CONTENT="viuificabit"/>
                  <SP HEIGHT="51" WIDTH="14" VPOS="552" HPOS="607"/>
                  <String HEIGHT="51"
                          WIDTH="123"
                          VPOS="552"
                          HPOS="566"
                          CONTENT="anima"/>
                  <SP HEIGHT="51" WIDTH="14" VPOS="552" HPOS="688"/>
                  <String HEIGHT="51"
                          WIDTH="232"
                          VPOS="552"
                          HPOS="648"
                          CONTENT="intellectiua,"/>
                  <SP HEIGHT="51" WIDTH="14" VPOS="552" HPOS="879"/>
                  <String HEIGHT="51"
                          WIDTH="204"
                          VPOS="552"
                          HPOS="838"
                          CONTENT="corrumpendo"/>
                  <SP HEIGHT="51" WIDTH="14" VPOS="552" HPOS="1042"/>
                  <String HEIGHT="51"
                          WIDTH="136"
                          VPOS="552"
                          HPOS="1002"
                          CONTENT="formas"/>
                  <SP HEIGHT="51" WIDTH="14" VPOS="552" HPOS="1138"/>
                  <String HEIGHT="51"
                          WIDTH="82"
                          VPOS="552"
                          HPOS="1083"
                          CONTENT="prio"/>
               </TextLine>
               <TextLine ID="r1l15"
                         BASELINE="648"
                         HEIGHT="61"
                         WIDTH="763"
                         VPOS="587"
                         HPOS="409">
                  <String HEIGHT="61"
                          WIDTH="120"
                          VPOS="587"
                          HPOS="394"
                          CONTENT="res."/>
                  <SP HEIGHT="61" WIDTH="15" VPOS="587" HPOS="514"/>
                  <String HEIGHT="61" WIDTH="105" VPOS="587" HPOS="469" CONTENT="Nec"/>
                  <SP HEIGHT="61" WIDTH="15" VPOS="587" HPOS="574"/>
                  <String HEIGHT="61" WIDTH="105" VPOS="587" HPOS="529" CONTENT="est"/>
                  <SP HEIGHT="61" WIDTH="15" VPOS="587" HPOS="633"/>
                  <String HEIGHT="61"
                          WIDTH="194"
                          VPOS="587"
                          HPOS="589"
                          CONTENT="certandum"/>
                  <SP HEIGHT="61" WIDTH="15" VPOS="587" HPOS="783"/>
                  <String HEIGHT="61" WIDTH="90" VPOS="587" HPOS="738" CONTENT="an"/>
                  <SP HEIGHT="61" WIDTH="15" VPOS="587" HPOS="828"/>
                  <String HEIGHT="61" WIDTH="105" VPOS="587" HPOS="783" CONTENT="cor"/>
                  <SP HEIGHT="61" WIDTH="15" VPOS="587" HPOS="888"/>
                  <String HEIGHT="61" WIDTH="105" VPOS="587" HPOS="843" CONTENT="sit"/>
                  <SP HEIGHT="61" WIDTH="15" VPOS="587" HPOS="948"/>
                  <String HEIGHT="61"
                          WIDTH="239"
                          VPOS="587"
                          HPOS="903"
                          CONTENT="principalior"/>
                  <SP HEIGHT="61" WIDTH="15" VPOS="587" HPOS="1142"/>
                  <String HEIGHT="61"
                          WIDTH="90"
                          VPOS="587"
                          HPOS="1082"
                          CONTENT="pars"/>
               </TextLine>
               <TextLine ID="r1l17"
                         BASELINE="699"
                         HEIGHT="63"
                         WIDTH="745"
                         VPOS="636"
                         HPOS="415">
                  <String HEIGHT="63" WIDTH="73" VPOS="636" HPOS="400" CONTENT="&amp;"/>
                  <SP HEIGHT="63" WIDTH="15" VPOS="636" HPOS="473"/>
                  <String HEIGHT="63" WIDTH="88" VPOS="636" HPOS="430" CONTENT="ab"/>
                  <SP HEIGHT="63" WIDTH="15" VPOS="636" HPOS="517"/>
                  <String HEIGHT="63" WIDTH="88" VPOS="636" HPOS="473" CONTENT="eo"/>
                  <SP HEIGHT="63" WIDTH="15" VPOS="636" HPOS="561"/>
                  <String HEIGHT="63"
                          WIDTH="190"
                          VPOS="636"
                          HPOS="517"
                          CONTENT="incipiat,"/>
                  <SP HEIGHT="63" WIDTH="15" VPOS="636" HPOS="707"/>
                  <String HEIGHT="63" WIDTH="88" VPOS="636" HPOS="663" CONTENT="an"/>
                  <SP HEIGHT="63" WIDTH="15" VPOS="636" HPOS="751"/>
                  <String HEIGHT="63"
                          WIDTH="146"
                          VPOS="636"
                          HPOS="707"
                          CONTENT="caput."/>
                  <SP HEIGHT="63" WIDTH="15" VPOS="636" HPOS="853"/>
                  <String HEIGHT="63" WIDTH="102" VPOS="636" HPOS="809" CONTENT="Hic"/>
                  <SP HEIGHT="63" WIDTH="15" VPOS="636" HPOS="912"/>
                  <String HEIGHT="63"
                          WIDTH="117"
                          VPOS="636"
                          HPOS="868"
                          CONTENT="enim"/>
                  <SP HEIGHT="63" WIDTH="15" VPOS="636" HPOS="985"/>
                  <String HEIGHT="63" WIDTH="102" VPOS="636" HPOS="941" CONTENT="non"/>
                  <SP HEIGHT="63" WIDTH="15" VPOS="636" HPOS="1043"/>
                  <String HEIGHT="63"
                          WIDTH="161"
                          VPOS="636"
                          HPOS="999"
                          CONTENT="oportet"/>
                  <SP HEIGHT="63" WIDTH="15" VPOS="636" HPOS="1160"/>
                  <String HEIGHT="63" WIDTH="58" VPOS="636" HPOS="1102" CONTENT="da"/>
               </TextLine>
               <TextLine ID="r1l19"
                         BASELINE="738"
                         HEIGHT="64"
                         WIDTH="758"
                         VPOS="674"
                         HPOS="413">
                  <String HEIGHT="64" WIDTH="66" VPOS="674" HPOS="402" CONTENT="re"/>
                  <SP HEIGHT="64" WIDTH="11" VPOS="674" HPOS="468"/>
                  <String HEIGHT="64"
                          WIDTH="165"
                          VPOS="674"
                          HPOS="435"
                          CONTENT="prioritatem"/>
                  <SP HEIGHT="64" WIDTH="11" VPOS="674" HPOS="600"/>
                  <String HEIGHT="64"
                          WIDTH="143"
                          VPOS="674"
                          HPOS="567"
                          CONTENT="temporis:"/>
                  <SP HEIGHT="64" WIDTH="11" VPOS="674" HPOS="710"/>
                  <String HEIGHT="64" WIDTH="77" VPOS="674" HPOS="677" CONTENT="sed"/>
                  <SP HEIGHT="64" WIDTH="11" VPOS="674" HPOS="754"/>
                  <String HEIGHT="64"
                          WIDTH="110"
                          VPOS="674"
                          HPOS="721"
                          CONTENT="potest"/>
                  <SP HEIGHT="64" WIDTH="11" VPOS="674" HPOS="830"/>
                  <String HEIGHT="64" WIDTH="88" VPOS="674" HPOS="797" CONTENT="esse"/>
                  <SP HEIGHT="64" WIDTH="11" VPOS="674" HPOS="885"/>
                  <String HEIGHT="64" WIDTH="66" VPOS="674" HPOS="852" CONTENT="in"/>
                  <SP HEIGHT="64" WIDTH="11" VPOS="674" HPOS="918"/>
                  <String HEIGHT="64"
                          WIDTH="143"
                          VPOS="674"
                          HPOS="885"
                          CONTENT="instanti:"/>
                  <SP HEIGHT="64" WIDTH="11" VPOS="674" HPOS="1028"/>
                  <String HEIGHT="64" WIDTH="77" VPOS="674" HPOS="995" CONTENT="sic"/>
                  <SP HEIGHT="64" WIDTH="11" VPOS="674" HPOS="1072"/>
                  <String HEIGHT="64"
                          WIDTH="88"
                          VPOS="674"
                          HPOS="1039"
                          CONTENT="quod"/>
                  <SP HEIGHT="64" WIDTH="11" VPOS="674" HPOS="1127"/>
                  <String HEIGHT="64"
                          WIDTH="88"
                          VPOS="674"
                          HPOS="1083"
                          CONTENT="primum"/>
               </TextLine>
               <TextLine ID="r1l21"
                         BASELINE="777"
                         HEIGHT="55"
                         WIDTH="749"
                         VPOS="722"
                         HPOS="417">
                  <String HEIGHT="55"
                          WIDTH="175"
                          VPOS="722"
                          HPOS="401"
                          CONTENT="instans"/>
                  <SP HEIGHT="55" WIDTH="16" VPOS="722" HPOS="576"/>
                  <String HEIGHT="55"
                          WIDTH="271"
                          VPOS="722"
                          HPOS="529"
                          CONTENT="informationis"/>
                  <SP HEIGHT="55" WIDTH="16" VPOS="722" HPOS="799"/>
                  <String HEIGHT="55"
                          WIDTH="159"
                          VPOS="722"
                          HPOS="752"
                          CONTENT="animae"/>
                  <SP HEIGHT="55" WIDTH="16" VPOS="722" HPOS="911"/>
                  <String HEIGHT="55"
                          WIDTH="127"
                          VPOS="722"
                          HPOS="863"
                          CONTENT="erit"/>
                  <SP HEIGHT="55" WIDTH="16" VPOS="722" HPOS="991"/>
                  <String HEIGHT="55"
                          WIDTH="143"
                          VPOS="722"
                          HPOS="943"
                          CONTENT="primu"/>
                  <SP HEIGHT="55" WIDTH="16" VPOS="722" HPOS="1086"/>
                  <String HEIGHT="55"
                          WIDTH="143"
                          VPOS="722"
                          HPOS="1023"
                          CONTENT="instans"/>
               </TextLine>
               <TextLine ID="r1l23"
                         BASELINE="823"
                         HEIGHT="61"
                         WIDTH="763"
                         VPOS="762"
                         HPOS="405">
                  <String HEIGHT="61" WIDTH="99" VPOS="762" HPOS="391" CONTENT="non"/>
                  <SP HEIGHT="61" WIDTH="14" VPOS="762" HPOS="490"/>
                  <String HEIGHT="61"
                          WIDTH="113"
                          VPOS="762"
                          HPOS="447"
                          CONTENT="esse"/>
                  <SP HEIGHT="61" WIDTH="14" VPOS="762" HPOS="560"/>
                  <String HEIGHT="61"
                          WIDTH="141"
                          VPOS="762"
                          HPOS="518"
                          CONTENT="formae"/>
                  <SP HEIGHT="61" WIDTH="14" VPOS="762" HPOS="659"/>
                  <String HEIGHT="61"
                          WIDTH="240"
                          VPOS="762"
                          HPOS="617"
                          CONTENT="praecedentis."/>
                  <SP HEIGHT="61" WIDTH="14" VPOS="762" HPOS="857"/>
                  <String HEIGHT="61" WIDTH="85" VPOS="762" HPOS="815" CONTENT="Et"/>
                  <SP HEIGHT="61" WIDTH="14" VPOS="762" HPOS="900"/>
                  <String HEIGHT="61"
                          WIDTH="127"
                          VPOS="762"
                          HPOS="857"
                          CONTENT="demus"/>
                  <SP HEIGHT="61" WIDTH="14" VPOS="762" HPOS="984"/>
                  <String HEIGHT="61"
                          WIDTH="113"
                          VPOS="762"
                          HPOS="942"
                          CONTENT="quod"/>
                  <SP HEIGHT="61" WIDTH="14" VPOS="762" HPOS="1055"/>
                  <String HEIGHT="61"
                          WIDTH="155"
                          VPOS="762"
                          HPOS="1013"
                          CONTENT="materia"/>
                  <SP HEIGHT="61" WIDTH="14" VPOS="762" HPOS="1168"/>
                  <String HEIGHT="61" WIDTH="57" VPOS="762" HPOS="1111" CONTENT="ho"/>
               </TextLine>
               <TextLine ID="r1l25"
                         BASELINE="874"
                         HEIGHT="61"
                         WIDTH="739"
                         VPOS="813"
                         HPOS="418">
                  <String HEIGHT="61"
                          WIDTH="113"
                          VPOS="813"
                          HPOS="405"
                          CONTENT="minis"/>
                  <SP HEIGHT="61" WIDTH="13" VPOS="813" HPOS="518"/>
                  <String HEIGHT="61"
                          WIDTH="100"
                          VPOS="813"
                          HPOS="481"
                          CONTENT="erit"/>
                  <SP HEIGHT="61" WIDTH="13" VPOS="813" HPOS="581"/>
                  <String HEIGHT="61"
                          WIDTH="138"
                          VPOS="813"
                          HPOS="543"
                          CONTENT="densior"/>
                  <SP HEIGHT="61" WIDTH="13" VPOS="813" HPOS="681"/>
                  <String HEIGHT="61" WIDTH="88" VPOS="813" HPOS="643" CONTENT="qui"/>
                  <SP HEIGHT="61" WIDTH="13" VPOS="813" HPOS="731"/>
                  <String HEIGHT="61"
                          WIDTH="138"
                          VPOS="813"
                          HPOS="694"
                          CONTENT="materia"/>
                  <SP HEIGHT="61" WIDTH="13" VPOS="813" HPOS="831"/>
                  <String HEIGHT="61"
                          WIDTH="175"
                          VPOS="813"
                          HPOS="794"
                          CONTENT="praeiacens"/>
                  <SP HEIGHT="61" WIDTH="13" VPOS="813" HPOS="969"/>
                  <String HEIGHT="61"
                          WIDTH="138"
                          VPOS="813"
                          HPOS="932"
                          CONTENT="fuerit,"/>
                  <SP HEIGHT="61" WIDTH="13" VPOS="813" HPOS="1069"/>
                  <String HEIGHT="61"
                          WIDTH="100"
                          VPOS="813"
                          HPOS="1032"
                          CONTENT="nego"/>
                  <SP HEIGHT="61" WIDTH="13" VPOS="813" HPOS="1132"/>
                  <String HEIGHT="61"
                          WIDTH="75"
                          VPOS="813"
                          HPOS="1082"
                          CONTENT="quoi"/>
               </TextLine>
               <TextLine ID="r1l27"
                         BASELINE="914"
                         HEIGHT="50"
                         WIDTH="745"
                         VPOS="864"
                         HPOS="426">
                  <String HEIGHT="50"
                          WIDTH="141"
                          VPOS="864"
                          HPOS="412"
                          CONTENT="vacuum"/>
                  <SP HEIGHT="50" WIDTH="14" VPOS="864" HPOS="553"/>
                  <String HEIGHT="50"
                          WIDTH="183"
                          VPOS="864"
                          HPOS="510"
                          CONTENT="propterea"/>
                  <SP HEIGHT="50" WIDTH="14" VPOS="864" HPOS="693"/>
                  <String HEIGHT="50" WIDTH="98" VPOS="864" HPOS="651" CONTENT="sit"/>
                  <SP HEIGHT="50" WIDTH="14" VPOS="864" HPOS="749"/>
                  <String HEIGHT="50"
                          WIDTH="225"
                          VPOS="864"
                          HPOS="707"
                          CONTENT="naturaliter."/>
                  <SP HEIGHT="50" WIDTH="14" VPOS="864" HPOS="932"/>
                  <String HEIGHT="50" WIDTH="98" VPOS="864" HPOS="890" CONTENT="nam"/>
                  <SP HEIGHT="50" WIDTH="14" VPOS="864" HPOS="988"/>
                  <String HEIGHT="50" WIDTH="98" VPOS="864" HPOS="946" CONTENT="aer"/>
                  <SP HEIGHT="50" WIDTH="14" VPOS="864" HPOS="1044"/>
                  <String HEIGHT="50"
                          WIDTH="141"
                          VPOS="864"
                          HPOS="1002"
                          CONTENT="subito"/>
                  <SP HEIGHT="50" WIDTH="14" VPOS="864" HPOS="1143"/>
                  <String HEIGHT="50"
                          WIDTH="84"
                          VPOS="864"
                          HPOS="1087"
                          CONTENT="inse"/>
               </TextLine>
               <TextLine ID="r1l29"
                         BASELINE="966"
                         HEIGHT="65"
                         WIDTH="751"
                         VPOS="901"
                         HPOS="417">
                  <String HEIGHT="65"
                          WIDTH="139"
                          VPOS="901"
                          HPOS="403"
                          CONTENT="quitur"/>
                  <SP HEIGHT="65" WIDTH="14" VPOS="901" HPOS="542"/>
                  <String HEIGHT="65"
                          WIDTH="223"
                          VPOS="901"
                          HPOS="500"
                          CONTENT="minorationem"/>
                  <SP HEIGHT="65" WIDTH="14" VPOS="901" HPOS="723"/>
                  <String HEIGHT="65"
                          WIDTH="153"
                          VPOS="901"
                          HPOS="681"
                          CONTENT="illorum"/>
                  <SP HEIGHT="65" WIDTH="14" VPOS="901" HPOS="834"/>
                  <String HEIGHT="65"
                          WIDTH="181"
                          VPOS="901"
                          HPOS="793"
                          CONTENT="corporum."/>
                  <SP HEIGHT="65" WIDTH="14" VPOS="901" HPOS="973"/>
                  <String HEIGHT="65" WIDTH="70" VPOS="901" HPOS="932" CONTENT="&amp;"/>
                  <SP HEIGHT="65" WIDTH="14" VPOS="901" HPOS="1001"/>
                  <String HEIGHT="65" WIDTH="97" VPOS="901" HPOS="959" CONTENT="est"/>
                  <SP HEIGHT="65" WIDTH="14" VPOS="901" HPOS="1057"/>
                  <String HEIGHT="65"
                          WIDTH="167"
                          VPOS="901"
                          HPOS="1015"
                          CONTENT="mutatio:"/>
                  <SP HEIGHT="65" WIDTH="14" VPOS="901" HPOS="1182"/>
                  <String HEIGHT="65" WIDTH="42" VPOS="901" HPOS="1126" CONTENT="&amp;"/>
               </TextLine>
               <TextLine ID="r1l31"
                         BASELINE="1000"
                         HEIGHT="60"
                         WIDTH="763"
                         VPOS="940"
                         HPOS="411">
                  <String HEIGHT="60" WIDTH="101" VPOS="940" HPOS="397" CONTENT="non"/>
                  <SP HEIGHT="60" WIDTH="14" VPOS="940" HPOS="497"/>
                  <String HEIGHT="60"
                          WIDTH="144"
                          VPOS="940"
                          HPOS="454"
                          CONTENT="motus."/>
                  <SP HEIGHT="60" WIDTH="14" VPOS="940" HPOS="598"/>
                  <String HEIGHT="60"
                          WIDTH="144"
                          VPOS="940"
                          HPOS="555"
                          CONTENT="Natura"/>
                  <SP HEIGHT="60" WIDTH="14" VPOS="940" HPOS="699"/>
                  <String HEIGHT="60"
                          WIDTH="115"
                          VPOS="940"
                          HPOS="656"
                          CONTENT="enim"/>
                  <SP HEIGHT="60" WIDTH="14" VPOS="940" HPOS="771"/>
                  <String HEIGHT="60" WIDTH="101" VPOS="940" HPOS="728" CONTENT="sic"/>
                  <SP HEIGHT="60" WIDTH="14" VPOS="940" HPOS="828"/>
                  <String HEIGHT="60"
                          WIDTH="173"
                          VPOS="940"
                          HPOS="785"
                          CONTENT="abhorret"/>
                  <SP HEIGHT="60" WIDTH="14" VPOS="940" HPOS="958"/>
                  <String HEIGHT="60"
                          WIDTH="158"
                          VPOS="940"
                          HPOS="915"
                          CONTENT="vacuum:"/>
                  <SP HEIGHT="60" WIDTH="14" VPOS="940" HPOS="1073"/>
                  <String HEIGHT="60" WIDTH="86" VPOS="940" HPOS="1030" CONTENT="vt"/>
                  <SP HEIGHT="60" WIDTH="14" VPOS="940" HPOS="1116"/>
                  <String HEIGHT="60"
                          WIDTH="130"
                          VPOS="940"
                          HPOS="1073"
                          CONTENT="ipsum"/>
                  <SP HEIGHT="60" WIDTH="14" VPOS="940" HPOS="1203"/>
                  <String HEIGHT="60" WIDTH="29" VPOS="940" HPOS="1145" CONTENT=""/>
               </TextLine>
               <TextLine ID="r1l33"
                         BASELINE="1043"
                         HEIGHT="59"
                         WIDTH="763"
                         VPOS="984"
                         HPOS="412">
                  <String HEIGHT="59" WIDTH="83" VPOS="984" HPOS="400" CONTENT="non"/>
                  <SP HEIGHT="59" WIDTH="12" VPOS="984" HPOS="484"/>
                  <String HEIGHT="59"
                          WIDTH="155"
                          VPOS="984"
                          HPOS="448"
                          CONTENT="permittat"/>
                  <SP HEIGHT="59" WIDTH="12" VPOS="984" HPOS="603"/>
                  <String HEIGHT="59"
                          WIDTH="119"
                          VPOS="984"
                          HPOS="567"
                          CONTENT="durare"/>
                  <SP HEIGHT="59" WIDTH="12" VPOS="984" HPOS="686"/>
                  <String HEIGHT="59" WIDTH="83" VPOS="984" HPOS="650" CONTENT="per"/>
                  <SP HEIGHT="59" WIDTH="12" VPOS="984" HPOS="734"/>
                  <String HEIGHT="59"
                          WIDTH="131"
                          VPOS="984"
                          HPOS="698"
                          CONTENT="tempors"/>
                  <SP HEIGHT="59" WIDTH="12" VPOS="984" HPOS="829"/>
                  <String HEIGHT="59" WIDTH="83" VPOS="984" HPOS="794" CONTENT="vel"/>
                  <SP HEIGHT="59" WIDTH="12" VPOS="984" HPOS="877"/>
                  <String HEIGHT="59"
                          WIDTH="143"
                          VPOS="984"
                          HPOS="841"
                          CONTENT="instans,"/>
                  <SP HEIGHT="59" WIDTH="12" VPOS="984" HPOS="984"/>
                  <String HEIGHT="59" WIDTH="95" VPOS="984" HPOS="948" CONTENT="quod"/>
                  <SP HEIGHT="59" WIDTH="12" VPOS="984" HPOS="1044"/>
                  <String HEIGHT="59"
                          WIDTH="107"
                          VPOS="984"
                          HPOS="1008"
                          CONTENT="rebus"/>
                  <SP HEIGHT="59" WIDTH="12" VPOS="984" HPOS="1115"/>
                  <String HEIGHT="59"
                          WIDTH="107"
                          VPOS="984"
                          HPOS="1068"
                          CONTENT="stanti"
                          SUBS_TYPE="HypPart1"
                          SUBS_CONTENT="stantibus"/>
                  <HYP CONTENT="-"/>
               </TextLine>
               <TextLine ID="r1l35"
                         BASELINE="1092"
                         HEIGHT="52"
                         WIDTH="772"
                         VPOS="1040"
                         HPOS="405">
                  <String HEIGHT="52"
                          WIDTH="113"
                          VPOS="1040"
                          HPOS="389"
                          CONTENT="bus"
                          SUBS_TYPE="HypPart2"
                          SUBS_CONTENT="stantibus"/>
                  <SP HEIGHT="52" WIDTH="16" VPOS="1040" HPOS="502"/>
                  <String HEIGHT="52" WIDTH="97" VPOS="1040" HPOS="453" CONTENT="vt"/>
                  <SP HEIGHT="52" WIDTH="16" VPOS="1040" HPOS="550"/>
                  <String HEIGHT="52"
                          WIDTH="129"
                          VPOS="1040"
                          HPOS="502"
                          CONTENT="nunc"/>
                  <SP HEIGHT="52" WIDTH="16" VPOS="1040" HPOS="630"/>
                  <String HEIGHT="52"
                          WIDTH="193"
                          VPOS="1040"
                          HPOS="582"
                          CONTENT="constat."/>
                  <SP HEIGHT="52" WIDTH="16" VPOS="1040" HPOS="775"/>
                  <String HEIGHT="52"
                          WIDTH="113"
                          VPOS="1040"
                          HPOS="727"
                          CONTENT="Nec"/>
                  <SP HEIGHT="52" WIDTH="16" VPOS="1040" HPOS="839"/>
                  <String HEIGHT="52"
                          WIDTH="113"
                          VPOS="1040"
                          HPOS="791"
                          CONTENT="est"/>
                  <SP HEIGHT="52" WIDTH="16" VPOS="1040" HPOS="904"/>
                  <String HEIGHT="52"
                          WIDTH="241"
                          VPOS="1040"
                          HPOS="855"
                          CONTENT="difficultas"/>
                  <SP HEIGHT="52" WIDTH="16" VPOS="1040" HPOS="1097"/>
                  <String HEIGHT="52" WIDTH="97" VPOS="1040" HPOS="1048" CONTENT="de"/>
                  <SP HEIGHT="52" WIDTH="16" VPOS="1040" HPOS="1145"/>
                  <String HEIGHT="52"
                          WIDTH="97"
                          VPOS="1040"
                          HPOS="1081"
                          CONTENT="muta"/>
               </TextLine>
               <TextLine ID="r1l37"
                         BASELINE="1131"
                         HEIGHT="57"
                         WIDTH="757"
                         VPOS="1074"
                         HPOS="414">
                  <String HEIGHT="57"
                          WIDTH="131"
                          VPOS="1074"
                          HPOS="399"
                          CONTENT="tione"/>
                  <SP HEIGHT="57" WIDTH="15" VPOS="1074" HPOS="530"/>
                  <String HEIGHT="57"
                          WIDTH="160"
                          VPOS="1074"
                          HPOS="487"
                          CONTENT="subita:"/>
                  <SP HEIGHT="57" WIDTH="15" VPOS="1074" HPOS="647"/>
                  <String HEIGHT="57"
                          WIDTH="102"
                          VPOS="1074"
                          HPOS="603"
                          CONTENT="cum"/>
                  <SP HEIGHT="57" WIDTH="15" VPOS="1074" HPOS="705"/>
                  <String HEIGHT="57"
                          WIDTH="102"
                          VPOS="1074"
                          HPOS="661"
                          CONTENT="res"/>
                  <SP HEIGHT="57" WIDTH="15" VPOS="1074" HPOS="763"/>
                  <String HEIGHT="57"
                          WIDTH="204"
                          VPOS="1074"
                          HPOS="720"
                          CONTENT="successiue"/>
                  <SP HEIGHT="57" WIDTH="15" VPOS="1074" HPOS="924"/>
                  <String HEIGHT="57"
                          WIDTH="218"
                          VPOS="1074"
                          HPOS="880"
                          CONTENT="diminuantur"/>
                  <SP HEIGHT="57" WIDTH="15" VPOS="1074" HPOS="1098"/>
                  <String HEIGHT="57" WIDTH="73" VPOS="1074" HPOS="1055" CONTENT="&amp;"/>
                  <SP HEIGHT="57" WIDTH="15" VPOS="1074" HPOS="1127"/>
                  <String HEIGHT="57" WIDTH="87" VPOS="1074" HPOS="1084" CONTENT="de"/>
                  <SP HEIGHT="57" WIDTH="15" VPOS="1074" HPOS="1171"/>
                  <String HEIGHT="57" WIDTH="58" VPOS="1074" HPOS="1113" CONTENT="lo"/>
               </TextLine>
               <TextLine ID="r1l39"
                         BASELINE="1179"
                         HEIGHT="60"
                         WIDTH="760"
                         VPOS="1119"
                         HPOS="414">
                  <String HEIGHT="60" WIDTH="88" VPOS="1119" HPOS="399" CONTENT="co"/>
                  <SP HEIGHT="60" WIDTH="15" VPOS="1119" HPOS="487"/>
                  <String HEIGHT="60"
                          WIDTH="190"
                          VPOS="1119"
                          HPOS="443"
                          CONTENT="mutentur."/>
                  <SP HEIGHT="60" WIDTH="15" VPOS="1119" HPOS="633"/>
                  <String HEIGHT="60"
                          WIDTH="117"
                          VPOS="1119"
                          HPOS="589"
                          CONTENT="Quia"/>
                  <SP HEIGHT="60" WIDTH="15" VPOS="1119" HPOS="706"/>
                  <String HEIGHT="60"
                          WIDTH="146"
                          VPOS="1119"
                          HPOS="662"
                          CONTENT="vacuum"/>
                  <SP HEIGHT="60" WIDTH="15" VPOS="1119" HPOS="809"/>
                  <String HEIGHT="60"
                          WIDTH="146"
                          VPOS="1119"
                          HPOS="765"
                          CONTENT="natura"/>
                  <SP HEIGHT="60" WIDTH="15" VPOS="1119" HPOS="911"/>
                  <String HEIGHT="60"
                          WIDTH="205"
                          VPOS="1119"
                          HPOS="867"
                          CONTENT="abhorreat,"/>
                  <SP HEIGHT="60" WIDTH="15" VPOS="1119" HPOS="1072"/>
                  <String HEIGHT="60"
                          WIDTH="132"
                          VPOS="1119"
                          HPOS="1028"
                          CONTENT="patet"/>
                  <SP HEIGHT="60" WIDTH="15" VPOS="1119" HPOS="1159"/>
                  <String HEIGHT="60"
                          WIDTH="73"
                          VPOS="1119"
                          HPOS="1101"
                          CONTENT="sic"/>
               </TextLine>
               <TextLine ID="r1l41"
                         BASELINE="1218"
                         HEIGHT="57"
                         WIDTH="744"
                         VPOS="1161"
                         HPOS="424">
                  <String HEIGHT="57" WIDTH="91" VPOS="1161" HPOS="411" CONTENT="non"/>
                  <SP HEIGHT="57" WIDTH="13" VPOS="1161" HPOS="502"/>
                  <String HEIGHT="57"
                          WIDTH="117"
                          VPOS="1161"
                          HPOS="463"
                          CONTENT="aliam"/>
                  <SP HEIGHT="57" WIDTH="13" VPOS="1161" HPOS="581"/>
                  <String HEIGHT="57" WIDTH="78" VPOS="1161" HPOS="541" CONTENT="ob"/>
                  <SP HEIGHT="57" WIDTH="13" VPOS="1161" HPOS="620"/>
                  <String HEIGHT="57" WIDTH="91" VPOS="1161" HPOS="581" CONTENT="rem"/>
                  <SP HEIGHT="57" WIDTH="13" VPOS="1161" HPOS="672"/>
                  <String HEIGHT="57"
                          WIDTH="104"
                          VPOS="1161"
                          HPOS="633"
                          CONTENT="aqua"/>
                  <SP HEIGHT="57" WIDTH="13" VPOS="1161" HPOS="737"/>
                  <String HEIGHT="57"
                          WIDTH="157"
                          VPOS="1161"
                          HPOS="698"
                          CONTENT="ascendit"/>
                  <SP HEIGHT="57" WIDTH="13" VPOS="1161" HPOS="855"/>
                  <String HEIGHT="57" WIDTH="78" VPOS="1161" HPOS="816" CONTENT="in"/>
                  <SP HEIGHT="57" WIDTH="13" VPOS="1161" HPOS="894"/>
                  <String HEIGHT="57"
                          WIDTH="117"
                          VPOS="1161"
                          HPOS="855"
                          CONTENT="culmo"/>
                  <SP HEIGHT="57" WIDTH="13" VPOS="1161" HPOS="972"/>
                  <String HEIGHT="57"
                          WIDTH="104"
                          VPOS="1161"
                          HPOS="933"
                          CONTENT="nisi"/>
                  <SP HEIGHT="57" WIDTH="13" VPOS="1161" HPOS="1037"/>
                  <String HEIGHT="57" WIDTH="78" VPOS="1161" HPOS="998" CONTENT="ad"/>
                  <SP HEIGHT="57" WIDTH="13" VPOS="1161" HPOS="1077"/>
                  <String HEIGHT="57"
                          WIDTH="144"
                          VPOS="1161"
                          HPOS="1024"
                          CONTENT="fugiendum"/>
               </TextLine>
               <TextLine ID="r1l43"
                         BASELINE="1264"
                         HEIGHT="58"
                         WIDTH="765"
                         VPOS="1206"
                         HPOS="411">
                  <String HEIGHT="58"
                          WIDTH="153"
                          VPOS="1206"
                          HPOS="397"
                          CONTENT="vacuum,"/>
                  <SP HEIGHT="58" WIDTH="14" VPOS="1206" HPOS="550"/>
                  <String HEIGHT="58" WIDTH="83" VPOS="1206" HPOS="508" CONTENT="te"/>
                  <SP HEIGHT="58" WIDTH="14" VPOS="1206" HPOS="592"/>
                  <String HEIGHT="58"
                          WIDTH="153"
                          VPOS="1206"
                          HPOS="550"
                          CONTENT="bibente"/>
                  <SP HEIGHT="58" WIDTH="14" VPOS="1206" HPOS="703"/>
                  <String HEIGHT="58" WIDTH="70" VPOS="1206" HPOS="661" CONTENT="&amp;"/>
                  <SP HEIGHT="58" WIDTH="14" VPOS="1206" HPOS="731"/>
                  <String HEIGHT="58"
                          WIDTH="125"
                          VPOS="1206"
                          HPOS="689"
                          CONTENT="aerem"/>
                  <SP HEIGHT="58" WIDTH="14" VPOS="1206" HPOS="814"/>
                  <String HEIGHT="58"
                          WIDTH="209"
                          VPOS="1206"
                          HPOS="773"
                          CONTENT="attrahente."/>
                  <SP HEIGHT="58" WIDTH="14" VPOS="1206" HPOS="981"/>
                  <String HEIGHT="58" WIDTH="97" VPOS="1206" HPOS="940" CONTENT="Nec"/>
                  <SP HEIGHT="58" WIDTH="14" VPOS="1206" HPOS="1037"/>
                  <String HEIGHT="58"
                          WIDTH="125"
                          VPOS="1206"
                          HPOS="995"
                          CONTENT="vinum"/>
                  <SP HEIGHT="58" WIDTH="14" VPOS="1206" HPOS="1120"/>
                  <String HEIGHT="58" WIDTH="70" VPOS="1206" HPOS="1079" CONTENT="e"/>
                  <SP HEIGHT="58" WIDTH="14" VPOS="1206" HPOS="1148"/>
                  <String HEIGHT="58"
                          WIDTH="83"
                          VPOS="1206"
                          HPOS="1093"
                          CONTENT="bass"/>
               </TextLine>
               <TextLine ID="r1l45"
                         BASELINE="1314"
                         HEIGHT="62"
                         WIDTH="756"
                         VPOS="1252"
                         HPOS="419">
                  <String HEIGHT="62"
                          WIDTH="124"
                          VPOS="1252"
                          HPOS="405"
                          CONTENT="dolii"/>
                  <SP HEIGHT="62" WIDTH="14" VPOS="1252" HPOS="529"/>
                  <String HEIGHT="62"
                          WIDTH="151"
                          VPOS="1252"
                          HPOS="488"
                          CONTENT="trahere"/>
                  <SP HEIGHT="62" WIDTH="14" VPOS="1252" HPOS="639"/>
                  <String HEIGHT="62"
                          WIDTH="124"
                          VPOS="1252"
                          HPOS="598"
                          CONTENT="potes"/>
                  <SP HEIGHT="62" WIDTH="14" VPOS="1252" HPOS="721"/>
                  <String HEIGHT="62"
                          WIDTH="110"
                          VPOS="1252"
                          HPOS="680"
                          CONTENT="nisi"/>
                  <SP HEIGHT="62" WIDTH="14" VPOS="1252" HPOS="790"/>
                  <String HEIGHT="62"
                          WIDTH="137"
                          VPOS="1252"
                          HPOS="749"
                          CONTENT="costam"/>
                  <SP HEIGHT="62" WIDTH="14" VPOS="1252" HPOS="886"/>
                  <String HEIGHT="62"
                          WIDTH="165"
                          VPOS="1252"
                          HPOS="845"
                          CONTENT="terebres"/>
                  <SP HEIGHT="62" WIDTH="14" VPOS="1252" HPOS="1010"/>
                  <String HEIGHT="62"
                          WIDTH="179"
                          VPOS="1252"
                          HPOS="969"
                          CONTENT="propterea"/>
                  <SP HEIGHT="62" WIDTH="14" VPOS="1252" HPOS="1148"/>
                  <String HEIGHT="62"
                          WIDTH="82"
                          VPOS="1252"
                          HPOS="1093"
                          CONTENT="aqua"/>
               </TextLine>
               <TextLine ID="r1l47"
                         BASELINE="1356"
                         HEIGHT="62"
                         WIDTH="753"
                         VPOS="1294"
                         HPOS="418">
                  <String HEIGHT="62" WIDTH="96" VPOS="1294" HPOS="404" CONTENT="non"/>
                  <SP HEIGHT="62" WIDTH="14" VPOS="1294" HPOS="500"/>
                  <String HEIGHT="62"
                          WIDTH="178"
                          VPOS="1294"
                          HPOS="459"
                          CONTENT="descendit"/>
                  <SP HEIGHT="62" WIDTH="14" VPOS="1294" HPOS="637"/>
                  <String HEIGHT="62" WIDTH="96" VPOS="1294" HPOS="596" CONTENT="per"/>
                  <SP HEIGHT="62" WIDTH="14" VPOS="1294" HPOS="692"/>
                  <String HEIGHT="62"
                          WIDTH="164"
                          VPOS="1294"
                          HPOS="651"
                          CONTENT="foramina"/>
                  <SP HEIGHT="62" WIDTH="14" VPOS="1294" HPOS="815"/>
                  <String HEIGHT="62"
                          WIDTH="192"
                          VPOS="1294"
                          HPOS="774"
                          CONTENT="clepsydrae"/>
                  <SP HEIGHT="62" WIDTH="14" VPOS="1294" HPOS="966"/>
                  <String HEIGHT="62" WIDTH="82" VPOS="1294" HPOS="925" CONTENT="in"/>
                  <SP HEIGHT="62" WIDTH="14" VPOS="1294" HPOS="1007"/>
                  <String HEIGHT="62"
                          WIDTH="137"
                          VPOS="1294"
                          HPOS="966"
                          CONTENT="horto,"/>
                  <SP HEIGHT="62" WIDTH="14" VPOS="1294" HPOS="1103"/>
                  <String HEIGHT="62"
                          WIDTH="123"
                          VPOS="1294"
                          HPOS="1048"
                          CONTENT="foramin"/>
               </TextLine>
               <TextLine ID="r1l49"
                         BASELINE="1398"
                         HEIGHT="58"
                         WIDTH="768"
                         VPOS="1340"
                         HPOS="416">
                  <String HEIGHT="58"
                          WIDTH="182"
                          VPOS="1340"
                          HPOS="402"
                          CONTENT="superiore"/>
                  <SP HEIGHT="58" WIDTH="14" VPOS="1340" HPOS="584"/>
                  <String HEIGHT="58"
                          WIDTH="154"
                          VPOS="1340"
                          HPOS="542"
                          CONTENT="clauso:"/>
                  <SP HEIGHT="58" WIDTH="14" VPOS="1340" HPOS="695"/>
                  <String HEIGHT="58" WIDTH="98" VPOS="1340" HPOS="653" CONTENT="sed"/>
                  <SP HEIGHT="58" WIDTH="14" VPOS="1340" HPOS="751"/>
                  <String HEIGHT="58"
                          WIDTH="112"
                          VPOS="1340"
                          HPOS="709"
                          CONTENT="bene"/>
                  <SP HEIGHT="58" WIDTH="14" VPOS="1340" HPOS="821"/>
                  <String HEIGHT="58"
                          WIDTH="140"
                          VPOS="1340"
                          HPOS="779"
                          CONTENT="aperto"/>
                  <SP HEIGHT="58" WIDTH="14" VPOS="1340" HPOS="919"/>
                  <String HEIGHT="58" WIDTH="84" VPOS="1340" HPOS="877" CONTENT="vt"/>
                  <SP HEIGHT="58" WIDTH="14" VPOS="1340" HPOS="961"/>
                  <String HEIGHT="58"
                          WIDTH="126"
                          VPOS="1340"
                          HPOS="919"
                          CONTENT="aliud"/>
                  <SP HEIGHT="58" WIDTH="14" VPOS="1340" HPOS="1044"/>
                  <String HEIGHT="58"
                          WIDTH="140"
                          VPOS="1340"
                          HPOS="1002"
                          CONTENT="corpus"/>
                  <SP HEIGHT="58" WIDTH="14" VPOS="1340" HPOS="1142"/>
                  <String HEIGHT="58"
                          WIDTH="98"
                          VPOS="1340"
                          HPOS="1086"
                          CONTENT="ingre"/>
               </TextLine>
               <TextLine ID="r1l51"
                         BASELINE="1449"
                         HEIGHT="64"
                         WIDTH="770"
                         VPOS="1385"
                         HPOS="420">
                  <String HEIGHT="64" WIDTH="80" VPOS="1385" HPOS="407" CONTENT="di"/>
                  <SP HEIGHT="64" WIDTH="13" VPOS="1385" HPOS="486"/>
                  <String HEIGHT="64"
                          WIDTH="146"
                          VPOS="1385"
                          HPOS="447"
                          CONTENT="possit:"/>
                  <SP HEIGHT="64" WIDTH="13" VPOS="1385" HPOS="593"/>
                  <String HEIGHT="64" WIDTH="66" VPOS="1385" HPOS="553" CONTENT="&amp;"/>
                  <SP HEIGHT="64" WIDTH="13" VPOS="1385" HPOS="619"/>
                  <String HEIGHT="64" WIDTH="93" VPOS="1385" HPOS="579" CONTENT="non"/>
                  <SP HEIGHT="64" WIDTH="13" VPOS="1385" HPOS="672"/>
                  <String HEIGHT="64"
                          WIDTH="106"
                          VPOS="1385"
                          HPOS="632"
                          CONTENT="ideo"/>
                  <SP HEIGHT="64" WIDTH="13" VPOS="1385" HPOS="739"/>
                  <String HEIGHT="64"
                          WIDTH="106"
                          VPOS="1385"
                          HPOS="699"
                          CONTENT="quia"/>
                  <SP HEIGHT="64" WIDTH="13" VPOS="1385" HPOS="805"/>
                  <String HEIGHT="64" WIDTH="93" VPOS="1385" HPOS="765" CONTENT="aer"/>
                  <SP HEIGHT="64" WIDTH="13" VPOS="1385" HPOS="858"/>
                  <String HEIGHT="64"
                          WIDTH="159"
                          VPOS="1385"
                          HPOS="818"
                          CONTENT="resistit"/>
                  <SP HEIGHT="64" WIDTH="13" VPOS="1385" HPOS="978"/>
                  <String HEIGHT="64"
                          WIDTH="119"
                          VPOS="1385"
                          HPOS="938"
                          CONTENT="aquae"/>
                  <SP HEIGHT="64" WIDTH="13" VPOS="1385" HPOS="1057"/>
                  <String HEIGHT="64" WIDTH="80" VPOS="1385" HPOS="1017" CONTENT="ne"/>
                  <SP HEIGHT="64" WIDTH="13" VPOS="1385" HPOS="1097"/>
                  <String HEIGHT="64"
                          WIDTH="146"
                          VPOS="1385"
                          HPOS="1044"
                          CONTENT="descendat"/>
               </TextLine>
               <TextLine ID="r1l53"
                         BASELINE="1496"
                         HEIGHT="67"
                         WIDTH="762"
                         VPOS="1429"
                         HPOS="417">
                  <String HEIGHT="67"
                          WIDTH="105"
                          VPOS="1429"
                          HPOS="402"
                          CONTENT="per"/>
                  <SP HEIGHT="67" WIDTH="15" VPOS="1429" HPOS="507"/>
                  <String HEIGHT="67"
                          WIDTH="194"
                          VPOS="1429"
                          HPOS="462"
                          CONTENT="foramina."/>
                  <SP HEIGHT="67" WIDTH="15" VPOS="1429" HPOS="656"/>
                  <String HEIGHT="67"
                          WIDTH="105"
                          VPOS="1429"
                          HPOS="611"
                          CONTENT="nam"/>
                  <SP HEIGHT="67" WIDTH="15" VPOS="1429" HPOS="716"/>
                  <String HEIGHT="67"
                          WIDTH="149"
                          VPOS="1429"
                          HPOS="671"
                          CONTENT="remoto"/>
                  <SP HEIGHT="67" WIDTH="15" VPOS="1429" HPOS="820"/>
                  <String HEIGHT="67"
                          WIDTH="164"
                          VPOS="1429"
                          HPOS="776"
                          CONTENT="pollice"/>
                  <SP HEIGHT="67" WIDTH="15" VPOS="1429" HPOS="940"/>
                  <String HEIGHT="67"
                          WIDTH="120"
                          VPOS="1429"
                          HPOS="895"
                          CONTENT="rima"/>
                  <SP HEIGHT="67" WIDTH="15" VPOS="1429" HPOS="1015"/>
                  <String HEIGHT="67"
                          WIDTH="179"
                          VPOS="1429"
                          HPOS="970"
                          CONTENT="supremam"/>
                  <SP HEIGHT="67" WIDTH="15" VPOS="1429" HPOS="1149"/>
                  <String HEIGHT="67"
                          WIDTH="90"
                          VPOS="1429"
                          HPOS="1089"
                          CONTENT="clau"/>
               </TextLine>
               <TextLine ID="r1l55"
                         BASELINE="1532"
                         HEIGHT="57"
                         WIDTH="768"
                         VPOS="1475"
                         HPOS="412">
                  <String HEIGHT="57"
                          WIDTH="115"
                          VPOS="1475"
                          HPOS="399"
                          CONTENT="dente"/>
                  <SP HEIGHT="57" WIDTH="13" VPOS="1475" HPOS="514"/>
                  <String HEIGHT="57" WIDTH="64" VPOS="1475" HPOS="476" CONTENT="/"/>
                  <SP HEIGHT="57" WIDTH="13" VPOS="1475" HPOS="540"/>
                  <String HEIGHT="57"
                          WIDTH="154"
                          VPOS="1475"
                          HPOS="502"
                          CONTENT="protinus"/>
                  <SP HEIGHT="57" WIDTH="13" VPOS="1475" HPOS="655"/>
                  <String HEIGHT="57"
                          WIDTH="166"
                          VPOS="1475"
                          HPOS="617"
                          CONTENT="descendit"/>
                  <SP HEIGHT="57" WIDTH="13" VPOS="1475" HPOS="783"/>
                  <String HEIGHT="57"
                          WIDTH="115"
                          VPOS="1475"
                          HPOS="745"
                          CONTENT="aqua:"/>
                  <SP HEIGHT="57" WIDTH="13" VPOS="1475" HPOS="860"/>
                  <String HEIGHT="57" WIDTH="64" VPOS="1475" HPOS="822" CONTENT="&amp;"/>
                  <SP HEIGHT="57" WIDTH="13" VPOS="1475" HPOS="886"/>
                  <String HEIGHT="57"
                          WIDTH="115"
                          VPOS="1475"
                          HPOS="847"
                          CONTENT="tamen"/>
                  <SP HEIGHT="57" WIDTH="13" VPOS="1475" HPOS="962"/>
                  <String HEIGHT="57" WIDTH="90" VPOS="1475" HPOS="924" CONTENT="est"/>
                  <SP HEIGHT="57" WIDTH="13" VPOS="1475" HPOS="1014"/>
                  <String HEIGHT="57"
                          WIDTH="102"
                          VPOS="1475"
                          HPOS="975"
                          CONTENT="idem"/>
                  <SP HEIGHT="57" WIDTH="13" VPOS="1475" HPOS="1078"/>
                  <String HEIGHT="57"
                          WIDTH="102"
                          VPOS="1475"
                          HPOS="1039"
                          CONTENT="aer,"/>
                  <SP HEIGHT="57" WIDTH="13" VPOS="1475" HPOS="1142"/>
                  <String HEIGHT="57"
                          WIDTH="90"
                          VPOS="1475"
                          HPOS="1090"
                          CONTENT="aequa"/>
               </TextLine>
               <TextLine ID="r1l57"
                         BASELINE="1575"
                         HEIGHT="58"
                         WIDTH="764"
                         VPOS="1517"
                         HPOS="413">
                  <String HEIGHT="58"
                          WIDTH="127"
                          VPOS="1517"
                          HPOS="399"
                          CONTENT="liter"/>
                  <SP HEIGHT="58" WIDTH="14" VPOS="1517" HPOS="526"/>
                  <String HEIGHT="58" WIDTH="85" VPOS="1517" HPOS="484" CONTENT="vt"/>
                  <SP HEIGHT="58" WIDTH="14" VPOS="1517" HPOS="569"/>
                  <String HEIGHT="58"
                          WIDTH="127"
                          VPOS="1517"
                          HPOS="526"
                          CONTENT="antea"/>
                  <SP HEIGHT="58" WIDTH="14" VPOS="1517" HPOS="654"/>
                  <String HEIGHT="58"
                          WIDTH="198"
                          VPOS="1517"
                          HPOS="611"
                          CONTENT="resistens."/>
                  <SP HEIGHT="58" WIDTH="14" VPOS="1517" HPOS="809"/>
                  <String HEIGHT="58"
                          WIDTH="113"
                          VPOS="1517"
                          HPOS="767"
                          CONTENT="fuit"/>
                  <SP HEIGHT="58" WIDTH="14" VPOS="1517" HPOS="880"/>
                  <String HEIGHT="58"
                          WIDTH="141"
                          VPOS="1517"
                          HPOS="837"
                          CONTENT="quidem"/>
                  <SP HEIGHT="58" WIDTH="14" VPOS="1517" HPOS="979"/>
                  <String HEIGHT="58"
                          WIDTH="113"
                          VPOS="1517"
                          HPOS="936"
                          CONTENT="ipsa"/>
                  <SP HEIGHT="58" WIDTH="14" VPOS="1517" HPOS="1050"/>
                  <String HEIGHT="58"
                          WIDTH="113"
                          VPOS="1517"
                          HPOS="1007"
                          CONTENT="aqua"/>
                  <SP HEIGHT="58" WIDTH="14" VPOS="1517" HPOS="1120"/>
                  <String HEIGHT="58"
                          WIDTH="113"
                          VPOS="1517"
                          HPOS="1064"
                          CONTENT="suapte"/>
               </TextLine>
               <TextLine ID="r1l59"
                         BASELINE="1615"
                         HEIGHT="47"
                         WIDTH="759"
                         VPOS="1568"
                         HPOS="421">
                  <String HEIGHT="47"
                          WIDTH="161"
                          VPOS="1568"
                          HPOS="405"
                          CONTENT="natura"/>
                  <SP HEIGHT="47" WIDTH="16" VPOS="1568" HPOS="566"/>
                  <String HEIGHT="47"
                          WIDTH="113"
                          VPOS="1568"
                          HPOS="518"
                          CONTENT="non"/>
                  <SP HEIGHT="47" WIDTH="16" VPOS="1568" HPOS="631"/>
                  <String HEIGHT="47"
                          WIDTH="210"
                          VPOS="1568"
                          HPOS="582"
                          CONTENT="inclinata"/>
                  <SP HEIGHT="47" WIDTH="16" VPOS="1568" HPOS="792"/>
                  <String HEIGHT="47" WIDTH="97" VPOS="1568" HPOS="744" CONTENT="ad"/>
                  <SP HEIGHT="47" WIDTH="16" VPOS="1568" HPOS="841"/>
                  <String HEIGHT="47"
                          WIDTH="210"
                          VPOS="1568"
                          HPOS="792"
                          CONTENT="descensum"/>
                  <SP HEIGHT="47" WIDTH="16" VPOS="1568" HPOS="1002"/>
                  <String HEIGHT="47" WIDTH="97" VPOS="1568" HPOS="954" CONTENT="in"/>
                  <SP HEIGHT="47" WIDTH="16" VPOS="1568" HPOS="1051"/>
                  <String HEIGHT="47"
                          WIDTH="129"
                          VPOS="1568"
                          HPOS="1002"
                          CONTENT="illo"/>
                  <SP HEIGHT="47" WIDTH="16" VPOS="1568" HPOS="1132"/>
                  <String HEIGHT="47"
                          WIDTH="113"
                          VPOS="1568"
                          HPOS="1067"
                          CONTENT="casu."/>
               </TextLine>
               <TextLine ID="r1l61"
                         BASELINE="1661"
                         HEIGHT="54"
                         WIDTH="771"
                         VPOS="1607"
                         HPOS="419">
                  <String HEIGHT="54" WIDTH="94" VPOS="1607" HPOS="403" CONTENT="Et"/>
                  <SP HEIGHT="54" WIDTH="16" VPOS="1607" HPOS="498"/>
                  <String HEIGHT="54" WIDTH="94" VPOS="1607" HPOS="450" CONTENT="si"/>
                  <SP HEIGHT="54" WIDTH="16" VPOS="1607" HPOS="545"/>
                  <String HEIGHT="54"
                          WIDTH="157"
                          VPOS="1607"
                          HPOS="498"
                          CONTENT="dolium"/>
                  <SP HEIGHT="54" WIDTH="16" VPOS="1607" HPOS="655"/>
                  <String HEIGHT="54"
                          WIDTH="267"
                          VPOS="1607"
                          HPOS="608"
                          CONTENT="quantumcumque"/>
                  <SP HEIGHT="54" WIDTH="16" VPOS="1607" HPOS="875"/>
                  <String HEIGHT="54"
                          WIDTH="157"
                          VPOS="1607"
                          HPOS="828"
                          CONTENT="magnum"/>
                  <SP HEIGHT="54" WIDTH="16" VPOS="1607" HPOS="985"/>
                  <String HEIGHT="54"
                          WIDTH="110"
                          VPOS="1607"
                          HPOS="938"
                          CONTENT="sit"/>
                  <SP HEIGHT="54" WIDTH="16" VPOS="1607" HPOS="1048"/>
                  <String HEIGHT="54"
                          WIDTH="173"
                          VPOS="1607"
                          HPOS="1001"
                          CONTENT="ponatur"/>
                  <SP HEIGHT="54" WIDTH="16" VPOS="1607" HPOS="1174"/>
                  <String HEIGHT="54"
                          WIDTH="79"
                          VPOS="1607"
                          HPOS="1111"
                          CONTENT="su"
                          SUBS_TYPE="HypPart1"
                          SUBS_CONTENT="superius"/>
                  <HYP CONTENT="-"/>
               </TextLine>
               <TextLine ID="r1l63"
                         BASELINE="1718"
                         HEIGHT="68"
                         WIDTH="756"
                         VPOS="1650"
                         HPOS="419">
                  <String HEIGHT="68"
                          WIDTH="158"
                          VPOS="1650"
                          HPOS="403"
                          CONTENT="perius"
                          SUBS_TYPE="HypPart2"
                          SUBS_CONTENT="superius"/>
                  <SP HEIGHT="68" WIDTH="16" VPOS="1650" HPOS="561"/>
                  <String HEIGHT="68"
                          WIDTH="189"
                          VPOS="1650"
                          HPOS="514"
                          CONTENT="clausum,"/>
                  <SP HEIGHT="68" WIDTH="16" VPOS="1650" HPOS="703"/>
                  <String HEIGHT="68"
                          WIDTH="126"
                          VPOS="1650"
                          HPOS="655"
                          CONTENT="alio"/>
                  <SP HEIGHT="68" WIDTH="16" VPOS="1650" HPOS="781"/>
                  <String HEIGHT="68"
                          WIDTH="173"
                          VPOS="1650"
                          HPOS="734"
                          CONTENT="extremo"/>
                  <SP HEIGHT="68" WIDTH="16" VPOS="1650" HPOS="907"/>
                  <String HEIGHT="68"
                          WIDTH="173"
                          VPOS="1650"
                          HPOS="860"
                          CONTENT="sublato"/>
                  <SP HEIGHT="68" WIDTH="16" VPOS="1650" HPOS="1033"/>
                  <String HEIGHT="68"
                          WIDTH="142"
                          VPOS="1650"
                          HPOS="986"
                          CONTENT="nihil"/>
                  <SP HEIGHT="68" WIDTH="16" VPOS="1650" HPOS="1128"/>
                  <String HEIGHT="68"
                          WIDTH="110"
                          VPOS="1650"
                          HPOS="1065"
                          CONTENT="liquo"/>
               </TextLine>
               <TextLine ID="r1l65"
                         BASELINE="1753"
                         HEIGHT="52"
                         WIDTH="761"
                         VPOS="1701"
                         HPOS="423">
                  <String HEIGHT="52"
                          WIDTH="104"
                          VPOS="1701"
                          HPOS="408"
                          CONTENT="ris"/>
                  <SP HEIGHT="52" WIDTH="15" VPOS="1701" HPOS="513"/>
                  <String HEIGHT="52"
                          WIDTH="209"
                          VPOS="1701"
                          HPOS="468"
                          CONTENT="descendet,"/>
                  <SP HEIGHT="52" WIDTH="15" VPOS="1701" HPOS="677"/>
                  <String HEIGHT="52"
                          WIDTH="119"
                          VPOS="1701"
                          HPOS="632"
                          CONTENT="quod"/>
                  <SP HEIGHT="52" WIDTH="15" VPOS="1701" HPOS="751"/>
                  <String HEIGHT="52"
                          WIDTH="134"
                          VPOS="1701"
                          HPOS="707"
                          CONTENT="patet"/>
                  <SP HEIGHT="52" WIDTH="15" VPOS="1701" HPOS="841"/>
                  <String HEIGHT="52"
                          WIDTH="104"
                          VPOS="1701"
                          HPOS="796"
                          CONTENT="per"/>
                  <SP HEIGHT="52" WIDTH="15" VPOS="1701" HPOS="900"/>
                  <String HEIGHT="52"
                          WIDTH="179"
                          VPOS="1701"
                          HPOS="856"
                          CONTENT="foramina"/>
                  <SP HEIGHT="52" WIDTH="15" VPOS="1701" HPOS="1035"/>
                  <String HEIGHT="52"
                          WIDTH="134"
                          VPOS="1701"
                          HPOS="990"
                          CONTENT="parua"/>
                  <SP HEIGHT="52" WIDTH="15" VPOS="1701" HPOS="1124"/>
                  <String HEIGHT="52"
                          WIDTH="104"
                          VPOS="1701"
                          HPOS="1080"
                          CONTENT="vel"/>
                  <SP HEIGHT="52" WIDTH="15" VPOS="1701" HPOS="1184"/>
                  <String HEIGHT="52" WIDTH="60" VPOS="1701" HPOS="1124" CONTENT="ma"/>
               </TextLine>
               <TextLine ID="r1l67"
                         BASELINE="1802"
                         HEIGHT="63"
                         WIDTH="768"
                         VPOS="1739"
                         HPOS="416">
                  <String HEIGHT="63"
                          WIDTH="108"
                          VPOS="1739"
                          HPOS="401"
                          CONTENT="gna"/>
                  <SP HEIGHT="63" WIDTH="15" VPOS="1739" HPOS="508"/>
                  <String HEIGHT="63" WIDTH="92" VPOS="1739" HPOS="462" CONTENT="in"/>
                  <SP HEIGHT="63" WIDTH="15" VPOS="1739" HPOS="554"/>
                  <String HEIGHT="63"
                          WIDTH="215"
                          VPOS="1739"
                          HPOS="508"
                          CONTENT="clepsydra:"/>
                  <SP HEIGHT="63" WIDTH="15" VPOS="1739" HPOS="723"/>
                  <String HEIGHT="63"
                          WIDTH="108"
                          VPOS="1739"
                          HPOS="677"
                          CONTENT="vel"/>
                  <SP HEIGHT="63" WIDTH="15" VPOS="1739" HPOS="785"/>
                  <String HEIGHT="63" WIDTH="92" VPOS="1739" HPOS="739" CONTENT="si"/>
                  <SP HEIGHT="63" WIDTH="15" VPOS="1739" HPOS="831"/>
                  <String HEIGHT="63"
                          WIDTH="138"
                          VPOS="1739"
                          HPOS="785"
                          CONTENT="caues"/>
                  <SP HEIGHT="63" WIDTH="15" VPOS="1739" HPOS="923"/>
                  <String HEIGHT="63"
                          WIDTH="138"
                          VPOS="1739"
                          HPOS="877"
                          CONTENT="totam"/>
                  <SP HEIGHT="63" WIDTH="15" VPOS="1739" HPOS="1015"/>
                  <String HEIGHT="63"
                          WIDTH="138"
                          VPOS="1739"
                          HPOS="969"
                          CONTENT="basim"/>
                  <SP HEIGHT="63" WIDTH="15" VPOS="1739" HPOS="1107"/>
                  <String HEIGHT="63"
                          WIDTH="138"
                          VPOS="1739"
                          HPOS="1046"
                          CONTENT="clepsy"
                          SUBS_TYPE="HypPart1"
                          SUBS_CONTENT="clepsydrae"/>
                  <HYP CONTENT="-"/>
               </TextLine>
               <TextLine ID="r1l69"
                         BASELINE="1841"
                         HEIGHT="48"
                         WIDTH="762"
                         VPOS="1793"
                         HPOS="427">
                  <String HEIGHT="48"
                          WIDTH="115"
                          VPOS="1793"
                          HPOS="413"
                          CONTENT="drae"
                          SUBS_TYPE="HypPart2"
                          SUBS_CONTENT="clepsydrae"/>
                  <SP HEIGHT="48" WIDTH="14" VPOS="1793" HPOS="528"/>
                  <String HEIGHT="48"
                          WIDTH="158"
                          VPOS="1793"
                          HPOS="485"
                          CONTENT="supremo"/>
                  <SP HEIGHT="48" WIDTH="14" VPOS="1793" HPOS="643"/>
                  <String HEIGHT="48"
                          WIDTH="173"
                          VPOS="1793"
                          HPOS="600"
                          CONTENT="foramine"/>
                  <SP HEIGHT="48" WIDTH="14" VPOS="1793" HPOS="772"/>
                  <String HEIGHT="48"
                          WIDTH="201"
                          VPOS="1793"
                          HPOS="729"
                          CONTENT="obstructo,"/>
                  <SP HEIGHT="48" WIDTH="14" VPOS="1793" HPOS="930"/>
                  <String HEIGHT="48"
                          WIDTH="115"
                          VPOS="1793"
                          HPOS="887"
                          CONTENT="nisi"/>
                  <SP HEIGHT="48" WIDTH="14" VPOS="1793" HPOS="1002"/>
                  <String HEIGHT="48"
                          WIDTH="101"
                          VPOS="1793"
                          HPOS="959"
                          CONTENT="aer"/>
                  <SP HEIGHT="48" WIDTH="14" VPOS="1793" HPOS="1060"/>
                  <String HEIGHT="48"
                          WIDTH="158"
                          VPOS="1793"
                          HPOS="1016"
                          CONTENT="inferne"/>
                  <SP HEIGHT="48" WIDTH="14" VPOS="1793" HPOS="1175"/>
                  <String HEIGHT="48" WIDTH="86" VPOS="1793" HPOS="1131" CONTENT="in"/>
                  <SP HEIGHT="48" WIDTH="14" VPOS="1793" HPOS="1218"/>
                  <String HEIGHT="48" WIDTH="29" VPOS="1793" HPOS="1160" CONTENT=""/>
               </TextLine>
               <TextLine ID="r1l71"
                         BASELINE="1891"
                         HEIGHT="64"
                         WIDTH="746"
                         VPOS="1827"
                         HPOS="434">
                  <String HEIGHT="64"
                          WIDTH="144"
                          VPOS="1827"
                          HPOS="421"
                          CONTENT="grediat"/>
                  <SP HEIGHT="64" WIDTH="13" VPOS="1827" HPOS="565"/>
                  <String HEIGHT="64" WIDTH="92" VPOS="1827" HPOS="526" CONTENT="vel"/>
                  <SP HEIGHT="64" WIDTH="13" VPOS="1827" HPOS="617"/>
                  <String HEIGHT="64" WIDTH="79" VPOS="1827" HPOS="578" CONTENT="ad"/>
                  <SP HEIGHT="64" WIDTH="13" VPOS="1827" HPOS="656"/>
                  <String HEIGHT="64"
                          WIDTH="118"
                          VPOS="1827"
                          HPOS="617"
                          CONTENT="alias"/>
                  <SP HEIGHT="64" WIDTH="13" VPOS="1827" HPOS="735"/>
                  <String HEIGHT="64"
                          WIDTH="144"
                          VPOS="1827"
                          HPOS="696"
                          CONTENT="partes."/>
                  <SP HEIGHT="64" WIDTH="13" VPOS="1827" HPOS="840"/>
                  <String HEIGHT="64" WIDTH="92" VPOS="1827" HPOS="800" CONTENT="sed"/>
                  <SP HEIGHT="64" WIDTH="13" VPOS="1827" HPOS="892"/>
                  <String HEIGHT="64" WIDTH="79" VPOS="1827" HPOS="853" CONTENT="si"/>
                  <SP HEIGHT="64" WIDTH="13" VPOS="1827" HPOS="931"/>
                  <String HEIGHT="64"
                          WIDTH="131"
                          VPOS="1827"
                          HPOS="892"
                          CONTENT="costam"/>
                  <SP HEIGHT="64" WIDTH="13" VPOS="1827" HPOS="1023"/>
                  <String HEIGHT="64"
                          WIDTH="118"
                          VPOS="1827"
                          HPOS="984"
                          CONTENT="vasis"/>
                  <SP HEIGHT="64" WIDTH="13" VPOS="1827" HPOS="1101"/>
                  <String HEIGHT="64"
                          WIDTH="131"
                          VPOS="1827"
                          HPOS="1049"
                          CONTENT="terebres"/>
               </TextLine>
               <TextLine ID="r1l73"
                         BASELINE="1936"
                         HEIGHT="59"
                         WIDTH="766"
                         VPOS="1877"
                         HPOS="426">
                  <String HEIGHT="59"
                          WIDTH="109"
                          VPOS="1877"
                          HPOS="412"
                          CONTENT="aqua"/>
                  <SP HEIGHT="59" WIDTH="14" VPOS="1877" HPOS="522"/>
                  <String HEIGHT="59" WIDTH="96" VPOS="1877" HPOS="481" CONTENT="per"/>
                  <SP HEIGHT="59" WIDTH="14" VPOS="1877" HPOS="576"/>
                  <String HEIGHT="59"
                          WIDTH="164"
                          VPOS="1877"
                          HPOS="535"
                          CONTENT="foramina"/>
                  <SP HEIGHT="59" WIDTH="14" VPOS="1877" HPOS="700"/>
                  <String HEIGHT="59"
                          WIDTH="123"
                          VPOS="1877"
                          HPOS="659"
                          CONTENT="basis"/>
                  <SP HEIGHT="59" WIDTH="14" VPOS="1877" HPOS="782"/>
                  <String HEIGHT="59"
                          WIDTH="150"
                          VPOS="1877"
                          HPOS="741"
                          CONTENT="exibit."/>
                  <SP HEIGHT="59" WIDTH="14" VPOS="1877" HPOS="891"/>
                  <String HEIGHT="59"
                          WIDTH="150"
                          VPOS="1877"
                          HPOS="850"
                          CONTENT="Simiter"/>
                  <SP HEIGHT="59" WIDTH="14" VPOS="1877" HPOS="1001"/>
                  <String HEIGHT="59" WIDTH="82" VPOS="1877" HPOS="959" CONTENT="si"/>
                  <SP HEIGHT="59" WIDTH="14" VPOS="1877" HPOS="1042"/>
                  <String HEIGHT="59"
                          WIDTH="137"
                          VPOS="1877"
                          HPOS="1001"
                          CONTENT="vitrum"/>
                  <SP HEIGHT="59" WIDTH="14" VPOS="1877" HPOS="1137"/>
                  <String HEIGHT="59"
                          WIDTH="109"
                          VPOS="1877"
                          HPOS="1083"
                          CONTENT="reple"
                          SUBS_TYPE="HypPart1"
                          SUBS_CONTENT="repleueris"/>
                  <HYP CONTENT="-"/>
               </TextLine>
               <TextLine ID="r1l75"
                         BASELINE="1971"
                         HEIGHT="53"
                         WIDTH="767"
                         VPOS="1918"
                         HPOS="429">
                  <String HEIGHT="53"
                          WIDTH="141"
                          VPOS="1918"
                          HPOS="413"
                          CONTENT="ueris"
                          SUBS_TYPE="HypPart2"
                          SUBS_CONTENT="repleueris"/>
                  <SP HEIGHT="53" WIDTH="16" VPOS="1918" HPOS="554"/>
                  <String HEIGHT="53"
                          WIDTH="141"
                          VPOS="1918"
                          HPOS="507"
                          CONTENT="aqua,"/>
                  <SP HEIGHT="53" WIDTH="16" VPOS="1918" HPOS="648"/>
                  <String HEIGHT="53"
                          WIDTH="188"
                          VPOS="1918"
                          HPOS="601"
                          CONTENT="orificio"/>
                  <SP HEIGHT="53" WIDTH="16" VPOS="1918" HPOS="789"/>
                  <String HEIGHT="53" WIDTH="94" VPOS="1918" HPOS="742" CONTENT="in"/>
                  <SP HEIGHT="53" WIDTH="16" VPOS="1918" HPOS="836"/>
                  <String HEIGHT="53"
                          WIDTH="125"
                          VPOS="1918"
                          HPOS="789"
                          CONTENT="aqua"/>
                  <SP HEIGHT="53" WIDTH="16" VPOS="1918" HPOS="914"/>
                  <String HEIGHT="53"
                          WIDTH="188"
                          VPOS="1918"
                          HPOS="867"
                          CONTENT="manente:"/>
                  <SP HEIGHT="53" WIDTH="16" VPOS="1918" HPOS="1055"/>
                  <String HEIGHT="53"
                          WIDTH="219"
                          VPOS="1918"
                          HPOS="1008"
                          CONTENT="extrahendo"/>
                  <SP HEIGHT="53" WIDTH="16" VPOS="1918" HPOS="1227"/>
                  <String HEIGHT="53" WIDTH="31" VPOS="1918" HPOS="1165" CONTENT=""/>
               </TextLine>
               <TextLine ID="r1l77"
                         BASELINE="2026"
                         HEIGHT="61"
                         WIDTH="761"
                         VPOS="1965"
                         HPOS="423">
                  <String HEIGHT="61"
                          WIDTH="213"
                          VPOS="1965"
                          HPOS="408"
                          CONTENT="pedetentim"/>
                  <SP HEIGHT="61" WIDTH="15" VPOS="1965" HPOS="621"/>
                  <String HEIGHT="61"
                          WIDTH="152"
                          VPOS="1965"
                          HPOS="575"
                          CONTENT="vitrum"/>
                  <SP HEIGHT="61" WIDTH="15" VPOS="1965" HPOS="727"/>
                  <String HEIGHT="61"
                          WIDTH="183"
                          VPOS="1965"
                          HPOS="682"
                          CONTENT="quousque"/>
                  <SP HEIGHT="61" WIDTH="15" VPOS="1965" HPOS="864"/>
                  <String HEIGHT="61"
                          WIDTH="213"
                          VPOS="1965"
                          HPOS="819"
                          CONTENT="dimidietas"/>
                  <SP HEIGHT="61" WIDTH="15" VPOS="1965" HPOS="1032"/>
                  <String HEIGHT="61"
                          WIDTH="107"
                          VPOS="1965"
                          HPOS="986"
                          CONTENT="vel"/>
                  <SP HEIGHT="61" WIDTH="15" VPOS="1965" HPOS="1093"/>
                  <String HEIGHT="61"
                          WIDTH="107"
                          VPOS="1965"
                          HPOS="1047"
                          CONTENT="vna"/>
                  <SP HEIGHT="61" WIDTH="15" VPOS="1965" HPOS="1154"/>
                  <String HEIGHT="61"
                          WIDTH="91"
                          VPOS="1965"
                          HPOS="1093"
                          CONTENT="quin"/>
               </TextLine>
               <TextLine ID="r1l79"
                         BASELINE="2059"
                         HEIGHT="47"
                         WIDTH="754"
                         VPOS="2012"
                         HPOS="432">
                  <String HEIGHT="47" WIDTH="96" VPOS="2012" HPOS="416" CONTENT="ta"/>
                  <SP HEIGHT="47" WIDTH="16" VPOS="2012" HPOS="512"/>
                  <String HEIGHT="47"
                          WIDTH="128"
                          VPOS="2012"
                          HPOS="464"
                          CONTENT="pars"/>
                  <SP HEIGHT="47" WIDTH="16" VPOS="2012" HPOS="592"/>
                  <String HEIGHT="47"
                          WIDTH="144"
                          VPOS="2012"
                          HPOS="544"
                          CONTENT="vitri"/>
                  <SP HEIGHT="47" WIDTH="16" VPOS="2012" HPOS="689"/>
                  <String HEIGHT="47"
                          WIDTH="160"
                          VPOS="2012"
                          HPOS="641"
                          CONTENT="maneat"/>
                  <SP HEIGHT="47" WIDTH="16" VPOS="2012" HPOS="801"/>
                  <String HEIGHT="47" WIDTH="96" VPOS="2012" HPOS="753" CONTENT="in"/>
                  <SP HEIGHT="47" WIDTH="16" VPOS="2012" HPOS="849"/>
                  <String HEIGHT="47"
                          WIDTH="144"
                          VPOS="2012"
                          HPOS="801"
                          CONTENT="aqua:"/>
                  <SP HEIGHT="47" WIDTH="16" VPOS="2012" HPOS="945"/>
                  <String HEIGHT="47"
                          WIDTH="112"
                          VPOS="2012"
                          HPOS="897"
                          CONTENT="vel"/>
                  <SP HEIGHT="47" WIDTH="16" VPOS="2012" HPOS="1010"/>
                  <String HEIGHT="47"
                          WIDTH="160"
                          VPOS="2012"
                          HPOS="961"
                          CONTENT="vitrum"/>
                  <SP HEIGHT="47" WIDTH="16" VPOS="2012" HPOS="1122"/>
                  <String HEIGHT="47"
                          WIDTH="112"
                          VPOS="2012"
                          HPOS="1074"
                          CONTENT="non"/>
                  <SP HEIGHT="47" WIDTH="16" VPOS="2012" HPOS="1186"/>
                  <String HEIGHT="47" WIDTH="64" VPOS="2012" HPOS="1122" CONTENT="po"/>
               </TextLine>
               <TextLine ID="r1l81"
                         BASELINE="2104"
                         HEIGHT="56"
                         WIDTH="761"
                         VPOS="2048"
                         HPOS="422">
                  <String HEIGHT="56"
                          WIDTH="109"
                          VPOS="2048"
                          HPOS="406"
                          CONTENT="tes"/>
                  <SP HEIGHT="56" WIDTH="16" VPOS="2048" HPOS="515"/>
                  <String HEIGHT="56"
                          WIDTH="217"
                          VPOS="2048"
                          HPOS="469"
                          CONTENT="extrahere:"/>
                  <SP HEIGHT="56" WIDTH="16" VPOS="2048" HPOS="686"/>
                  <String HEIGHT="56"
                          WIDTH="109"
                          VPOS="2048"
                          HPOS="639"
                          CONTENT="vel"/>
                  <SP HEIGHT="56" WIDTH="16" VPOS="2048" HPOS="748"/>
                  <String HEIGHT="56"
                          WIDTH="124"
                          VPOS="2048"
                          HPOS="702"
                          CONTENT="aqua"/>
                  <SP HEIGHT="56" WIDTH="16" VPOS="2048" HPOS="826"/>
                  <String HEIGHT="56"
                          WIDTH="186"
                          VPOS="2048"
                          HPOS="779"
                          CONTENT="ascendit"/>
                  <SP HEIGHT="56" WIDTH="16" VPOS="2048" HPOS="966"/>
                  <String HEIGHT="56" WIDTH="93" VPOS="2048" HPOS="919" CONTENT="ad"/>
                  <SP HEIGHT="56" WIDTH="16" VPOS="2048" HPOS="1012"/>
                  <String HEIGHT="56"
                          WIDTH="140"
                          VPOS="2048"
                          HPOS="966"
                          CONTENT="basim"/>
                  <SP HEIGHT="56" WIDTH="16" VPOS="2048" HPOS="1105"/>
                  <String HEIGHT="56"
                          WIDTH="140"
                          VPOS="2048"
                          HPOS="1043"
                          CONTENT="phialae"/>
               </TextLine>
               <TextLine ID="r1l83"
                         BASELINE="2148"
                         HEIGHT="53"
                         WIDTH="761"
                         VPOS="2095"
                         HPOS="429">
                  <String HEIGHT="53"
                          WIDTH="109"
                          VPOS="2095"
                          HPOS="415"
                          CONTENT="nisi"/>
                  <SP HEIGHT="53" WIDTH="14" VPOS="2095" HPOS="524"/>
                  <String HEIGHT="53"
                          WIDTH="149"
                          VPOS="2095"
                          HPOS="483"
                          CONTENT="aliquis"/>
                  <SP HEIGHT="53" WIDTH="14" VPOS="2095" HPOS="633"/>
                  <String HEIGHT="53" WIDTH="95" VPOS="2095" HPOS="592" CONTENT="aer"/>
                  <SP HEIGHT="53" WIDTH="14" VPOS="2095" HPOS="687"/>
                  <String HEIGHT="53"
                          WIDTH="204"
                          VPOS="2095"
                          HPOS="646"
                          CONTENT="ingrediatur"/>
                  <SP HEIGHT="53" WIDTH="14" VPOS="2095" HPOS="850"/>
                  <String HEIGHT="53"
                          WIDTH="122"
                          VPOS="2095"
                          HPOS="810"
                          CONTENT="inter"/>
                  <SP HEIGHT="53" WIDTH="14" VPOS="2095" HPOS="932"/>
                  <String HEIGHT="53"
                          WIDTH="149"
                          VPOS="2095"
                          HPOS="891"
                          CONTENT="digitos"/>
                  <SP HEIGHT="53" WIDTH="14" VPOS="2095" HPOS="1041"/>
                  <String HEIGHT="53"
                          WIDTH="109"
                          VPOS="2095"
                          HPOS="1000"
                          CONTENT="tuos"/>
                  <SP HEIGHT="53" WIDTH="14" VPOS="2095" HPOS="1108"/>
                  <String HEIGHT="53" WIDTH="68" VPOS="2095" HPOS="1068" CONTENT="&amp;"/>
                  <SP HEIGHT="53" WIDTH="14" VPOS="2095" HPOS="1136"/>
                  <String HEIGHT="53"
                          WIDTH="109"
                          VPOS="2095"
                          HPOS="1081"
                          CONTENT="vitrum"/>
               </TextLine>
               <TextLine ID="r1l85"
                         BASELINE="2197"
                         HEIGHT="50"
                         WIDTH="766"
                         VPOS="2147"
                         HPOS="423">
                  <String HEIGHT="50"
                          WIDTH="112"
                          VPOS="2147"
                          HPOS="407"
                          CONTENT="His"/>
                  <SP HEIGHT="50" WIDTH="16" VPOS="2147" HPOS="519"/>
                  <String HEIGHT="50"
                          WIDTH="160"
                          VPOS="2147"
                          HPOS="471"
                          CONTENT="itaque"/>
                  <SP HEIGHT="50" WIDTH="16" VPOS="2147" HPOS="630"/>
                  <String HEIGHT="50"
                          WIDTH="255"
                          VPOS="2147"
                          HPOS="583"
                          CONTENT="experimentis"/>
                  <SP HEIGHT="50" WIDTH="16" VPOS="2147" HPOS="838"/>
                  <String HEIGHT="50"
                          WIDTH="176"
                          VPOS="2147"
                          HPOS="790"
                          CONTENT="constat"/>
                  <SP HEIGHT="50" WIDTH="16" VPOS="2147" HPOS="966"/>
                  <String HEIGHT="50"
                          WIDTH="176"
                          VPOS="2147"
                          HPOS="918"
                          CONTENT="naturam"/>
                  <SP HEIGHT="50" WIDTH="16" VPOS="2147" HPOS="1093"/>
                  <String HEIGHT="50"
                          WIDTH="144"
                          VPOS="2147"
                          HPOS="1045"
                          CONTENT="summe"/>
                  <SP HEIGHT="50" WIDTH="16" VPOS="2147" HPOS="1189"/>
                  <String HEIGHT="50" WIDTH="64" VPOS="2147" HPOS="1125" CONTENT="va"/>
               </TextLine>
               <TextLine ID="r1l87"
                         BASELINE="2241"
                         HEIGHT="59"
                         WIDTH="764"
                         VPOS="2182"
                         HPOS="425">
                  <String HEIGHT="59"
                          WIDTH="109"
                          VPOS="2182"
                          HPOS="411"
                          CONTENT="cuum"/>
                  <SP HEIGHT="59" WIDTH="14" VPOS="2182" HPOS="521"/>
                  <String HEIGHT="59"
                          WIDTH="191"
                          VPOS="2182"
                          HPOS="480"
                          CONTENT="abhorrere."/>
                  <SP HEIGHT="59" WIDTH="14" VPOS="2182" HPOS="671"/>
                  <String HEIGHT="59" WIDTH="68" VPOS="2182" HPOS="630" CONTENT="&amp;"/>
                  <SP HEIGHT="59" WIDTH="14" VPOS="2182" HPOS="698"/>
                  <String HEIGHT="59"
                          WIDTH="123"
                          VPOS="2182"
                          HPOS="657"
                          CONTENT="palam"/>
                  <SP HEIGHT="59" WIDTH="14" VPOS="2182" HPOS="780"/>
                  <String HEIGHT="59" WIDTH="96" VPOS="2182" HPOS="739" CONTENT="est"/>
                  <SP HEIGHT="59" WIDTH="14" VPOS="2182" HPOS="834"/>
                  <String HEIGHT="59"
                          WIDTH="109"
                          VPOS="2182"
                          HPOS="793"
                          CONTENT="quod"/>
                  <SP HEIGHT="59" WIDTH="14" VPOS="2182" HPOS="903"/>
                  <String HEIGHT="59"
                          WIDTH="136"
                          VPOS="2182"
                          HPOS="862"
                          CONTENT="vacuum"/>
                  <SP HEIGHT="59" WIDTH="14" VPOS="2182" HPOS="998"/>
                  <String HEIGHT="59"
                          WIDTH="109"
                          VPOS="2182"
                          HPOS="957"
                          CONTENT="esse"/>
                  <SP HEIGHT="59" WIDTH="14" VPOS="2182" HPOS="1066"/>
                  <String HEIGHT="59"
                          WIDTH="177"
                          VPOS="2182"
                          HPOS="1012"
                          CONTENT="naturaliter"/>
               </TextLine>
               <TextLine ID="r1l89"
                         BASELINE="2282"
                         HEIGHT="56"
                         WIDTH="763"
                         VPOS="2226"
                         HPOS="430">
                  <String HEIGHT="56"
                          WIDTH="109"
                          VPOS="2226"
                          HPOS="414"
                          CONTENT="est"/>
                  <SP HEIGHT="56" WIDTH="16" VPOS="2226" HPOS="523"/>
                  <String HEIGHT="56"
                          WIDTH="249"
                          VPOS="2226"
                          HPOS="477"
                          CONTENT="impossibile."/>
                  <SP HEIGHT="56" WIDTH="16" VPOS="2226" HPOS="726"/>
                  <String HEIGHT="56"
                          WIDTH="125"
                          VPOS="2226"
                          HPOS="679"
                          CONTENT="siue"/>
                  <SP HEIGHT="56" WIDTH="16" VPOS="2226" HPOS="804"/>
                  <String HEIGHT="56"
                          WIDTH="187"
                          VPOS="2226"
                          HPOS="757"
                          CONTENT="ascensus"/>
                  <SP HEIGHT="56" WIDTH="16" VPOS="2226" HPOS="944"/>
                  <String HEIGHT="56"
                          WIDTH="156"
                          VPOS="2226"
                          HPOS="897"
                          CONTENT="grauis"/>
                  <SP HEIGHT="56" WIDTH="16" VPOS="2226" HPOS="1053"/>
                  <String HEIGHT="56"
                          WIDTH="109"
                          VPOS="2226"
                          HPOS="1006"
                          CONTENT="sit"/>
                  <SP HEIGHT="56" WIDTH="16" VPOS="2226" HPOS="1115"/>
                  <String HEIGHT="56" WIDTH="78" VPOS="2226" HPOS="1068" CONTENT="a"/>
                  <SP HEIGHT="56" WIDTH="16" VPOS="2226" HPOS="1146"/>
                  <String HEIGHT="56"
                          WIDTH="109"
                          VPOS="2226"
                          HPOS="1084"
                          CONTENT="forma"/>
               </TextLine>
               <TextLine ID="r1l91"
                         BASELINE="2330"
                         HEIGHT="55"
                         WIDTH="759"
                         VPOS="2275"
                         HPOS="430">
                  <String HEIGHT="55"
                          WIDTH="239"
                          VPOS="2275"
                          HPOS="416"
                          CONTENT="substantiali:"/>
                  <SP HEIGHT="55" WIDTH="14" VPOS="2275" HPOS="655"/>
                  <String HEIGHT="55"
                          WIDTH="112"
                          VPOS="2275"
                          HPOS="613"
                          CONTENT="siue"/>
                  <SP HEIGHT="55" WIDTH="14" VPOS="2275" HPOS="725"/>
                  <String HEIGHT="55"
                          WIDTH="141"
                          VPOS="2275"
                          HPOS="683"
                          CONTENT="potius"/>
                  <SP HEIGHT="55" WIDTH="14" VPOS="2275" HPOS="824"/>
                  <String HEIGHT="55" WIDTH="70" VPOS="2275" HPOS="781" CONTENT="a"/>
                  <SP HEIGHT="55" WIDTH="14" VPOS="2275" HPOS="852"/>
                  <String HEIGHT="55" WIDTH="98" VPOS="2275" HPOS="810" CONTENT="deo"/>
                  <SP HEIGHT="55" WIDTH="14" VPOS="2275" HPOS="908"/>
                  <String HEIGHT="55"
                          WIDTH="155"
                          VPOS="2275"
                          HPOS="866"
                          CONTENT="rectore"/>
                  <SP HEIGHT="55" WIDTH="14" VPOS="2275" HPOS="1020"/>
                  <String HEIGHT="55"
                          WIDTH="183"
                          VPOS="2275"
                          HPOS="978"
                          CONTENT="vniuersi:"/>
                  <SP HEIGHT="55" WIDTH="14" VPOS="2275" HPOS="1161"/>
                  <String HEIGHT="55"
                          WIDTH="84"
                          VPOS="2275"
                          HPOS="1105"
                          CONTENT="cir"
                          SUBS_TYPE="HypPart1"
                          SUBS_CONTENT="circa"/>
                  <HYP CONTENT="-"/>
               </TextLine>
               <TextLine ID="r1l93"
                         BASELINE="2372"
                         HEIGHT="56"
                         WIDTH="760"
                         VPOS="2316"
                         HPOS="427">
                  <String HEIGHT="56"
                          WIDTH="81"
                          VPOS="2316"
                          HPOS="413"
                          CONTENT="ca"
                          SUBS_TYPE="HypPart2"
                          SUBS_CONTENT="circa"/>
                  <SP HEIGHT="56" WIDTH="14" VPOS="2316" HPOS="495"/>
                  <String HEIGHT="56"
                          WIDTH="109"
                          VPOS="2316"
                          HPOS="454"
                          CONTENT="quod"/>
                  <SP HEIGHT="56" WIDTH="14" VPOS="2316" HPOS="563"/>
                  <String HEIGHT="56"
                          WIDTH="109"
                          VPOS="2316"
                          HPOS="522"
                          CONTENT="nunc"/>
                  <SP HEIGHT="56" WIDTH="14" VPOS="2316" HPOS="631"/>
                  <String HEIGHT="56" WIDTH="95" VPOS="2316" HPOS="590" CONTENT="non"/>
                  <SP HEIGHT="56" WIDTH="14" VPOS="2316" HPOS="685"/>
                  <String HEIGHT="56"
                          WIDTH="163"
                          VPOS="2316"
                          HPOS="644"
                          CONTENT="insisto."/>
                  <SP HEIGHT="56" WIDTH="14" VPOS="2316" HPOS="807"/>
                  <String HEIGHT="56" WIDTH="95" VPOS="2316" HPOS="766" CONTENT="Non"/>
                  <SP HEIGHT="56" WIDTH="14" VPOS="2316" HPOS="861"/>
                  <String HEIGHT="56"
                          WIDTH="122"
                          VPOS="2316"
                          HPOS="821"
                          CONTENT="tamen"/>
                  <SP HEIGHT="56" WIDTH="14" VPOS="2316" HPOS="943"/>
                  <String HEIGHT="56"
                          WIDTH="109"
                          VPOS="2316"
                          HPOS="902"
                          CONTENT="nego"/>
                  <SP HEIGHT="56" WIDTH="14" VPOS="2316" HPOS="1011"/>
                  <String HEIGHT="56"
                          WIDTH="109"
                          VPOS="2316"
                          HPOS="970"
                          CONTENT="quin"/>
                  <SP HEIGHT="56" WIDTH="14" VPOS="2316" HPOS="1078"/>
                  <String HEIGHT="56"
                          WIDTH="136"
                          VPOS="2316"
                          HPOS="1038"
                          CONTENT="vacuum"/>
                  <SP HEIGHT="56" WIDTH="14" VPOS="2316" HPOS="1173"/>
                  <String HEIGHT="56"
                          WIDTH="68"
                          VPOS="2316"
                          HPOS="1119"
                          CONTENT="pos"/>
               </TextLine>
               <TextLine ID="r1l94"
                         BASELINE="2416"
                         HEIGHT="52"
                         WIDTH="766"
                         VPOS="2364"
                         HPOS="426">
                  <String HEIGHT="52"
                          WIDTH="103"
                          VPOS="2364"
                          HPOS="411"
                          CONTENT="sit"/>
                  <SP HEIGHT="52" WIDTH="15" VPOS="2364" HPOS="514"/>
                  <String HEIGHT="52"
                          WIDTH="118"
                          VPOS="2364"
                          HPOS="470"
                          CONTENT="esse"/>
                  <SP HEIGHT="52" WIDTH="15" VPOS="2364" HPOS="588"/>
                  <String HEIGHT="52"
                          WIDTH="309"
                          VPOS="2364"
                          HPOS="544"
                          CONTENT="supernaturaliter."/>
                  <SP HEIGHT="52" WIDTH="15" VPOS="2364" HPOS="853"/>
                  <String HEIGHT="52" WIDTH="74" VPOS="2364" HPOS="809" CONTENT=""/>
                  <SP HEIGHT="52" WIDTH="15" VPOS="2364" HPOS="883"/>
                  <String HEIGHT="52" WIDTH="88" VPOS="2364" HPOS="838" CONTENT="Ad"/>
                  <SP HEIGHT="52" WIDTH="15" VPOS="2364" HPOS="927"/>
                  <String HEIGHT="52"
                          WIDTH="133"
                          VPOS="2364"
                          HPOS="883"
                          CONTENT="nodum"/>
                  <SP HEIGHT="52" WIDTH="15" VPOS="2364" HPOS="1015"/>
                  <String HEIGHT="52"
                          WIDTH="147"
                          VPOS="2364"
                          HPOS="971"
                          CONTENT="igitur"/>
                  <SP HEIGHT="52" WIDTH="15" VPOS="2364" HPOS="1118"/>
                  <String HEIGHT="52"
                          WIDTH="133"
                          VPOS="2364"
                          HPOS="1059"
                          CONTENT="argumen"/>
               </TextLine>
               <TextLine ID="r1l96"
                         BASELINE="2463"
                         HEIGHT="49"
                         WIDTH="764"
                         VPOS="2414"
                         HPOS="429">
                  <String HEIGHT="49" WIDTH="82" VPOS="2414" HPOS="415" CONTENT="ti"/>
                  <SP HEIGHT="49" WIDTH="14" VPOS="2414" HPOS="497"/>
                  <String HEIGHT="49"
                          WIDTH="109"
                          VPOS="2414"
                          HPOS="456"
                          CONTENT="dico"/>
                  <SP HEIGHT="49" WIDTH="14" VPOS="2414" HPOS="565"/>
                  <String HEIGHT="49"
                          WIDTH="109"
                          VPOS="2414"
                          HPOS="525"
                          CONTENT="quod"/>
                  <SP HEIGHT="49" WIDTH="14" VPOS="2414" HPOS="634"/>
                  <String HEIGHT="49" WIDTH="96" VPOS="2414" HPOS="593" CONTENT="non"/>
                  <SP HEIGHT="49" WIDTH="14" VPOS="2414" HPOS="688"/>
                  <String HEIGHT="49"
                          WIDTH="164"
                          VPOS="2414"
                          HPOS="647"
                          CONTENT="repugnat"/>
                  <SP HEIGHT="49" WIDTH="14" VPOS="2414" HPOS="811"/>
                  <String HEIGHT="49"
                          WIDTH="109"
                          VPOS="2414"
                          HPOS="770"
                          CONTENT="aeri"/>
                  <SP HEIGHT="49" WIDTH="14" VPOS="2414" HPOS="879"/>
                  <String HEIGHT="49"
                          WIDTH="136"
                          VPOS="2414"
                          HPOS="838"
                          CONTENT="mutari"/>
                  <SP HEIGHT="49" WIDTH="14" VPOS="2414" HPOS="975"/>
                  <String HEIGHT="49"
                          WIDTH="150"
                          VPOS="2414"
                          HPOS="934"
                          CONTENT="subito,"/>
                  <SP HEIGHT="49" WIDTH="14" VPOS="2414" HPOS="1084"/>
                  <String HEIGHT="49"
                          WIDTH="136"
                          VPOS="2414"
                          HPOS="1043"
                          CONTENT="quaere"/>
                  <SP HEIGHT="49" WIDTH="14" VPOS="2414" HPOS="1179"/>
                  <String HEIGHT="49"
                          WIDTH="68"
                          VPOS="2414"
                          HPOS="1125"
                          CONTENT="er"
                          SUBS_TYPE="HypPart1"
                          SUBS_CONTENT="ergo"/>
                  <HYP CONTENT="-"/>
               </TextLine>
               <TextLine ID="r1l99"
                         BASELINE="2508"
                         HEIGHT="56"
                         WIDTH="755"
                         VPOS="2452"
                         HPOS="434">
                  <String HEIGHT="56"
                          WIDTH="91"
                          VPOS="2452"
                          HPOS="419"
                          CONTENT="go"
                          SUBS_TYPE="HypPart2"
                          SUBS_CONTENT="ergo"/>
                  <SP HEIGHT="56" WIDTH="15" VPOS="2452" HPOS="510"/>
                  <String HEIGHT="56"
                          WIDTH="106"
                          VPOS="2452"
                          HPOS="464"
                          CONTENT="non"/>
                  <SP HEIGHT="56" WIDTH="15" VPOS="2452" HPOS="570"/>
                  <String HEIGHT="56"
                          WIDTH="181"
                          VPOS="2452"
                          HPOS="525"
                          CONTENT="intrabit"/>
                  <SP HEIGHT="56" WIDTH="15" VPOS="2452" HPOS="706"/>
                  <String HEIGHT="56" WIDTH="91" VPOS="2452" HPOS="661" CONTENT="in"/>
                  <SP HEIGHT="56" WIDTH="15" VPOS="2452" HPOS="751"/>
                  <String HEIGHT="56"
                          WIDTH="196"
                          VPOS="2452"
                          HPOS="706"
                          CONTENT="instanti?"/>
                  <SP HEIGHT="56" WIDTH="15" VPOS="2452" HPOS="902"/>
                  <String HEIGHT="56"
                          WIDTH="136"
                          VPOS="2452"
                          HPOS="857"
                          CONTENT="nulla"/>
                  <SP HEIGHT="56" WIDTH="15" VPOS="2452" HPOS="993"/>
                  <String HEIGHT="56"
                          WIDTH="106"
                          VPOS="2452"
                          HPOS="947"
                          CONTENT="est"/>
                  <SP HEIGHT="56" WIDTH="15" VPOS="2452" HPOS="1053"/>
                  <String HEIGHT="56"
                          WIDTH="196"
                          VPOS="2452"
                          HPOS="993"
                          CONTENT="repugnantia"/>
               </TextLine>
               <TextLine ID="r1l101"
                         BASELINE="2545"
                         HEIGHT="52"
                         WIDTH="751"
                         VPOS="2493"
                         HPOS="437">
                  <String HEIGHT="52"
                          WIDTH="205"
                          VPOS="2493"
                          HPOS="423"
                          CONTENT="intrinseca:"/>
                  <SP HEIGHT="52" WIDTH="14" VPOS="2493" HPOS="628"/>
                  <String HEIGHT="52" WIDTH="96" VPOS="2493" HPOS="587" CONTENT="cum"/>
                  <SP HEIGHT="52" WIDTH="14" VPOS="2493" HPOS="683"/>
                  <String HEIGHT="52"
                          WIDTH="123"
                          VPOS="2493"
                          HPOS="642"
                          CONTENT="forma"/>
                  <SP HEIGHT="52" WIDTH="14" VPOS="2493" HPOS="765"/>
                  <String HEIGHT="52"
                          WIDTH="123"
                          VPOS="2493"
                          HPOS="724"
                          CONTENT="aeris"/>
                  <SP HEIGHT="52" WIDTH="14" VPOS="2493" HPOS="847"/>
                  <String HEIGHT="52" WIDTH="82" VPOS="2493" HPOS="806" CONTENT="ad"/>
                  <SP HEIGHT="52" WIDTH="14" VPOS="2493" HPOS="888"/>
                  <String HEIGHT="52" WIDTH="96" VPOS="2493" HPOS="847" CONTENT="hoc"/>
                  <SP HEIGHT="52" WIDTH="14" VPOS="2493" HPOS="942"/>
                  <String HEIGHT="52"
                          WIDTH="205"
                          VPOS="2493"
                          HPOS="901"
                          CONTENT="inclinetur."/>
                  <SP HEIGHT="52" WIDTH="14" VPOS="2493" HPOS="1106"/>
                  <String HEIGHT="52"
                          WIDTH="137"
                          VPOS="2493"
                          HPOS="1051"
                          CONTENT="Resisten"/>
               </TextLine>
               <TextLine ID="r1l103"
                         BASELINE="2588"
                         HEIGHT="45"
                         WIDTH="761"
                         VPOS="2543"
                         HPOS="438">
                  <String HEIGHT="45"
                          WIDTH="107"
                          VPOS="2543"
                          HPOS="423"
                          CONTENT="tia"/>
                  <SP HEIGHT="45" WIDTH="15" VPOS="2543" HPOS="529"/>
                  <String HEIGHT="45"
                          WIDTH="122"
                          VPOS="2543"
                          HPOS="484"
                          CONTENT="enim"/>
                  <SP HEIGHT="45" WIDTH="15" VPOS="2543" HPOS="605"/>
                  <String HEIGHT="45"
                          WIDTH="213"
                          VPOS="2543"
                          HPOS="560"
                          CONTENT="extrinseca"/>
                  <SP HEIGHT="45" WIDTH="15" VPOS="2543" HPOS="773"/>
                  <String HEIGHT="45"
                          WIDTH="107"
                          VPOS="2543"
                          HPOS="727"
                          CONTENT="non"/>
                  <SP HEIGHT="45" WIDTH="15" VPOS="2543" HPOS="834"/>
                  <String HEIGHT="45"
                          WIDTH="183"
                          VPOS="2543"
                          HPOS="788"
                          CONTENT="impedit."/>
                  <SP HEIGHT="45" WIDTH="15" VPOS="2543" HPOS="971"/>
                  <String HEIGHT="45"
                          WIDTH="107"
                          VPOS="2543"
                          HPOS="925"
                          CONTENT="Nec"/>
                  <SP HEIGHT="45" WIDTH="15" VPOS="2543" HPOS="1032"/>
                  <String HEIGHT="45"
                          WIDTH="137"
                          VPOS="2543"
                          HPOS="986"
                          CONTENT="valet"/>
                  <SP HEIGHT="45" WIDTH="15" VPOS="2543" HPOS="1123"/>
                  <String HEIGHT="45"
                          WIDTH="137"
                          VPOS="2543"
                          HPOS="1062"
                          CONTENT="dicere."/>
               </TextLine>
               <TextLine ID="r1l105"
                         BASELINE="2638"
                         HEIGHT="57"
                         WIDTH="758"
                         VPOS="2581"
                         HPOS="432">
                  <String HEIGHT="57"
                          WIDTH="113"
                          VPOS="2581"
                          HPOS="416"
                          CONTENT="est"/>
                  <SP HEIGHT="57" WIDTH="16" VPOS="2581" HPOS="529"/>
                  <String HEIGHT="57"
                          WIDTH="145"
                          VPOS="2581"
                          HPOS="480"
                          CONTENT="agens"/>
                  <SP HEIGHT="57" WIDTH="16" VPOS="2581" HPOS="626"/>
                  <String HEIGHT="57"
                          WIDTH="210"
                          VPOS="2581"
                          HPOS="577"
                          CONTENT="limitatum"/>
                  <SP HEIGHT="57" WIDTH="16" VPOS="2581" HPOS="787"/>
                  <String HEIGHT="57" WIDTH="81" VPOS="2581" HPOS="738" CONTENT="&amp;"/>
                  <SP HEIGHT="57" WIDTH="16" VPOS="2581" HPOS="819"/>
                  <String HEIGHT="57"
                          WIDTH="194"
                          VPOS="2581"
                          HPOS="771"
                          CONTENT="finitum:"/>
                  <SP HEIGHT="57" WIDTH="16" VPOS="2581" HPOS="964"/>
                  <String HEIGHT="57"
                          WIDTH="129"
                          VPOS="2581"
                          HPOS="916"
                          CONTENT="ergo"/>
                  <SP HEIGHT="57" WIDTH="16" VPOS="2581" HPOS="1045"/>
                  <String HEIGHT="57"
                          WIDTH="113"
                          VPOS="2581"
                          HPOS="996"
                          CONTENT="non"/>
                  <SP HEIGHT="57" WIDTH="16" VPOS="2581" HPOS="1109"/>
                  <String HEIGHT="57"
                          WIDTH="145"
                          VPOS="2581"
                          HPOS="1045"
                          CONTENT="potest:"/>
               </TextLine>
               <TextLine ID="r1l107"
                         BASELINE="2682"
                         HEIGHT="54"
                         WIDTH="755"
                         VPOS="2628"
                         HPOS="438">
                  <String HEIGHT="54"
                          WIDTH="128"
                          VPOS="2628"
                          HPOS="424"
                          CONTENT="agere"/>
                  <SP HEIGHT="54" WIDTH="14" VPOS="2628" HPOS="552"/>
                  <String HEIGHT="54" WIDTH="85" VPOS="2628" HPOS="509" CONTENT="in"/>
                  <SP HEIGHT="54" WIDTH="14" VPOS="2628" HPOS="595"/>
                  <String HEIGHT="54"
                          WIDTH="185"
                          VPOS="2628"
                          HPOS="552"
                          CONTENT="instanti."/>
                  <SP HEIGHT="54" WIDTH="14" VPOS="2628" HPOS="737"/>
                  <String HEIGHT="54"
                          WIDTH="100"
                          VPOS="2628"
                          HPOS="694"
                          CONTENT="nam"/>
                  <SP HEIGHT="54" WIDTH="14" VPOS="2628" HPOS="794"/>
                  <String HEIGHT="54"
                          WIDTH="171"
                          VPOS="2628"
                          HPOS="751"
                          CONTENT="secundum"/>
                  <SP HEIGHT="54" WIDTH="14" VPOS="2628" HPOS="922"/>
                  <String HEIGHT="54"
                          WIDTH="128"
                          VPOS="2628"
                          HPOS="880"
                          CONTENT="istos"/>
                  <SP HEIGHT="54" WIDTH="14" VPOS="2628" HPOS="1008"/>
                  <String HEIGHT="54"
                          WIDTH="142"
                          VPOS="2628"
                          HPOS="965"
                          CONTENT="eosdem"/>
                  <SP HEIGHT="54" WIDTH="14" VPOS="2628" HPOS="1108"/>
                  <String HEIGHT="54"
                          WIDTH="128"
                          VPOS="2628"
                          HPOS="1065"
                          CONTENT="anima"/>
                  <SP HEIGHT="54" WIDTH="14" VPOS="2628" HPOS="1193"/>
                  <String HEIGHT="54" WIDTH="57" VPOS="2628" HPOS="1136" CONTENT="po"/>
               </TextLine>
               <TextLine ID="r1l109"
                         BASELINE="2730"
                         HEIGHT="46"
                         WIDTH="757"
                         VPOS="2684"
                         HPOS="432">
                  <String HEIGHT="46"
                          WIDTH="104"
                          VPOS="2684"
                          HPOS="419"
                          CONTENT="test"/>
                  <SP HEIGHT="46" WIDTH="13" VPOS="2684" HPOS="523"/>
                  <String HEIGHT="46"
                          WIDTH="104"
                          VPOS="2684"
                          HPOS="484"
                          CONTENT="suos"/>
                  <SP HEIGHT="46" WIDTH="13" VPOS="2684" HPOS="589"/>
                  <String HEIGHT="46"
                          WIDTH="117"
                          VPOS="2684"
                          HPOS="549"
                          CONTENT="actus"/>
                  <SP HEIGHT="46" WIDTH="13" VPOS="2684" HPOS="667"/>
                  <String HEIGHT="46"
                          WIDTH="170"
                          VPOS="2684"
                          HPOS="628"
                          CONTENT="producere"/>
                  <SP HEIGHT="46" WIDTH="13" VPOS="2684" HPOS="797"/>
                  <String HEIGHT="46" WIDTH="78" VPOS="2684" HPOS="758" CONTENT="in"/>
                  <SP HEIGHT="46" WIDTH="13" VPOS="2684" HPOS="837"/>
                  <String HEIGHT="46"
                          WIDTH="170"
                          VPOS="2684"
                          HPOS="797"
                          CONTENT="instanti:"/>
                  <SP HEIGHT="46" WIDTH="13" VPOS="2684" HPOS="967"/>
                  <String HEIGHT="46" WIDTH="65" VPOS="2684" HPOS="928" CONTENT="&amp;"/>
                  <SP HEIGHT="46" WIDTH="13" VPOS="2684" HPOS="993"/>
                  <String HEIGHT="46"
                          WIDTH="117"
                          VPOS="2684"
                          HPOS="954"
                          CONTENT="tamen"/>
                  <SP HEIGHT="46" WIDTH="13" VPOS="2684" HPOS="1072"/>
                  <String HEIGHT="46"
                          WIDTH="91"
                          VPOS="2684"
                          HPOS="1032"
                          CONTENT="est"/>
                  <SP HEIGHT="46" WIDTH="13" VPOS="2684" HPOS="1124"/>
                  <String HEIGHT="46"
                          WIDTH="117"
                          VPOS="2684"
                          HPOS="1072"
                          CONTENT="creatus"/>
               </TextLine>
               <TextLine ID="r1l111"
                         BASELINE="2778"
                         HEIGHT="63"
                         WIDTH="757"
                         VPOS="2715"
                         HPOS="429">
                  <String HEIGHT="63" WIDTH="89" VPOS="2715" HPOS="414" CONTENT="ra"/>
                  <SP HEIGHT="63" WIDTH="15" VPOS="2715" HPOS="503"/>
                  <String HEIGHT="63"
                          WIDTH="163"
                          VPOS="2715"
                          HPOS="459"
                          CONTENT="finita."/>
                  <SP HEIGHT="63" WIDTH="15" VPOS="2715" HPOS="622"/>
                  <String HEIGHT="63"
                          WIDTH="104"
                          VPOS="2715"
                          HPOS="577"
                          CONTENT="Sed"/>
                  <SP HEIGHT="63" WIDTH="15" VPOS="2715" HPOS="681"/>
                  <String HEIGHT="63"
                          WIDTH="134"
                          VPOS="2715"
                          HPOS="637"
                          CONTENT="cotra"/>
                  <SP HEIGHT="63" WIDTH="15" VPOS="2715" HPOS="770"/>
                  <String HEIGHT="63"
                          WIDTH="104"
                          VPOS="2715"
                          HPOS="726"
                          CONTENT="hoc"/>
                  <SP HEIGHT="63" WIDTH="15" VPOS="2715" HPOS="830"/>
                  <String HEIGHT="63"
                          WIDTH="148"
                          VPOS="2715"
                          HPOS="785"
                          CONTENT="dicis."/>
                  <SP HEIGHT="63" WIDTH="15" VPOS="2715" HPOS="934"/>
                  <String HEIGHT="63"
                          WIDTH="163"
                          VPOS="2715"
                          HPOS="889"
                          CONTENT="ponamus"/>
                  <SP HEIGHT="63" WIDTH="15" VPOS="2715" HPOS="1052"/>
                  <String HEIGHT="63"
                          WIDTH="134"
                          VPOS="2715"
                          HPOS="1008"
                          CONTENT="totam"/>
                  <SP HEIGHT="63" WIDTH="15" VPOS="2715" HPOS="1141"/>
                  <String HEIGHT="63"
                          WIDTH="104"
                          VPOS="2715"
                          HPOS="1082"
                          CONTENT="sphae"/>
               </TextLine>
            </TextBlock>
            <TextBlock ID="TextRegion_1592253307248_2176"
                       HEIGHT="2526"
                       WIDTH="822"
                       VPOS="243"
                       HPOS="1223">
               <Shape>
                  <Polygon POINTS="1223,243 2045,243 2045,2769 1223,2769"/>
               </Shape>
               <TextLine ID="r1l2"
                         BASELINE="369"
                         HEIGHT="44"
                         WIDTH="787"
                         VPOS="325"
                         HPOS="1236">
                  <String HEIGHT="44"
                          WIDTH="106"
                          VPOS="325"
                          HPOS="1221"
                          CONTENT="ram"/>
                  <SP HEIGHT="44" WIDTH="15" VPOS="325" HPOS="1327"/>
                  <String HEIGHT="44"
                          WIDTH="151"
                          VPOS="325"
                          HPOS="1281"
                          CONTENT="aeris,"/>
                  <SP HEIGHT="44" WIDTH="15" VPOS="325" HPOS="1433"/>
                  <String HEIGHT="44"
                          WIDTH="151"
                          VPOS="325"
                          HPOS="1387"
                          CONTENT="aquae,"/>
                  <SP HEIGHT="44" WIDTH="15" VPOS="325" HPOS="1539"/>
                  <String HEIGHT="44" WIDTH="76" VPOS="325" HPOS="1493" CONTENT="&amp;"/>
                  <SP HEIGHT="44" WIDTH="15" VPOS="325" HPOS="1569"/>
                  <String HEIGHT="44"
                          WIDTH="151"
                          VPOS="325"
                          HPOS="1524"
                          CONTENT="terrae"/>
                  <SP HEIGHT="44" WIDTH="15" VPOS="325" HPOS="1675"/>
                  <String HEIGHT="44"
                          WIDTH="212"
                          VPOS="325"
                          HPOS="1630"
                          CONTENT="corruptam:"/>
                  <SP HEIGHT="44" WIDTH="15" VPOS="325" HPOS="1841"/>
                  <String HEIGHT="44"
                          WIDTH="121"
                          VPOS="325"
                          HPOS="1796"
                          CONTENT="tunc"/>
                  <SP HEIGHT="44" WIDTH="15" VPOS="325" HPOS="1917"/>
                  <String HEIGHT="44"
                          WIDTH="136"
                          VPOS="325"
                          HPOS="1872"
                          CONTENT="ignis"/>
                  <SP HEIGHT="44" WIDTH="15" VPOS="325" HPOS="2008"/>
                  <String HEIGHT="44" WIDTH="76" VPOS="325" HPOS="1947" CONTENT="per"/>
               </TextLine>
               <TextLine ID="r1l4"
                         BASELINE="414"
                         HEIGHT="51"
                         WIDTH="778"
                         VPOS="363"
                         HPOS="1242">
                  <String HEIGHT="51" WIDTH="88" VPOS="363" HPOS="1227" CONTENT="me"/>
                  <SP HEIGHT="51" WIDTH="15" VPOS="363" HPOS="1315"/>
                  <String HEIGHT="51"
                          WIDTH="117"
                          VPOS="363"
                          HPOS="1271"
                          CONTENT="ibit"/>
                  <SP HEIGHT="51" WIDTH="15" VPOS="363" HPOS="1389"/>
                  <String HEIGHT="51"
                          WIDTH="147"
                          VPOS="363"
                          HPOS="1345"
                          CONTENT="subito"/>
                  <SP HEIGHT="51" WIDTH="15" VPOS="363" HPOS="1492"/>
                  <String HEIGHT="51" WIDTH="88" VPOS="363" HPOS="1448" CONTENT="ad"/>
                  <SP HEIGHT="51" WIDTH="15" VPOS="363" HPOS="1536"/>
                  <String HEIGHT="51"
                          WIDTH="191"
                          VPOS="363"
                          HPOS="1492"
                          CONTENT="euitandum"/>
                  <SP HEIGHT="51" WIDTH="15" VPOS="363" HPOS="1682"/>
                  <String HEIGHT="51"
                          WIDTH="161"
                          VPOS="363"
                          HPOS="1638"
                          CONTENT="vacuum:"/>
                  <SP HEIGHT="51" WIDTH="15" VPOS="363" HPOS="1800"/>
                  <String HEIGHT="51" WIDTH="73" VPOS="363" HPOS="1756" CONTENT="&amp;"/>
                  <SP HEIGHT="51" WIDTH="15" VPOS="363" HPOS="1829"/>
                  <String HEIGHT="51"
                          WIDTH="103"
                          VPOS="363"
                          HPOS="1785"
                          CONTENT="sic"/>
                  <SP HEIGHT="51" WIDTH="15" VPOS="363" HPOS="1888"/>
                  <String HEIGHT="51"
                          WIDTH="117"
                          VPOS="363"
                          HPOS="1844"
                          CONTENT="erit"/>
                  <SP HEIGHT="51" WIDTH="15" VPOS="363" HPOS="1961"/>
                  <String HEIGHT="51"
                          WIDTH="117"
                          VPOS="363"
                          HPOS="1903"
                          CONTENT="mirabi"/>
               </TextLine>
               <TextLine ID="r1l6"
                         BASELINE="455"
                         HEIGHT="45"
                         WIDTH="769"
                         VPOS="410"
                         HPOS="1241">
                  <String HEIGHT="45"
                          WIDTH="106"
                          VPOS="410"
                          HPOS="1226"
                          CONTENT="lis"/>
                  <SP HEIGHT="45" WIDTH="15" VPOS="410" HPOS="1331"/>
                  <String HEIGHT="45"
                          WIDTH="181"
                          VPOS="410"
                          HPOS="1286"
                          CONTENT="raritas."/>
                  <SP HEIGHT="45" WIDTH="15" VPOS="410" HPOS="1467"/>
                  <String HEIGHT="45"
                          WIDTH="211"
                          VPOS="410"
                          HPOS="1422"
                          CONTENT="Respondeo."/>
                  <SP HEIGHT="45" WIDTH="15" VPOS="410" HPOS="1633"/>
                  <String HEIGHT="45"
                          WIDTH="106"
                          VPOS="410"
                          HPOS="1588"
                          CONTENT="hoc"/>
                  <SP HEIGHT="45" WIDTH="15" VPOS="410" HPOS="1693"/>
                  <String HEIGHT="45"
                          WIDTH="211"
                          VPOS="410"
                          HPOS="1648"
                          CONTENT="argumentum"/>
                  <SP HEIGHT="45" WIDTH="15" VPOS="410" HPOS="1859"/>
                  <String HEIGHT="45"
                          WIDTH="121"
                          VPOS="410"
                          HPOS="1814"
                          CONTENT="erit"/>
                  <SP HEIGHT="45" WIDTH="15" VPOS="410" HPOS="1935"/>
                  <String HEIGHT="45"
                          WIDTH="151"
                          VPOS="410"
                          HPOS="1889"
                          CONTENT="aequa-"/>
                  <SP HEIGHT="45" WIDTH="15" VPOS="410" HPOS="2040"/>
                  <String HEIGHT="45" WIDTH="30" VPOS="410" HPOS="1980" CONTENT=""/>
               </TextLine>
               <TextLine ID="r1l8"
                         BASELINE="505"
                         HEIGHT="57"
                         WIDTH="779"
                         VPOS="448"
                         HPOS="1242">
                  <String HEIGHT="57" WIDTH="97" VPOS="448" HPOS="1228" CONTENT="lis"/>
                  <SP HEIGHT="57" WIDTH="14" VPOS="448" HPOS="1325"/>
                  <String HEIGHT="57"
                          WIDTH="167"
                          VPOS="448"
                          HPOS="1284"
                          CONTENT="ponderis"/>
                  <SP HEIGHT="57" WIDTH="14" VPOS="448" HPOS="1451"/>
                  <String HEIGHT="57"
                          WIDTH="139"
                          VPOS="448"
                          HPOS="1409"
                          CONTENT="contra"/>
                  <SP HEIGHT="57" WIDTH="14" VPOS="448" HPOS="1548"/>
                  <String HEIGHT="57" WIDTH="83" VPOS="448" HPOS="1506" CONTENT="te"/>
                  <SP HEIGHT="57" WIDTH="14" VPOS="448" HPOS="1590"/>
                  <String HEIGHT="57" WIDTH="83" VPOS="448" HPOS="1548" CONTENT="si"/>
                  <SP HEIGHT="57" WIDTH="14" VPOS="448" HPOS="1632"/>
                  <String HEIGHT="57"
                          WIDTH="153"
                          VPOS="448"
                          HPOS="1590"
                          CONTENT="ponatur"/>
                  <SP HEIGHT="57" WIDTH="14" VPOS="448" HPOS="1743"/>
                  <String HEIGHT="57"
                          WIDTH="195"
                          VPOS="448"
                          HPOS="1701"
                          CONTENT="successiue"/>
                  <SP HEIGHT="57" WIDTH="14" VPOS="448" HPOS="1896"/>
                  <String HEIGHT="57"
                          WIDTH="153"
                          VPOS="448"
                          HPOS="1854"
                          CONTENT="moueri."/>
                  <SP HEIGHT="57" WIDTH="14" VPOS="448" HPOS="2007"/>
                  <String HEIGHT="57" WIDTH="70" VPOS="448" HPOS="1951" CONTENT="nam"/>
               </TextLine>
               <TextLine ID="r1l10"
                         BASELINE="554"
                         HEIGHT="59"
                         WIDTH="767"
                         VPOS="495"
                         HPOS="1244">
                  <String HEIGHT="59"
                          WIDTH="145"
                          VPOS="495"
                          HPOS="1230"
                          CONTENT="quaero"/>
                  <SP HEIGHT="59" WIDTH="14" VPOS="495" HPOS="1374"/>
                  <String HEIGHT="59"
                          WIDTH="101"
                          VPOS="495"
                          HPOS="1331"
                          CONTENT="vbi"/>
                  <SP HEIGHT="59" WIDTH="14" VPOS="495" HPOS="1432"/>
                  <String HEIGHT="59"
                          WIDTH="116"
                          VPOS="495"
                          HPOS="1389"
                          CONTENT="erit"/>
                  <SP HEIGHT="59" WIDTH="14" VPOS="495" HPOS="1504"/>
                  <String HEIGHT="59"
                          WIDTH="145"
                          VPOS="495"
                          HPOS="1461"
                          CONTENT="status"/>
                  <SP HEIGHT="59" WIDTH="14" VPOS="495" HPOS="1606"/>
                  <String HEIGHT="59"
                          WIDTH="203"
                          VPOS="495"
                          HPOS="1562"
                          CONTENT="successiue"/>
                  <SP HEIGHT="59" WIDTH="14" VPOS="495" HPOS="1765"/>
                  <String HEIGHT="59" WIDTH="87" VPOS="495" HPOS="1722" CONTENT="in"/>
                  <SP HEIGHT="59" WIDTH="14" VPOS="495" HPOS="1808"/>
                  <String HEIGHT="59"
                          WIDTH="174"
                          VPOS="495"
                          HPOS="1765"
                          CONTENT="raritate"/>
                  <SP HEIGHT="59" WIDTH="14" VPOS="495" HPOS="1939"/>
                  <String HEIGHT="59"
                          WIDTH="130"
                          VPOS="495"
                          HPOS="1881"
                          CONTENT="mouendo"/>
               </TextLine>
               <TextLine ID="r1l12"
                         BASELINE="590"
                         HEIGHT="55"
                         WIDTH="770"
                         VPOS="535"
                         HPOS="1247">
                  <String HEIGHT="55" WIDTH="89" VPOS="535" HPOS="1232" CONTENT="ad"/>
                  <SP HEIGHT="55" WIDTH="15" VPOS="535" HPOS="1321"/>
                  <String HEIGHT="55"
                          WIDTH="193"
                          VPOS="535"
                          HPOS="1277"
                          CONTENT="fugiendum"/>
                  <SP HEIGHT="55" WIDTH="15" VPOS="535" HPOS="1469"/>
                  <String HEIGHT="55"
                          WIDTH="163"
                          VPOS="535"
                          HPOS="1425"
                          CONTENT="vacuum."/>
                  <SP HEIGHT="55" WIDTH="15" VPOS="535" HPOS="1588"/>
                  <String HEIGHT="55" WIDTH="89" VPOS="535" HPOS="1543" CONTENT="si"/>
                  <SP HEIGHT="55" WIDTH="15" VPOS="535" HPOS="1632"/>
                  <String HEIGHT="55"
                          WIDTH="163"
                          VPOS="535"
                          HPOS="1588"
                          CONTENT="nullus:"/>
                  <SP HEIGHT="55" WIDTH="15" VPOS="535" HPOS="1750"/>
                  <String HEIGHT="55"
                          WIDTH="163"
                          VPOS="535"
                          HPOS="1706"
                          CONTENT="habetur"/>
                  <SP HEIGHT="55" WIDTH="15" VPOS="535" HPOS="1869"/>
                  <String HEIGHT="55"
                          WIDTH="207"
                          VPOS="535"
                          HPOS="1810"
                          CONTENT="inconveniens"/>
               </TextLine>
               <TextLine ID="r1l14"
                         BASELINE="643"
                         HEIGHT="56"
                         WIDTH="772"
                         VPOS="587"
                         HPOS="1245">
                  <String HEIGHT="56"
                          WIDTH="114"
                          VPOS="587"
                          HPOS="1231"
                          CONTENT="quod"/>
                  <SP HEIGHT="56" WIDTH="14" VPOS="587" HPOS="1345"/>
                  <String HEIGHT="56"
                          WIDTH="143"
                          VPOS="587"
                          HPOS="1302"
                          CONTENT="contra"/>
                  <SP HEIGHT="56" WIDTH="14" VPOS="587" HPOS="1445"/>
                  <String HEIGHT="56"
                          WIDTH="100"
                          VPOS="587"
                          HPOS="1402"
                          CONTENT="nos"/>
                  <SP HEIGHT="56" WIDTH="14" VPOS="587" HPOS="1502"/>
                  <String HEIGHT="56"
                          WIDTH="157"
                          VPOS="587"
                          HPOS="1459"
                          CONTENT="infers."/>
                  <SP HEIGHT="56" WIDTH="14" VPOS="587" HPOS="1617"/>
                  <String HEIGHT="56" WIDTH="86" VPOS="587" HPOS="1574" CONTENT="si"/>
                  <SP HEIGHT="56" WIDTH="14" VPOS="587" HPOS="1660"/>
                  <String HEIGHT="56"
                          WIDTH="100"
                          VPOS="587"
                          HPOS="1617"
                          CONTENT="sit"/>
                  <SP HEIGHT="56" WIDTH="14" VPOS="587" HPOS="1717"/>
                  <String HEIGHT="56"
                          WIDTH="143"
                          VPOS="587"
                          HPOS="1674"
                          CONTENT="status"/>
                  <SP HEIGHT="56" WIDTH="14" VPOS="587" HPOS="1817"/>
                  <String HEIGHT="56"
                          WIDTH="100"
                          VPOS="587"
                          HPOS="1774"
                          CONTENT="per"/>
                  <SP HEIGHT="56" WIDTH="14" VPOS="587" HPOS="1874"/>
                  <String HEIGHT="56" WIDTH="86" VPOS="587" HPOS="1831" CONTENT="te"/>
                  <SP HEIGHT="56" WIDTH="14" VPOS="587" HPOS="1917"/>
                  <String HEIGHT="56" WIDTH="86" VPOS="587" HPOS="1874" CONTENT="in"/>
                  <SP HEIGHT="56" WIDTH="14" VPOS="587" HPOS="1960"/>
                  <String HEIGHT="56"
                          WIDTH="114"
                          VPOS="587"
                          HPOS="1903"
                          CONTENT="maxima"/>
               </TextLine>
               <TextLine ID="r1l16"
                         BASELINE="684"
                         HEIGHT="53"
                         WIDTH="782"
                         VPOS="631"
                         HPOS="1236">
                  <String HEIGHT="53"
                          WIDTH="196"
                          VPOS="631"
                          HPOS="1221"
                          CONTENT="raritate:"/>
                  <SP HEIGHT="53" WIDTH="15" VPOS="631" HPOS="1416"/>
                  <String HEIGHT="53"
                          WIDTH="105"
                          VPOS="631"
                          HPOS="1371"
                          CONTENT="hoc"/>
                  <SP HEIGHT="53" WIDTH="15" VPOS="631" HPOS="1477"/>
                  <String HEIGHT="53"
                          WIDTH="135"
                          VPOS="631"
                          HPOS="1432"
                          CONTENT="nobis"/>
                  <SP HEIGHT="53" WIDTH="15" VPOS="631" HPOS="1567"/>
                  <String HEIGHT="53"
                          WIDTH="211"
                          VPOS="631"
                          HPOS="1522"
                          CONTENT="sufficiet."/>
                  <SP HEIGHT="53" WIDTH="15" VPOS="631" HPOS="1732"/>
                  <String HEIGHT="53" WIDTH="90" VPOS="631" HPOS="1687" CONTENT="Et"/>
                  <SP HEIGHT="53" WIDTH="15" VPOS="631" HPOS="1777"/>
                  <String HEIGHT="53"
                          WIDTH="120"
                          VPOS="631"
                          HPOS="1732"
                          CONTENT="dico"/>
                  <SP HEIGHT="53" WIDTH="15" VPOS="631" HPOS="1853"/>
                  <String HEIGHT="53"
                          WIDTH="120"
                          VPOS="631"
                          HPOS="1807"
                          CONTENT="quod"/>
                  <SP HEIGHT="53" WIDTH="15" VPOS="631" HPOS="1928"/>
                  <String HEIGHT="53" WIDTH="90" VPOS="631" HPOS="1883" CONTENT="ad"/>
                  <SP HEIGHT="53" WIDTH="15" VPOS="631" HPOS="1973"/>
                  <String HEIGHT="53"
                          WIDTH="105"
                          VPOS="631"
                          HPOS="1913"
                          CONTENT="maxi"
                          SUBS_TYPE="HypPart1"
                          SUBS_CONTENT="maximam"/>
                  <HYP CONTENT="-"/>
               </TextLine>
               <TextLine ID="r1l18"
                         BASELINE="726"
                         HEIGHT="45"
                         WIDTH="781"
                         VPOS="681"
                         HPOS="1240">
                  <String HEIGHT="45"
                          WIDTH="101"
                          VPOS="681"
                          HPOS="1226"
                          CONTENT="mam"
                          SUBS_TYPE="HypPart2"
                          SUBS_CONTENT="maximam"/>
                  <SP HEIGHT="45" WIDTH="14" VPOS="681" HPOS="1327"/>
                  <String HEIGHT="45"
                          WIDTH="188"
                          VPOS="681"
                          HPOS="1283"
                          CONTENT="raritatem"/>
                  <SP HEIGHT="45" WIDTH="14" VPOS="681" HPOS="1471"/>
                  <String HEIGHT="45"
                          WIDTH="217"
                          VPOS="681"
                          HPOS="1428"
                          CONTENT="possibilem,"/>
                  <SP HEIGHT="45" WIDTH="14" VPOS="681" HPOS="1645"/>
                  <String HEIGHT="45"
                          WIDTH="145"
                          VPOS="681"
                          HPOS="1602"
                          CONTENT="natura"/>
                  <SP HEIGHT="45" WIDTH="14" VPOS="681" HPOS="1746"/>
                  <String HEIGHT="45"
                          WIDTH="130"
                          VPOS="681"
                          HPOS="1703"
                          CONTENT="illum"/>
                  <SP HEIGHT="45" WIDTH="14" VPOS="681" HPOS="1833"/>
                  <String HEIGHT="45"
                          WIDTH="116"
                          VPOS="681"
                          HPOS="1790"
                          CONTENT="aere"/>
                  <SP HEIGHT="45" WIDTH="14" VPOS="681" HPOS="1905"/>
                  <String HEIGHT="45" WIDTH="87" VPOS="681" HPOS="1862" CONTENT="ne"/>
                  <SP HEIGHT="45" WIDTH="14" VPOS="681" HPOS="1949"/>
                  <String HEIGHT="45"
                          WIDTH="101"
                          VPOS="681"
                          HPOS="1905"
                          CONTENT="sit"/>
                  <SP HEIGHT="45" WIDTH="14" VPOS="681" HPOS="2007"/>
                  <String HEIGHT="45"
                          WIDTH="72"
                          VPOS="681"
                          HPOS="1949"
                          CONTENT="va"
                          SUBS_TYPE="HypPart1"
                          SUBS_CONTENT="vacuum"/>
                  <HYP CONTENT="-"/>
               </TextLine>
               <TextLine ID="r1l20"
                         BASELINE="769"
                         HEIGHT="48"
                         WIDTH="772"
                         VPOS="721"
                         HPOS="1248">
                  <String HEIGHT="48"
                          WIDTH="112"
                          VPOS="721"
                          HPOS="1234"
                          CONTENT="cuum"
                          SUBS_TYPE="HypPart2"
                          SUBS_CONTENT="vacuum"/>
                  <SP HEIGHT="48" WIDTH="14" VPOS="721" HPOS="1346"/>
                  <String HEIGHT="48"
                          WIDTH="168"
                          VPOS="721"
                          HPOS="1304"
                          CONTENT="mutabit:"/>
                  <SP HEIGHT="48" WIDTH="14" VPOS="721" HPOS="1473"/>
                  <String HEIGHT="48" WIDTH="98" VPOS="721" HPOS="1430" CONTENT="qui"/>
                  <SP HEIGHT="48" WIDTH="14" VPOS="721" HPOS="1529"/>
                  <String HEIGHT="48" WIDTH="84" VPOS="721" HPOS="1487" CONTENT="si"/>
                  <SP HEIGHT="48" WIDTH="14" VPOS="721" HPOS="1571"/>
                  <String HEIGHT="48" WIDTH="98" VPOS="721" HPOS="1529" CONTENT="non"/>
                  <SP HEIGHT="48" WIDTH="14" VPOS="721" HPOS="1627"/>
                  <String HEIGHT="48"
                          WIDTH="197"
                          VPOS="721"
                          HPOS="1585"
                          CONTENT="sufficiat:"/>
                  <SP HEIGHT="48" WIDTH="14" VPOS="721" HPOS="1781"/>
                  <String HEIGHT="48"
                          WIDTH="112"
                          VPOS="721"
                          HPOS="1739"
                          CONTENT="alia"/>
                  <SP HEIGHT="48" WIDTH="14" VPOS="721" HPOS="1852"/>
                  <String HEIGHT="48"
                          WIDTH="154"
                          VPOS="721"
                          HPOS="1809"
                          CONTENT="corpora"/>
                  <SP HEIGHT="48" WIDTH="14" VPOS="721" HPOS="1964"/>
                  <String HEIGHT="48"
                          WIDTH="112"
                          VPOS="721"
                          HPOS="1908"
                          CONTENT="circum"/>
               </TextLine>
               <TextLine ID="r1l22"
                         BASELINE="811"
                         HEIGHT="48"
                         WIDTH="776"
                         VPOS="763"
                         HPOS="1241">
                  <String HEIGHT="48"
                          WIDTH="140"
                          VPOS="763"
                          HPOS="1228"
                          CONTENT="stantia"/>
                  <SP HEIGHT="48" WIDTH="13" VPOS="763" HPOS="1368"/>
                  <String HEIGHT="48"
                          WIDTH="114"
                          VPOS="763"
                          HPOS="1330"
                          CONTENT="etiam"/>
                  <SP HEIGHT="48" WIDTH="13" VPOS="763" HPOS="1445"/>
                  <String HEIGHT="48"
                          WIDTH="127"
                          VPOS="763"
                          HPOS="1406"
                          CONTENT="subito"/>
                  <SP HEIGHT="48" WIDTH="13" VPOS="763" HPOS="1534"/>
                  <String HEIGHT="48"
                          WIDTH="178"
                          VPOS="763"
                          HPOS="1495"
                          CONTENT="rarefient."/>
                  <SP HEIGHT="48" WIDTH="13" VPOS="763" HPOS="1674"/>
                  <String HEIGHT="48"
                          WIDTH="114"
                          VPOS="763"
                          HPOS="1635"
                          CONTENT="sicut"/>
                  <SP HEIGHT="48" WIDTH="13" VPOS="763" HPOS="1750"/>
                  <String HEIGHT="48" WIDTH="89" VPOS="763" HPOS="1712" CONTENT="iam"/>
                  <SP HEIGHT="48" WIDTH="13" VPOS="763" HPOS="1801"/>
                  <String HEIGHT="48" WIDTH="89" VPOS="763" HPOS="1763" CONTENT="fit"/>
                  <SP HEIGHT="48" WIDTH="13" VPOS="763" HPOS="1852"/>
                  <String HEIGHT="48"
                          WIDTH="127"
                          VPOS="763"
                          HPOS="1813"
                          CONTENT="quando"/>
                  <SP HEIGHT="48" WIDTH="13" VPOS="763" HPOS="1941"/>
                  <String HEIGHT="48"
                          WIDTH="114"
                          VPOS="763"
                          HPOS="1903"
                          CONTENT="lapis"/>
                  <SP HEIGHT="48" WIDTH="13" VPOS="763" HPOS="2017"/>
                  <String HEIGHT="48" WIDTH="51" VPOS="763" HPOS="1966" CONTENT="mo"/>
               </TextLine>
               <TextLine ID="r1l24"
                         BASELINE="863"
                         HEIGHT="49"
                         WIDTH="760"
                         VPOS="814"
                         HPOS="1251">
                  <String HEIGHT="49"
                          WIDTH="116"
                          VPOS="814"
                          HPOS="1238"
                          CONTENT="uetur"/>
                  <SP HEIGHT="49" WIDTH="13" VPOS="814" HPOS="1354"/>
                  <String HEIGHT="49" WIDTH="90" VPOS="814" HPOS="1315" CONTENT="per"/>
                  <SP HEIGHT="49" WIDTH="13" VPOS="814" HPOS="1406"/>
                  <String HEIGHT="49"
                          WIDTH="129"
                          VPOS="814"
                          HPOS="1367"
                          CONTENT="aerem:"/>
                  <SP HEIGHT="49" WIDTH="13" VPOS="814" HPOS="1496"/>
                  <String HEIGHT="49"
                          WIDTH="155"
                          VPOS="814"
                          HPOS="1457"
                          CONTENT="anterior"/>
                  <SP HEIGHT="49" WIDTH="13" VPOS="814" HPOS="1612"/>
                  <String HEIGHT="49"
                          WIDTH="103"
                          VPOS="814"
                          HPOS="1573"
                          CONTENT="enim"/>
                  <SP HEIGHT="49" WIDTH="13" VPOS="814" HPOS="1676"/>
                  <String HEIGHT="49" WIDTH="90" VPOS="814" HPOS="1637" CONTENT="aer"/>
                  <SP HEIGHT="49" WIDTH="13" VPOS="814" HPOS="1728"/>
                  <String HEIGHT="49"
                          WIDTH="206"
                          VPOS="814"
                          HPOS="1689"
                          CONTENT="condensatur,"/>
                  <SP HEIGHT="49" WIDTH="13" VPOS="814" HPOS="1895"/>
                  <String HEIGHT="49" WIDTH="64" VPOS="814" HPOS="1856" CONTENT="&amp;"/>
                  <SP HEIGHT="49" WIDTH="13" VPOS="814" HPOS="1921"/>
                  <String HEIGHT="49"
                          WIDTH="142"
                          VPOS="814"
                          HPOS="1869"
                          CONTENT="posterior"/>
               </TextLine>
               <TextLine ID="r1l26"
                         BASELINE="908"
                         HEIGHT="60"
                         WIDTH="780"
                         VPOS="848"
                         HPOS="1243">
                  <String HEIGHT="60"
                          WIDTH="162"
                          VPOS="848"
                          HPOS="1228"
                          CONTENT="rarefit"/>
                  <SP HEIGHT="60" WIDTH="15" VPOS="848" HPOS="1390"/>
                  <String HEIGHT="60"
                          WIDTH="206"
                          VPOS="848"
                          HPOS="1346"
                          CONTENT="insequendo"/>
                  <SP HEIGHT="60" WIDTH="15" VPOS="848" HPOS="1552"/>
                  <String HEIGHT="60" WIDTH="74" VPOS="848" HPOS="1508" CONTENT="/"/>
                  <SP HEIGHT="60" WIDTH="15" VPOS="848" HPOS="1581"/>
                  <String HEIGHT="60" WIDTH="88" VPOS="848" HPOS="1537" CONTENT="si"/>
                  <SP HEIGHT="60" WIDTH="15" VPOS="848" HPOS="1626"/>
                  <String HEIGHT="60"
                          WIDTH="147"
                          VPOS="848"
                          HPOS="1581"
                          CONTENT="fuerit"/>
                  <SP HEIGHT="60" WIDTH="15" VPOS="848" HPOS="1729"/>
                  <String HEIGHT="60"
                          WIDTH="132"
                          VPOS="848"
                          HPOS="1685"
                          CONTENT="citra"/>
                  <SP HEIGHT="60" WIDTH="15" VPOS="848" HPOS="1817"/>
                  <String HEIGHT="60"
                          WIDTH="147"
                          VPOS="848"
                          HPOS="1773"
                          CONTENT="maxima"/>
                  <SP HEIGHT="60" WIDTH="15" VPOS="848" HPOS="1920"/>
                  <String HEIGHT="60"
                          WIDTH="162"
                          VPOS="848"
                          HPOS="1861"
                          CONTENT="raritatem"/>
               </TextLine>
               <TextLine ID="r1l28"
                         BASELINE="953"
                         HEIGHT="61"
                         WIDTH="766"
                         VPOS="892"
                         HPOS="1251">
                  <String HEIGHT="61"
                          WIDTH="202"
                          VPOS="892"
                          HPOS="1238"
                          CONTENT="possibilem:"/>
                  <SP HEIGHT="61" WIDTH="13" VPOS="892" HPOS="1439"/>
                  <String HEIGHT="61" WIDTH="81" VPOS="892" HPOS="1399" CONTENT="in"/>
                  <SP HEIGHT="61" WIDTH="13" VPOS="892" HPOS="1479"/>
                  <String HEIGHT="61" WIDTH="94" VPOS="892" HPOS="1439" CONTENT="qua"/>
                  <SP HEIGHT="61" WIDTH="13" VPOS="892" HPOS="1533"/>
                  <String HEIGHT="61" WIDTH="81" VPOS="892" HPOS="1493" CONTENT="si"/>
                  <SP HEIGHT="61" WIDTH="13" VPOS="892" HPOS="1574"/>
                  <String HEIGHT="61"
                          WIDTH="148"
                          VPOS="892"
                          HPOS="1533"
                          CONTENT="fuerit:"/>
                  <SP HEIGHT="61" WIDTH="13" VPOS="892" HPOS="1681"/>
                  <String HEIGHT="61" WIDTH="94" VPOS="892" HPOS="1641" CONTENT="non"/>
                  <SP HEIGHT="61" WIDTH="13" VPOS="892" HPOS="1735"/>
                  <String HEIGHT="61"
                          WIDTH="175"
                          VPOS="892"
                          HPOS="1694"
                          CONTENT="mouebitur"/>
                  <SP HEIGHT="61" WIDTH="13" VPOS="892" HPOS="1869"/>
                  <String HEIGHT="61"
                          WIDTH="134"
                          VPOS="892"
                          HPOS="1829"
                          CONTENT="lapis:"/>
                  <SP HEIGHT="61" WIDTH="13" VPOS="892" HPOS="1963"/>
                  <String HEIGHT="61" WIDTH="94" VPOS="892" HPOS="1923" CONTENT="non"/>
                  <SP HEIGHT="61" WIDTH="13" VPOS="892" HPOS="2017"/>
                  <String HEIGHT="61" WIDTH="54" VPOS="892" HPOS="1963" CONTENT="ob"/>
               </TextLine>
               <TextLine ID="r1l30"
                         BASELINE="992"
                         HEIGHT="54"
                         WIDTH="770"
                         VPOS="938"
                         HPOS="1248">
                  <String HEIGHT="54"
                          WIDTH="220"
                          VPOS="938"
                          HPOS="1234"
                          CONTENT="resistentiam"/>
                  <SP HEIGHT="54" WIDTH="14" VPOS="938" HPOS="1454"/>
                  <String HEIGHT="54"
                          WIDTH="138"
                          VPOS="938"
                          HPOS="1413"
                          CONTENT="aeris,"/>
                  <SP HEIGHT="54" WIDTH="14" VPOS="938" HPOS="1551"/>
                  <String HEIGHT="54" WIDTH="96" VPOS="938" HPOS="1509" CONTENT="sed"/>
                  <SP HEIGHT="54" WIDTH="14" VPOS="938" HPOS="1606"/>
                  <String HEIGHT="54" WIDTH="83" VPOS="938" HPOS="1564" CONTENT="ne"/>
                  <SP HEIGHT="54" WIDTH="14" VPOS="938" HPOS="1647"/>
                  <String HEIGHT="54"
                          WIDTH="124"
                          VPOS="938"
                          HPOS="1606"
                          CONTENT="detur"/>
                  <SP HEIGHT="54" WIDTH="14" VPOS="938" HPOS="1729"/>
                  <String HEIGHT="54"
                          WIDTH="138"
                          VPOS="938"
                          HPOS="1688"
                          CONTENT="vacuum"/>
                  <SP HEIGHT="54" WIDTH="14" VPOS="938" HPOS="1826"/>
                  <String HEIGHT="54" WIDTH="96" VPOS="938" HPOS="1784" CONTENT="vel"/>
                  <SP HEIGHT="54" WIDTH="14" VPOS="938" HPOS="1881"/>
                  <String HEIGHT="54"
                          WIDTH="138"
                          VPOS="938"
                          HPOS="1839"
                          CONTENT="ranius"/>
                  <SP HEIGHT="54" WIDTH="14" VPOS="938" HPOS="1977"/>
                  <String HEIGHT="54"
                          WIDTH="96"
                          VPOS="938"
                          HPOS="1922"
                          CONTENT="ratis"/>
               </TextLine>
               <TextLine ID="r1l32"
                         BASELINE="1035"
                         HEIGHT="54"
                         WIDTH="766"
                         VPOS="981"
                         HPOS="1255">
                  <String HEIGHT="54"
                          WIDTH="123"
                          VPOS="981"
                          HPOS="1241"
                          CONTENT="simo."/>
                  <SP HEIGHT="54" WIDTH="14" VPOS="981" HPOS="1364"/>
                  <String HEIGHT="54" WIDTH="96" VPOS="981" HPOS="1323" CONTENT="Vbi"/>
                  <SP HEIGHT="54" WIDTH="14" VPOS="981" HPOS="1419"/>
                  <String HEIGHT="54"
                          WIDTH="123"
                          VPOS="981"
                          HPOS="1378"
                          CONTENT="autem"/>
                  <SP HEIGHT="54" WIDTH="14" VPOS="981" HPOS="1501"/>
                  <String HEIGHT="54" WIDTH="96" VPOS="981" HPOS="1460" CONTENT="non"/>
                  <SP HEIGHT="54" WIDTH="14" VPOS="981" HPOS="1556"/>
                  <String HEIGHT="54" WIDTH="96" VPOS="981" HPOS="1515" CONTENT="est"/>
                  <SP HEIGHT="54" WIDTH="14" VPOS="981" HPOS="1611"/>
                  <String HEIGHT="54"
                          WIDTH="192"
                          VPOS="981"
                          HPOS="1570"
                          CONTENT="sufficiens"/>
                  <SP HEIGHT="54" WIDTH="14" VPOS="981" HPOS="1761"/>
                  <String HEIGHT="54"
                          WIDTH="137"
                          VPOS="981"
                          HPOS="1720"
                          CONTENT="corpus"/>
                  <SP HEIGHT="54" WIDTH="14" VPOS="981" HPOS="1857"/>
                  <String HEIGHT="54" WIDTH="82" VPOS="981" HPOS="1816" CONTENT="ad"/>
                  <SP HEIGHT="54" WIDTH="14" VPOS="981" HPOS="1898"/>
                  <String HEIGHT="54"
                          WIDTH="192"
                          VPOS="981"
                          HPOS="1857"
                          CONTENT="replendum,"/>
                  <SP HEIGHT="54" WIDTH="14" VPOS="981" HPOS="2048"/>
                  <String HEIGHT="54" WIDTH="27" VPOS="981" HPOS="1994" CONTENT=""/>
               </TextLine>
               <TextLine ID="r1l34"
                         BASELINE="1080"
                         HEIGHT="47"
                         WIDTH="779"
                         VPOS="1033"
                         HPOS="1254">
                  <String HEIGHT="47"
                          WIDTH="99"
                          VPOS="1033"
                          HPOS="1240"
                          CONTENT="aut"/>
                  <SP HEIGHT="47" WIDTH="14" VPOS="1033" HPOS="1339"/>
                  <String HEIGHT="47"
                          WIDTH="142"
                          VPOS="1033"
                          HPOS="1296"
                          CONTENT="potius"/>
                  <SP HEIGHT="47" WIDTH="14" VPOS="1033" HPOS="1438"/>
                  <String HEIGHT="47"
                          WIDTH="212"
                          VPOS="1033"
                          HPOS="1396"
                          CONTENT="impediendum"/>
                  <SP HEIGHT="47" WIDTH="14" VPOS="1033" HPOS="1608"/>
                  <String HEIGHT="47"
                          WIDTH="142"
                          VPOS="1033"
                          HPOS="1566"
                          CONTENT="vacuum"/>
                  <SP HEIGHT="47" WIDTH="14" VPOS="1033" HPOS="1707"/>
                  <String HEIGHT="47" WIDTH="85" VPOS="1033" HPOS="1665" CONTENT="in"/>
                  <SP HEIGHT="47" WIDTH="14" VPOS="1033" HPOS="1750"/>
                  <String HEIGHT="47"
                          WIDTH="198"
                          VPOS="1033"
                          HPOS="1707"
                          CONTENT="corporibus"/>
                  <SP HEIGHT="47" WIDTH="14" VPOS="1033" HPOS="1906"/>
                  <String HEIGHT="47"
                          WIDTH="184"
                          VPOS="1033"
                          HPOS="1849"
                          CONTENT="circumiacen"/>
               </TextLine>
               <TextLine ID="r1l36"
                         BASELINE="1126"
                         HEIGHT="55"
                         WIDTH="763"
                         VPOS="1071"
                         HPOS="1254">
                  <String HEIGHT="55"
                          WIDTH="125"
                          VPOS="1071"
                          HPOS="1241"
                          CONTENT="tibus:"/>
                  <SP HEIGHT="55" WIDTH="13" VPOS="1071" HPOS="1367"/>
                  <String HEIGHT="55"
                          WIDTH="88"
                          VPOS="1071"
                          HPOS="1329"
                          CONTENT="non"/>
                  <SP HEIGHT="55" WIDTH="13" VPOS="1071" HPOS="1417"/>
                  <String HEIGHT="55"
                          WIDTH="88"
                          VPOS="1071"
                          HPOS="1379"
                          CONTENT="est"/>
                  <SP HEIGHT="55" WIDTH="13" VPOS="1071" HPOS="1467"/>
                  <String HEIGHT="55"
                          WIDTH="88"
                          VPOS="1071"
                          HPOS="1429"
                          CONTENT="hoc"/>
                  <SP HEIGHT="55" WIDTH="13" VPOS="1071" HPOS="1517"/>
                  <String HEIGHT="55"
                          WIDTH="175"
                          VPOS="1071"
                          HPOS="1479"
                          CONTENT="imputandum"/>
                  <SP HEIGHT="55" WIDTH="13" VPOS="1071" HPOS="1654"/>
                  <String HEIGHT="55"
                          WIDTH="150"
                          VPOS="1071"
                          HPOS="1617"
                          CONTENT="naturae,"/>
                  <SP HEIGHT="55" WIDTH="13" VPOS="1071" HPOS="1767"/>
                  <String HEIGHT="55"
                          WIDTH="100"
                          VPOS="1071"
                          HPOS="1729"
                          CONTENT="quae"/>
                  <SP HEIGHT="55" WIDTH="13" VPOS="1071" HPOS="1829"/>
                  <String HEIGHT="55"
                          WIDTH="113"
                          VPOS="1071"
                          HPOS="1792"
                          CONTENT="facit"/>
                  <SP HEIGHT="55" WIDTH="13" VPOS="1071" HPOS="1904"/>
                  <String HEIGHT="55"
                          WIDTH="100"
                          VPOS="1071"
                          HPOS="1867"
                          CONTENT="quod"/>
                  <SP HEIGHT="55" WIDTH="13" VPOS="1071" HPOS="1967"/>
                  <String HEIGHT="55"
                          WIDTH="100"
                          VPOS="1071"
                          HPOS="1917"
                          CONTENT="potest"/>
               </TextLine>
               <TextLine ID="r1l38"
                         BASELINE="1170"
                         HEIGHT="49"
                         WIDTH="763"
                         VPOS="1121"
                         HPOS="1258">
                  <String HEIGHT="49" WIDTH="72" VPOS="1121" HPOS="1244" CONTENT="&amp;"/>
                  <SP HEIGHT="49" WIDTH="14" VPOS="1121" HPOS="1316"/>
                  <String HEIGHT="49"
                          WIDTH="101"
                          VPOS="1121"
                          HPOS="1272"
                          CONTENT="hoc"/>
                  <SP HEIGHT="49" WIDTH="14" VPOS="1121" HPOS="1373"/>
                  <String HEIGHT="49"
                          WIDTH="187"
                          VPOS="1121"
                          HPOS="1330"
                          CONTENT="supposito"/>
                  <SP HEIGHT="49" WIDTH="14" VPOS="1121" HPOS="1517"/>
                  <String HEIGHT="49"
                          WIDTH="115"
                          VPOS="1121"
                          HPOS="1474"
                          CONTENT="quod"/>
                  <SP HEIGHT="49" WIDTH="14" VPOS="1121" HPOS="1589"/>
                  <String HEIGHT="49"
                          WIDTH="130"
                          VPOS="1121"
                          HPOS="1546"
                          CONTENT="maius"/>
                  <SP HEIGHT="49" WIDTH="14" VPOS="1121" HPOS="1675"/>
                  <String HEIGHT="49"
                          WIDTH="101"
                          VPOS="1121"
                          HPOS="1632"
                          CONTENT="sit"/>
                  <SP HEIGHT="49" WIDTH="14" VPOS="1121" HPOS="1733"/>
                  <String HEIGHT="49"
                          WIDTH="245"
                          VPOS="1121"
                          HPOS="1690"
                          CONTENT="disconveniens"/>
                  <SP HEIGHT="49" WIDTH="14" VPOS="1121" HPOS="1935"/>
                  <String HEIGHT="49" WIDTH="86" VPOS="1121" HPOS="1891" CONTENT="in"/>
                  <SP HEIGHT="49" WIDTH="14" VPOS="1121" HPOS="1978"/>
                  <String HEIGHT="49"
                          WIDTH="101"
                          VPOS="1121"
                          HPOS="1920"
                          CONTENT="natu"
                          SUBS_TYPE="HypPart1"
                          SUBS_CONTENT="natura"/>
                  <HYP CONTENT="-"/>
               </TextLine>
               <TextLine ID="r1l40"
                         BASELINE="1212"
                         HEIGHT="49"
                         WIDTH="788"
                         VPOS="1163"
                         HPOS="1244">
                  <String HEIGHT="49"
                          WIDTH="83"
                          VPOS="1163"
                          HPOS="1230"
                          CONTENT="ra"
                          SUBS_TYPE="HypPart2"
                          SUBS_CONTENT="natura"/>
                  <SP HEIGHT="49" WIDTH="14" VPOS="1163" HPOS="1313"/>
                  <String HEIGHT="49"
                          WIDTH="138"
                          VPOS="1163"
                          HPOS="1272"
                          CONTENT="habire"/>
                  <SP HEIGHT="49" WIDTH="14" VPOS="1163" HPOS="1410"/>
                  <String HEIGHT="49"
                          WIDTH="138"
                          VPOS="1163"
                          HPOS="1368"
                          CONTENT="rarius"/>
                  <SP HEIGHT="49" WIDTH="14" VPOS="1163" HPOS="1507"/>
                  <String HEIGHT="49"
                          WIDTH="180"
                          VPOS="1163"
                          HPOS="1465"
                          CONTENT="ratissimo"/>
                  <SP HEIGHT="49" WIDTH="14" VPOS="1163" HPOS="1645"/>
                  <String HEIGHT="49"
                          WIDTH="166"
                          VPOS="1163"
                          HPOS="1603"
                          CONTENT="naturali"/>
                  <SP HEIGHT="49" WIDTH="14" VPOS="1163" HPOS="1769"/>
                  <String HEIGHT="49" WIDTH="69" VPOS="1163" HPOS="1728" CONTENT="/"/>
                  <SP HEIGHT="49" WIDTH="14" VPOS="1163" HPOS="1797"/>
                  <String HEIGHT="49"
                          WIDTH="111"
                          VPOS="1163"
                          HPOS="1756"
                          CONTENT="quam"/>
                  <SP HEIGHT="49" WIDTH="14" VPOS="1163" HPOS="1866"/>
                  <String HEIGHT="49"
                          WIDTH="138"
                          VPOS="1163"
                          HPOS="1825"
                          CONTENT="vacuum"/>
                  <SP HEIGHT="49" WIDTH="14" VPOS="1163" HPOS="1963"/>
                  <String HEIGHT="49"
                          WIDTH="124"
                          VPOS="1163"
                          HPOS="1908"
                          CONTENT="admitte"/>
               </TextLine>
               <TextLine ID="r1l42"
                         BASELINE="1257"
                         HEIGHT="43"
                         WIDTH="778"
                         VPOS="1214"
                         HPOS="1251">
                  <String HEIGHT="43"
                          WIDTH="96"
                          VPOS="1214"
                          HPOS="1237"
                          CONTENT="re."/>
                  <SP HEIGHT="43" WIDTH="14" VPOS="1214" HPOS="1333"/>
                  <String HEIGHT="43"
                          WIDTH="164"
                          VPOS="1214"
                          HPOS="1292"
                          CONTENT="alioquin"/>
                  <SP HEIGHT="43" WIDTH="14" VPOS="1214" HPOS="1456"/>
                  <String HEIGHT="43"
                          WIDTH="96"
                          VPOS="1214"
                          HPOS="1415"
                          CONTENT="non"/>
                  <SP HEIGHT="43" WIDTH="14" VPOS="1214" HPOS="1510"/>
                  <String HEIGHT="43"
                          WIDTH="150"
                          VPOS="1214"
                          HPOS="1469"
                          CONTENT="dabitur"/>
                  <SP HEIGHT="43" WIDTH="14" VPOS="1214" HPOS="1620"/>
                  <String HEIGHT="43"
                          WIDTH="150"
                          VPOS="1214"
                          HPOS="1579"
                          CONTENT="vacuum."/>
                  <SP HEIGHT="43" WIDTH="14" VPOS="1214" HPOS="1729"/>
                  <String HEIGHT="43" WIDTH="68" VPOS="1214" HPOS="1688" CONTENT="&amp;"/>
                  <SP HEIGHT="43" WIDTH="14" VPOS="1214" HPOS="1756"/>
                  <String HEIGHT="43"
                          WIDTH="123"
                          VPOS="1214"
                          HPOS="1715"
                          CONTENT="vltra"/>
                  <SP HEIGHT="43" WIDTH="14" VPOS="1214" HPOS="1838"/>
                  <String HEIGHT="43"
                          WIDTH="177"
                          VPOS="1214"
                          HPOS="1797"
                          CONTENT="raritatem"/>
                  <SP HEIGHT="43" WIDTH="14" VPOS="1214" HPOS="1974"/>
                  <String HEIGHT="43"
                          WIDTH="109"
                          VPOS="1214"
                          HPOS="1920"
                          CONTENT="natura"/>
               </TextLine>
               <TextLine ID="r1l44"
                         BASELINE="1299"
                         HEIGHT="46"
                         WIDTH="769"
                         VPOS="1253"
                         HPOS="1258">
                  <String HEIGHT="46"
                          WIDTH="93"
                          VPOS="1253"
                          HPOS="1245"
                          CONTENT="lem"/>
                  <SP HEIGHT="46" WIDTH="13" VPOS="1253" HPOS="1338"/>
                  <String HEIGHT="46"
                          WIDTH="172"
                          VPOS="1253"
                          HPOS="1298"
                          CONTENT="regularem"/>
                  <SP HEIGHT="46" WIDTH="13" VPOS="1253" HPOS="1470"/>
                  <String HEIGHT="46"
                          WIDTH="119"
                          VPOS="1253"
                          HPOS="1430"
                          CONTENT="datur"/>
                  <SP HEIGHT="46" WIDTH="13" VPOS="1253" HPOS="1550"/>
                  <String HEIGHT="46"
                          WIDTH="119"
                          VPOS="1253"
                          HPOS="1510"
                          CONTENT="maior"/>
                  <SP HEIGHT="46" WIDTH="13" VPOS="1253" HPOS="1629"/>
                  <String HEIGHT="46"
                          WIDTH="159"
                          VPOS="1253"
                          HPOS="1589"
                          CONTENT="raritas."/>
                  <SP HEIGHT="46" WIDTH="13" VPOS="1253" HPOS="1749"/>
                  <String HEIGHT="46"
                          WIDTH="93"
                          VPOS="1253"
                          HPOS="1709"
                          CONTENT="nam"/>
                  <SP HEIGHT="46" WIDTH="13" VPOS="1253" HPOS="1802"/>
                  <String HEIGHT="46"
                          WIDTH="119"
                          VPOS="1253"
                          HPOS="1762"
                          CONTENT="sicut"/>
                  <SP HEIGHT="46" WIDTH="13" VPOS="1253" HPOS="1881"/>
                  <String HEIGHT="46"
                          WIDTH="106"
                          VPOS="1253"
                          HPOS="1841"
                          CONTENT="homo"/>
                  <SP HEIGHT="46" WIDTH="13" VPOS="1253" HPOS="1947"/>
                  <String HEIGHT="46"
                          WIDTH="133"
                          VPOS="1253"
                          HPOS="1894"
                          CONTENT="existens"/>
               </TextLine>
               <TextLine ID="r1l46"
                         BASELINE="1345"
                         HEIGHT="48"
                         WIDTH="766"
                         VPOS="1297"
                         HPOS="1258">
                  <String HEIGHT="48"
                          WIDTH="125"
                          VPOS="1297"
                          HPOS="1244"
                          CONTENT="inter"/>
                  <SP HEIGHT="48" WIDTH="14" VPOS="1297" HPOS="1369"/>
                  <String HEIGHT="48"
                          WIDTH="181"
                          VPOS="1297"
                          HPOS="1328"
                          CONTENT="praecepta"/>
                  <SP HEIGHT="48" WIDTH="14" VPOS="1297" HPOS="1509"/>
                  <String HEIGHT="48"
                          WIDTH="265"
                          VPOS="1297"
                          HPOS="1467"
                          CONTENT="incompossibilia"/>
                  <SP HEIGHT="48" WIDTH="14" VPOS="1297" HPOS="1732"/>
                  <String HEIGHT="48"
                          WIDTH="181"
                          VPOS="1297"
                          HPOS="1690"
                          CONTENT="obligatur"/>
                  <SP HEIGHT="48" WIDTH="14" VPOS="1297" HPOS="1871"/>
                  <String HEIGHT="48"
                          WIDTH="153"
                          VPOS="1297"
                          HPOS="1829"
                          CONTENT="seruare"/>
                  <SP HEIGHT="48" WIDTH="14" VPOS="1297" HPOS="1982"/>
                  <String HEIGHT="48"
                          WIDTH="97"
                          VPOS="1297"
                          HPOS="1927"
                          CONTENT="maius"/>
               </TextLine>
               <TextLine ID="r1l48"
                         BASELINE="1391"
                         HEIGHT="55"
                         WIDTH="770"
                         VPOS="1336"
                         HPOS="1267">
                  <String HEIGHT="55" WIDTH="59" VPOS="1336" HPOS="1255" CONTENT="&amp;"/>
                  <SP HEIGHT="55" WIDTH="12" VPOS="1336" HPOS="1314"/>
                  <String HEIGHT="55" WIDTH="71" VPOS="1336" HPOS="1279" CONTENT="ab"/>
                  <SP HEIGHT="55" WIDTH="12" VPOS="1336" HPOS="1350"/>
                  <String HEIGHT="55"
                          WIDTH="95"
                          VPOS="1336"
                          HPOS="1314"
                          CONTENT="alio"/>
                  <SP HEIGHT="55" WIDTH="12" VPOS="1336" HPOS="1409"/>
                  <String HEIGHT="55"
                          WIDTH="178"
                          VPOS="1336"
                          HPOS="1374"
                          CONTENT="absoluitur:"/>
                  <SP HEIGHT="55" WIDTH="12" VPOS="1336" HPOS="1551"/>
                  <String HEIGHT="55"
                          WIDTH="83"
                          VPOS="1336"
                          HPOS="1516"
                          CONTENT="sic"/>
                  <SP HEIGHT="55" WIDTH="12" VPOS="1336" HPOS="1599"/>
                  <String HEIGHT="55"
                          WIDTH="118"
                          VPOS="1336"
                          HPOS="1563"
                          CONTENT="quando"/>
                  <SP HEIGHT="55" WIDTH="12" VPOS="1336" HPOS="1682"/>
                  <String HEIGHT="55" WIDTH="71" VPOS="1336" HPOS="1646" CONTENT="in"/>
                  <SP HEIGHT="55" WIDTH="12" VPOS="1336" HPOS="1717"/>
                  <String HEIGHT="55"
                          WIDTH="118"
                          VPOS="1336"
                          HPOS="1682"
                          CONTENT="natura"/>
                  <SP HEIGHT="55" WIDTH="12" VPOS="1336" HPOS="1800"/>
                  <String HEIGHT="55"
                          WIDTH="130"
                          VPOS="1336"
                          HPOS="1765"
                          CONTENT="necesse"/>
                  <SP HEIGHT="55" WIDTH="12" VPOS="1336" HPOS="1895"/>
                  <String HEIGHT="55"
                          WIDTH="83"
                          VPOS="1336"
                          HPOS="1859"
                          CONTENT="est"/>
                  <SP HEIGHT="55" WIDTH="12" VPOS="1336" HPOS="1942"/>
                  <String HEIGHT="55" WIDTH="71" VPOS="1336" HPOS="1907" CONTENT="in"/>
                  <SP HEIGHT="55" WIDTH="12" VPOS="1336" HPOS="1978"/>
                  <String HEIGHT="55"
                          WIDTH="107"
                          VPOS="1336"
                          HPOS="1930"
                          CONTENT="alterum"/>
               </TextLine>
               <TextLine ID="r1l50"
                         BASELINE="1443"
                         HEIGHT="60"
                         WIDTH="769"
                         VPOS="1383"
                         HPOS="1260">
                  <String HEIGHT="60"
                          WIDTH="135"
                          VPOS="1383"
                          HPOS="1247"
                          CONTENT="duorum"/>
                  <SP HEIGHT="60" WIDTH="13" VPOS="1383" HPOS="1381"/>
                  <String HEIGHT="60"
                          WIDTH="270"
                          VPOS="1383"
                          HPOS="1341"
                          CONTENT="incompossibilium"/>
                  <SP HEIGHT="60" WIDTH="13" VPOS="1383" HPOS="1611"/>
                  <String HEIGHT="60"
                          WIDTH="189"
                          VPOS="1383"
                          HPOS="1570"
                          CONTENT="naturalium"/>
                  <SP HEIGHT="60" WIDTH="13" VPOS="1383" HPOS="1759"/>
                  <String HEIGHT="60"
                          WIDTH="175"
                          VPOS="1383"
                          HPOS="1719"
                          CONTENT="incidere:"/>
                  <SP HEIGHT="60" WIDTH="13" VPOS="1383" HPOS="1894"/>
                  <String HEIGHT="60"
                          WIDTH="148"
                          VPOS="1383"
                          HPOS="1854"
                          CONTENT="videtur"/>
                  <SP HEIGHT="60" WIDTH="13" VPOS="1383" HPOS="2002"/>
                  <String HEIGHT="60"
                          WIDTH="81"
                          VPOS="1383"
                          HPOS="1948"
                          CONTENT="quod"/>
               </TextLine>
               <TextLine ID="r1l52"
                         BASELINE="1485"
                         HEIGHT="46"
                         WIDTH="764"
                         VPOS="1439"
                         HPOS="1260">
                  <String HEIGHT="46"
                          WIDTH="153"
                          VPOS="1439"
                          HPOS="1245"
                          CONTENT="natura"/>
                  <SP HEIGHT="46" WIDTH="15" VPOS="1439" HPOS="1398"/>
                  <String HEIGHT="46" WIDTH="76" VPOS="1439" HPOS="1352" CONTENT="a"/>
                  <SP HEIGHT="46" WIDTH="15" VPOS="1439" HPOS="1428"/>
                  <String HEIGHT="46"
                          WIDTH="153"
                          VPOS="1439"
                          HPOS="1382"
                          CONTENT="maiore"/>
                  <SP HEIGHT="46" WIDTH="15" VPOS="1439" HPOS="1535"/>
                  <String HEIGHT="46"
                          WIDTH="214"
                          VPOS="1439"
                          HPOS="1489"
                          CONTENT="ssipoterit"/>
                  <SP HEIGHT="46" WIDTH="15" VPOS="1439" HPOS="1703"/>
                  <String HEIGHT="46" WIDTH="76" VPOS="1439" HPOS="1657" CONTENT="/"/>
                  <SP HEIGHT="46" WIDTH="15" VPOS="1439" HPOS="1734"/>
                  <String HEIGHT="46" WIDTH="92" VPOS="1439" HPOS="1688" CONTENT="se"/>
                  <SP HEIGHT="46" WIDTH="15" VPOS="1439" HPOS="1780"/>
                  <String HEIGHT="46"
                          WIDTH="214"
                          VPOS="1439"
                          HPOS="1734"
                          CONTENT="elongabit."/>
                  <SP HEIGHT="46" WIDTH="15" VPOS="1439" HPOS="1948"/>
                  <String HEIGHT="46" WIDTH="76" VPOS="1439" HPOS="1902" CONTENT=""/>
                  <SP HEIGHT="46" WIDTH="15" VPOS="1439" HPOS="1978"/>
                  <String HEIGHT="46"
                          WIDTH="107"
                          VPOS="1439"
                          HPOS="1917"
                          CONTENT="Epilo"/>
               </TextLine>
               <TextLine ID="r1l54"
                         BASELINE="1532"
                         HEIGHT="57"
                         WIDTH="757"
                         VPOS="1475"
                         HPOS="1266">
                  <String HEIGHT="57"
                          WIDTH="108"
                          VPOS="1475"
                          HPOS="1251"
                          CONTENT="gus"/>
                  <SP HEIGHT="57" WIDTH="15" VPOS="1475" HPOS="1359"/>
                  <String HEIGHT="57"
                          WIDTH="185"
                          VPOS="1475"
                          HPOS="1312"
                          CONTENT="dictorum"/>
                  <SP HEIGHT="57" WIDTH="15" VPOS="1475" HPOS="1498"/>
                  <String HEIGHT="57" WIDTH="93" VPOS="1475" HPOS="1451" CONTENT="in"/>
                  <SP HEIGHT="57" WIDTH="15" VPOS="1475" HPOS="1544"/>
                  <String HEIGHT="57"
                          WIDTH="108"
                          VPOS="1475"
                          HPOS="1498"
                          CONTENT="hac"/>
                  <SP HEIGHT="57" WIDTH="15" VPOS="1475" HPOS="1606"/>
                  <String HEIGHT="57"
                          WIDTH="232"
                          VPOS="1475"
                          HPOS="1560"
                          CONTENT="quaestione."/>
                  <SP HEIGHT="57" WIDTH="15" VPOS="1475" HPOS="1791"/>
                  <String HEIGHT="57"
                          WIDTH="185"
                          VPOS="1475"
                          HPOS="1745"
                          CONTENT="Quilibet"/>
                  <SP HEIGHT="57" WIDTH="15" VPOS="1475" HPOS="1930"/>
                  <String HEIGHT="57"
                          WIDTH="154"
                          VPOS="1475"
                          HPOS="1869"
                          CONTENT="resurget"/>
               </TextLine>
               <TextLine ID="r1l56"
                         BASELINE="1572"
                         HEIGHT="51"
                         WIDTH="769"
                         VPOS="1521"
                         HPOS="1258">
                  <String HEIGHT="51" WIDTH="84" VPOS="1521" HPOS="1244" CONTENT="in"/>
                  <SP HEIGHT="51" WIDTH="14" VPOS="1521" HPOS="1328"/>
                  <String HEIGHT="51"
                          WIDTH="154"
                          VPOS="1521"
                          HPOS="1286"
                          CONTENT="extremo"/>
                  <SP HEIGHT="51" WIDTH="14" VPOS="1521" HPOS="1440"/>
                  <String HEIGHT="51"
                          WIDTH="168"
                          VPOS="1521"
                          HPOS="1398"
                          CONTENT="iudicio."/>
                  <SP HEIGHT="51" WIDTH="14" VPOS="1521" HPOS="1566"/>
                  <String HEIGHT="51" WIDTH="70" VPOS="1521" HPOS="1524" CONTENT="&amp;"/>
                  <SP HEIGHT="51" WIDTH="14" VPOS="1521" HPOS="1594"/>
                  <String HEIGHT="51" WIDTH="84" VPOS="1521" HPOS="1552" CONTENT="si"/>
                  <SP HEIGHT="51" WIDTH="14" VPOS="1521" HPOS="1636"/>
                  <String HEIGHT="51"
                          WIDTH="182"
                          VPOS="1521"
                          HPOS="1594"
                          CONTENT="quantitas"/>
                  <SP HEIGHT="51" WIDTH="14" VPOS="1521" HPOS="1775"/>
                  <String HEIGHT="51"
                          WIDTH="168"
                          VPOS="1521"
                          HPOS="1733"
                          CONTENT="materiae"/>
                  <SP HEIGHT="51" WIDTH="14" VPOS="1521" HPOS="1901"/>
                  <String HEIGHT="51" WIDTH="84" VPOS="1521" HPOS="1859" CONTENT="in"/>
                  <SP HEIGHT="51" WIDTH="14" VPOS="1521" HPOS="1943"/>
                  <String HEIGHT="51"
                          WIDTH="98"
                          VPOS="1521"
                          HPOS="1901"
                          CONTENT="qua"/>
                  <SP HEIGHT="51" WIDTH="14" VPOS="1521" HPOS="1999"/>
                  <String HEIGHT="51"
                          WIDTH="84"
                          VPOS="1521"
                          HPOS="1943"
                          CONTENT="quis"/>
               </TextLine>
               <TextLine ID="r1l58"
                         BASELINE="1607"
                         HEIGHT="48"
                         WIDTH="767"
                         VPOS="1559"
                         HPOS="1263">
                  <String HEIGHT="48"
                          WIDTH="176"
                          VPOS="1559"
                          HPOS="1247"
                          CONTENT="decedit"/>
                  <SP HEIGHT="48" WIDTH="16" VPOS="1559" HPOS="1423"/>
                  <String HEIGHT="48"
                          WIDTH="176"
                          VPOS="1559"
                          HPOS="1375"
                          CONTENT="immensa"/>
                  <SP HEIGHT="48" WIDTH="16" VPOS="1559" HPOS="1551"/>
                  <String HEIGHT="48"
                          WIDTH="176"
                          VPOS="1559"
                          HPOS="1503"
                          CONTENT="fuerit,"/>
                  <SP HEIGHT="48" WIDTH="16" VPOS="1559" HPOS="1678"/>
                  <String HEIGHT="48"
                          WIDTH="256"
                          VPOS="1559"
                          HPOS="1631"
                          CONTENT="superfluitas"/>
                  <SP HEIGHT="48" WIDTH="16" VPOS="1559" HPOS="1886"/>
                  <String HEIGHT="48"
                          WIDTH="208"
                          VPOS="1559"
                          HPOS="1822"
                          CONTENT="resecabitur"/>
               </TextLine>
               <TextLine ID="r1l60"
                         BASELINE="1652"
                         HEIGHT="49"
                         WIDTH="779"
                         VPOS="1603"
                         HPOS="1257">
                  <String HEIGHT="49"
                          WIDTH="149"
                          VPOS="1603"
                          HPOS="1240"
                          CONTENT="sicut"/>
                  <SP HEIGHT="49" WIDTH="17" VPOS="1603" HPOS="1390"/>
                  <String HEIGHT="49"
                          WIDTH="199"
                          VPOS="1603"
                          HPOS="1340"
                          CONTENT="defectus"/>
                  <SP HEIGHT="49" WIDTH="17" VPOS="1603" HPOS="1539"/>
                  <String HEIGHT="49"
                          WIDTH="166"
                          VPOS="1603"
                          HPOS="1489"
                          CONTENT="paruae"/>
                  <SP HEIGHT="49" WIDTH="17" VPOS="1603" HPOS="1655"/>
                  <String HEIGHT="49"
                          WIDTH="199"
                          VPOS="1603"
                          HPOS="1605"
                          CONTENT="materiae"/>
                  <SP HEIGHT="49" WIDTH="17" VPOS="1603" HPOS="1804"/>
                  <String HEIGHT="49"
                          WIDTH="265"
                          VPOS="1603"
                          HPOS="1754"
                          CONTENT="supplebitur,"/>
                  <SP HEIGHT="49" WIDTH="17" VPOS="1603" HPOS="2019"/>
                  <String HEIGHT="49"
                          WIDTH="83"
                          VPOS="1603"
                          HPOS="1953"
                          CONTENT="nec"/>
               </TextLine>
               <TextLine ID="r1l62"
                         BASELINE="1702"
                         HEIGHT="51"
                         WIDTH="769"
                         VPOS="1651"
                         HPOS="1264">
                  <String HEIGHT="51"
                          WIDTH="179"
                          VPOS="1651"
                          HPOS="1246"
                          CONTENT="semper"/>
                  <SP HEIGHT="51" WIDTH="18" VPOS="1651" HPOS="1425"/>
                  <String HEIGHT="51"
                          WIDTH="215"
                          VPOS="1651"
                          HPOS="1371"
                          CONTENT="resurget"/>
                  <SP HEIGHT="51" WIDTH="18" VPOS="1651" HPOS="1586"/>
                  <String HEIGHT="51"
                          WIDTH="143"
                          VPOS="1651"
                          HPOS="1532"
                          CONTENT="idem"/>
                  <SP HEIGHT="51" WIDTH="18" VPOS="1651" HPOS="1675"/>
                  <String HEIGHT="51"
                          WIDTH="143"
                          VPOS="1651"
                          HPOS="1622"
                          CONTENT="homo"/>
                  <SP HEIGHT="51" WIDTH="18" VPOS="1651" HPOS="1765"/>
                  <String HEIGHT="51"
                          WIDTH="268"
                          VPOS="1651"
                          HPOS="1711"
                          CONTENT="metaphysice"/>
                  <SP HEIGHT="51" WIDTH="18" VPOS="1651" HPOS="1979"/>
                  <String HEIGHT="51" WIDTH="89" VPOS="1651" HPOS="1926" CONTENT="&amp;"/>
                  <SP HEIGHT="51" WIDTH="18" VPOS="1651" HPOS="2015"/>
                  <String HEIGHT="51"
                          WIDTH="89"
                          VPOS="1651"
                          HPOS="1944"
                          CONTENT="rea"/>
               </TextLine>
               <TextLine ID="r1l64"
                         BASELINE="1744"
                         HEIGHT="51"
                         WIDTH="765"
                         VPOS="1693"
                         HPOS="1264">
                  <String HEIGHT="51"
                          WIDTH="141"
                          VPOS="1693"
                          HPOS="1248"
                          CONTENT="liter"/>
                  <SP HEIGHT="51" WIDTH="16" VPOS="1693" HPOS="1389"/>
                  <String HEIGHT="51"
                          WIDTH="203"
                          VPOS="1693"
                          HPOS="1342"
                          CONTENT="loquendo."/>
                  <SP HEIGHT="51" WIDTH="16" VPOS="1693" HPOS="1545"/>
                  <String HEIGHT="51"
                          WIDTH="172"
                          VPOS="1693"
                          HPOS="1498"
                          CONTENT="materia"/>
                  <SP HEIGHT="51" WIDTH="16" VPOS="1693" HPOS="1670"/>
                  <String HEIGHT="51"
                          WIDTH="125"
                          VPOS="1693"
                          HPOS="1623"
                          CONTENT="enim"/>
                  <SP HEIGHT="51" WIDTH="16" VPOS="1693" HPOS="1748"/>
                  <String HEIGHT="51"
                          WIDTH="109"
                          VPOS="1693"
                          HPOS="1701"
                          CONTENT="est"/>
                  <SP HEIGHT="51" WIDTH="16" VPOS="1693" HPOS="1810"/>
                  <String HEIGHT="51"
                          WIDTH="141"
                          VPOS="1693"
                          HPOS="1764"
                          CONTENT="aeque"/>
                  <SP HEIGHT="51" WIDTH="16" VPOS="1693" HPOS="1904"/>
                  <String HEIGHT="51"
                          WIDTH="125"
                          VPOS="1693"
                          HPOS="1857"
                          CONTENT="pars"/>
                  <SP HEIGHT="51" WIDTH="16" VPOS="1693" HPOS="1982"/>
                  <String HEIGHT="51"
                          WIDTH="109"
                          VPOS="1693"
                          HPOS="1920"
                          CONTENT="compo"/>
               </TextLine>
               <TextLine ID="r1l66"
                         BASELINE="1789"
                         HEIGHT="52"
                         WIDTH="763"
                         VPOS="1737"
                         HPOS="1269">
                  <String HEIGHT="52"
                          WIDTH="117"
                          VPOS="1737"
                          HPOS="1254"
                          CONTENT="siti"/>
                  <SP HEIGHT="52" WIDTH="15" VPOS="1737" HPOS="1372"/>
                  <String HEIGHT="52" WIDTH="88" VPOS="1737" HPOS="1328" CONTENT="ac"/>
                  <SP HEIGHT="52" WIDTH="15" VPOS="1737" HPOS="1416"/>
                  <String HEIGHT="52"
                          WIDTH="147"
                          VPOS="1737"
                          HPOS="1372"
                          CONTENT="forma,"/>
                  <SP HEIGHT="52" WIDTH="15" VPOS="1737" HPOS="1518"/>
                  <String HEIGHT="52"
                          WIDTH="132"
                          VPOS="1737"
                          HPOS="1474"
                          CONTENT="licet"/>
                  <SP HEIGHT="52" WIDTH="15" VPOS="1737" HPOS="1606"/>
                  <String HEIGHT="52"
                          WIDTH="132"
                          VPOS="1737"
                          HPOS="1562"
                          CONTENT="minus"/>
                  <SP HEIGHT="52" WIDTH="15" VPOS="1737" HPOS="1695"/>
                  <String HEIGHT="52"
                          WIDTH="235"
                          VPOS="1737"
                          HPOS="1651"
                          CONTENT="principalis."/>
                  <SP HEIGHT="52" WIDTH="15" VPOS="1737" HPOS="1885"/>
                  <String HEIGHT="52"
                          WIDTH="103"
                          VPOS="1737"
                          HPOS="1841"
                          CONTENT="sed"/>
                  <SP HEIGHT="52" WIDTH="15" VPOS="1737" HPOS="1944"/>
                  <String HEIGHT="52"
                          WIDTH="147"
                          VPOS="1737"
                          HPOS="1885"
                          CONTENT="resurget"/>
               </TextLine>
               <TextLine ID="r1l68"
                         BASELINE="1843"
                         HEIGHT="58"
                         WIDTH="770"
                         VPOS="1785"
                         HPOS="1266">
                  <String HEIGHT="58"
                          WIDTH="131"
                          VPOS="1785"
                          HPOS="1250"
                          CONTENT="idem"/>
                  <SP HEIGHT="58" WIDTH="16" VPOS="1785" HPOS="1381"/>
                  <String HEIGHT="58"
                          WIDTH="131"
                          VPOS="1785"
                          HPOS="1332"
                          CONTENT="homo"/>
                  <SP HEIGHT="58" WIDTH="16" VPOS="1785" HPOS="1463"/>
                  <String HEIGHT="58"
                          WIDTH="213"
                          VPOS="1785"
                          HPOS="1413"
                          CONTENT="moraliter"/>
                  <SP HEIGHT="58" WIDTH="16" VPOS="1785" HPOS="1626"/>
                  <String HEIGHT="58" WIDTH="82" VPOS="1785" HPOS="1577" CONTENT="&amp;"/>
                  <SP HEIGHT="58" WIDTH="16" VPOS="1785" HPOS="1659"/>
                  <String HEIGHT="58"
                          WIDTH="229"
                          VPOS="1785"
                          HPOS="1610"
                          CONTENT="vulgariter"/>
                  <SP HEIGHT="58" WIDTH="16" VPOS="1785" HPOS="1839"/>
                  <String HEIGHT="58"
                          WIDTH="213"
                          VPOS="1785"
                          HPOS="1790"
                          CONTENT="loquendo."/>
                  <SP HEIGHT="58" WIDTH="16" VPOS="1785" HPOS="2003"/>
                  <String HEIGHT="58"
                          WIDTH="98"
                          VPOS="1785"
                          HPOS="1938"
                          CONTENT="ltem"/>
               </TextLine>
               <TextLine ID="r1l70"
                         BASELINE="1881"
                         HEIGHT="42"
                         WIDTH="775"
                         VPOS="1839"
                         HPOS="1264">
                  <String HEIGHT="42"
                          WIDTH="181"
                          VPOS="1839"
                          HPOS="1248"
                          CONTENT="corpora"/>
                  <SP HEIGHT="42" WIDTH="16" VPOS="1839" HPOS="1429"/>
                  <String HEIGHT="42"
                          WIDTH="198"
                          VPOS="1839"
                          HPOS="1379"
                          CONTENT="brutorum"/>
                  <SP HEIGHT="42" WIDTH="16" VPOS="1839" HPOS="1577"/>
                  <String HEIGHT="42"
                          WIDTH="214"
                          VPOS="1839"
                          HPOS="1528"
                          CONTENT="resurgent"/>
                  <SP HEIGHT="42" WIDTH="16" VPOS="1839" HPOS="1742"/>
                  <String HEIGHT="42" WIDTH="99" VPOS="1839" HPOS="1693" CONTENT="in"/>
                  <SP HEIGHT="42" WIDTH="16" VPOS="1839" HPOS="1792"/>
                  <String HEIGHT="42"
                          WIDTH="198"
                          VPOS="1839"
                          HPOS="1742"
                          CONTENT="iudicio:"/>
                  <SP HEIGHT="42" WIDTH="16" VPOS="1839" HPOS="1940"/>
                  <String HEIGHT="42"
                          WIDTH="115"
                          VPOS="1839"
                          HPOS="1891"
                          CONTENT="sed"/>
                  <SP HEIGHT="42" WIDTH="16" VPOS="1839" HPOS="2006"/>
                  <String HEIGHT="42"
                          WIDTH="115"
                          VPOS="1839"
                          HPOS="1957"
                          CONTENT="non"/>
                  <SP HEIGHT="42" WIDTH="16" VPOS="1839" HPOS="2072"/>
                  <String HEIGHT="42" WIDTH="33" VPOS="1839" HPOS="2006" CONTENT=""/>
               </TextLine>
               <TextLine ID="r1l72"
                         BASELINE="1930"
                         HEIGHT="57"
                         WIDTH="755"
                         VPOS="1873"
                         HPOS="1266">
                  <String HEIGHT="57"
                          WIDTH="209"
                          VPOS="1873"
                          HPOS="1250"
                          CONTENT="resurgent"/>
                  <SP HEIGHT="57" WIDTH="16" VPOS="1873" HPOS="1459"/>
                  <String HEIGHT="57"
                          WIDTH="177"
                          VPOS="1873"
                          HPOS="1411"
                          CONTENT="corpora"/>
                  <SP HEIGHT="57" WIDTH="16" VPOS="1873" HPOS="1587"/>
                  <String HEIGHT="57"
                          WIDTH="209"
                          VPOS="1873"
                          HPOS="1539"
                          CONTENT="brutorum."/>
                  <SP HEIGHT="57" WIDTH="16" VPOS="1873" HPOS="1748"/>
                  <String HEIGHT="57"
                          WIDTH="112"
                          VPOS="1873"
                          HPOS="1700"
                          CONTENT="nam"/>
                  <SP HEIGHT="57" WIDTH="16" VPOS="1873" HPOS="1812"/>
                  <String HEIGHT="57"
                          WIDTH="112"
                          VPOS="1873"
                          HPOS="1764"
                          CONTENT="hic"/>
                  <SP HEIGHT="57" WIDTH="16" VPOS="1873" HPOS="1876"/>
                  <String HEIGHT="57"
                          WIDTH="209"
                          VPOS="1873"
                          HPOS="1812"
                          CONTENT="syllogismus"/>
               </TextLine>
               <TextLine ID="r1l74"
                         BASELINE="1968"
                         HEIGHT="51"
                         WIDTH="767"
                         VPOS="1917"
                         HPOS="1266">
                  <String HEIGHT="51"
                          WIDTH="94"
                          VPOS="1917"
                          HPOS="1253"
                          CONTENT="est"/>
                  <SP HEIGHT="51" WIDTH="13" VPOS="1917" HPOS="1347"/>
                  <String HEIGHT="51"
                          WIDTH="229"
                          VPOS="1917"
                          HPOS="1306"
                          CONTENT="infallibilis."/>
                  <SP HEIGHT="51" WIDTH="13" VPOS="1917" HPOS="1535"/>
                  <String HEIGHT="51"
                          WIDTH="108"
                          VPOS="1917"
                          HPOS="1495"
                          CONTENT="ista"/>
                  <SP HEIGHT="51" WIDTH="13" VPOS="1917" HPOS="1602"/>
                  <String HEIGHT="51"
                          WIDTH="188"
                          VPOS="1917"
                          HPOS="1562"
                          CONTENT="resurgent,"/>
                  <SP HEIGHT="51" WIDTH="13" VPOS="1917" HPOS="1750"/>
                  <String HEIGHT="51"
                          WIDTH="108"
                          VPOS="1917"
                          HPOS="1710"
                          CONTENT="ista"/>
                  <SP HEIGHT="51" WIDTH="13" VPOS="1917" HPOS="1818"/>
                  <String HEIGHT="51"
                          WIDTH="108"
                          VPOS="1917"
                          HPOS="1777"
                          CONTENT="sunt"/>
                  <SP HEIGHT="51" WIDTH="13" VPOS="1917" HPOS="1885"/>
                  <String HEIGHT="51"
                          WIDTH="94"
                          VPOS="1917"
                          HPOS="1845"
                          CONTENT="vel"/>
                  <SP HEIGHT="51" WIDTH="13" VPOS="1917" HPOS="1939"/>
                  <String HEIGHT="51"
                          WIDTH="121"
                          VPOS="1917"
                          HPOS="1898"
                          CONTENT="erunt"/>
                  <SP HEIGHT="51" WIDTH="13" VPOS="1917" HPOS="2020"/>
                  <String HEIGHT="51"
                          WIDTH="67"
                          VPOS="1917"
                          HPOS="1966"
                          CONTENT="cor"/>
               </TextLine>
               <TextLine ID="r1l76"
                         BASELINE="2017"
                         HEIGHT="51"
                         WIDTH="763"
                         VPOS="1966"
                         HPOS="1272">
                  <String HEIGHT="51"
                          WIDTH="133"
                          VPOS="1966"
                          HPOS="1255"
                          CONTENT="pora"/>
                  <SP HEIGHT="51" WIDTH="17" VPOS="1966" HPOS="1388"/>
                  <String HEIGHT="51"
                          WIDTH="216"
                          VPOS="1966"
                          HPOS="1338"
                          CONTENT="brutorum:"/>
                  <SP HEIGHT="51" WIDTH="17" VPOS="1966" HPOS="1554"/>
                  <String HEIGHT="51"
                          WIDTH="133"
                          VPOS="1966"
                          HPOS="1504"
                          CONTENT="ergo"/>
                  <SP HEIGHT="51" WIDTH="17" VPOS="1966" HPOS="1637"/>
                  <String HEIGHT="51"
                          WIDTH="182"
                          VPOS="1966"
                          HPOS="1587"
                          CONTENT="corpora"/>
                  <SP HEIGHT="51" WIDTH="17" VPOS="1966" HPOS="1770"/>
                  <String HEIGHT="51"
                          WIDTH="199"
                          VPOS="1966"
                          HPOS="1720"
                          CONTENT="brutorum"/>
                  <SP HEIGHT="51" WIDTH="17" VPOS="1966" HPOS="1919"/>
                  <String HEIGHT="51"
                          WIDTH="182"
                          VPOS="1966"
                          HPOS="1853"
                          CONTENT="resurgent"/>
               </TextLine>
               <TextLine ID="r1l78"
                         BASELINE="2060"
                         HEIGHT="48"
                         WIDTH="770"
                         VPOS="2012"
                         HPOS="1269">
                  <String HEIGHT="48" WIDTH="96" VPOS="2012" HPOS="1253" CONTENT="Si"/>
                  <SP HEIGHT="48" WIDTH="16" VPOS="2012" HPOS="1349"/>
                  <String HEIGHT="48"
                          WIDTH="128"
                          VPOS="2012"
                          HPOS="1301"
                          CONTENT="enim"/>
                  <SP HEIGHT="48" WIDTH="16" VPOS="2012" HPOS="1429"/>
                  <String HEIGHT="48"
                          WIDTH="225"
                          VPOS="2012"
                          HPOS="1381"
                          CONTENT="praesidens"/>
                  <SP HEIGHT="48" WIDTH="16" VPOS="2012" HPOS="1606"/>
                  <String HEIGHT="48" WIDTH="96" VPOS="2012" HPOS="1558" CONTENT="in"/>
                  <SP HEIGHT="48" WIDTH="16" VPOS="2012" HPOS="1654"/>
                  <String HEIGHT="48"
                          WIDTH="128"
                          VPOS="2012"
                          HPOS="1606"
                          CONTENT="vico"/>
                  <SP HEIGHT="48" WIDTH="16" VPOS="2012" HPOS="1734"/>
                  <String HEIGHT="48"
                          WIDTH="209"
                          VPOS="2012"
                          HPOS="1686"
                          CONTENT="straminis"/>
                  <SP HEIGHT="48" WIDTH="16" VPOS="2012" HPOS="1895"/>
                  <String HEIGHT="48"
                          WIDTH="176"
                          VPOS="2012"
                          HPOS="1847"
                          CONTENT="diceret"/>
                  <SP HEIGHT="48" WIDTH="16" VPOS="2012" HPOS="2023"/>
                  <String HEIGHT="48"
                          WIDTH="80"
                          VPOS="2012"
                          HPOS="1959"
                          CONTENT="hic"/>
               </TextLine>
               <TextLine ID="r1l80"
                         BASELINE="2099"
                         HEIGHT="49"
                         WIDTH="765"
                         VPOS="2050"
                         HPOS="1269">
                  <String HEIGHT="49"
                          WIDTH="188"
                          VPOS="2050"
                          HPOS="1255"
                          CONTENT="fallaciam"/>
                  <SP HEIGHT="49" WIDTH="14" VPOS="2050" HPOS="1442"/>
                  <String HEIGHT="49"
                          WIDTH="115"
                          VPOS="2050"
                          HPOS="1399"
                          CONTENT="esse"/>
                  <SP HEIGHT="49" WIDTH="14" VPOS="2050" HPOS="1514"/>
                  <String HEIGHT="49" WIDTH="87" VPOS="2050" HPOS="1471" CONTENT="in"/>
                  <SP HEIGHT="49" WIDTH="14" VPOS="2050" HPOS="1558"/>
                  <String HEIGHT="49"
                          WIDTH="144"
                          VPOS="2050"
                          HPOS="1514"
                          CONTENT="forma:"/>
                  <SP HEIGHT="49" WIDTH="14" VPOS="2050" HPOS="1659"/>
                  <String HEIGHT="49" WIDTH="87" VPOS="2050" HPOS="1615" CONTENT="ab"/>
                  <SP HEIGHT="49" WIDTH="14" VPOS="2050" HPOS="1702"/>
                  <String HEIGHT="49"
                          WIDTH="130"
                          VPOS="2050"
                          HPOS="1659"
                          CONTENT="aliis"/>
                  <SP HEIGHT="49" WIDTH="14" VPOS="2050" HPOS="1789"/>
                  <String HEIGHT="49"
                          WIDTH="202"
                          VPOS="2050"
                          HPOS="1745"
                          CONTENT="regentibus"/>
                  <SP HEIGHT="49" WIDTH="14" VPOS="2050" HPOS="1947"/>
                  <String HEIGHT="49"
                          WIDTH="144"
                          VPOS="2050"
                          HPOS="1890"
                          CONTENT="assisten"/>
               </TextLine>
               <TextLine ID="r1l82"
                         BASELINE="2146"
                         HEIGHT="49"
                         WIDTH="770"
                         VPOS="2097"
                         HPOS="1272">
                  <String HEIGHT="49"
                          WIDTH="131"
                          VPOS="2097"
                          HPOS="1257"
                          CONTENT="tibus"/>
                  <SP HEIGHT="49" WIDTH="15" VPOS="2097" HPOS="1388"/>
                  <String HEIGHT="49"
                          WIDTH="218"
                          VPOS="2097"
                          HPOS="1345"
                          CONTENT="iudicaretur"/>
                  <SP HEIGHT="49" WIDTH="15" VPOS="2097" HPOS="1563"/>
                  <String HEIGHT="49"
                          WIDTH="102"
                          VPOS="2097"
                          HPOS="1519"
                          CONTENT="non"/>
                  <SP HEIGHT="49" WIDTH="15" VPOS="2097" HPOS="1621"/>
                  <String HEIGHT="49"
                          WIDTH="218"
                          VPOS="2097"
                          HPOS="1577"
                          CONTENT="exercitatus"/>
                  <SP HEIGHT="49" WIDTH="15" VPOS="2097" HPOS="1795"/>
                  <String HEIGHT="49"
                          WIDTH="174"
                          VPOS="2097"
                          HPOS="1751"
                          CONTENT="logicus."/>
                  <SP HEIGHT="49" WIDTH="15" VPOS="2097" HPOS="1926"/>
                  <String HEIGHT="49"
                          WIDTH="116"
                          VPOS="2097"
                          HPOS="1882"
                          CONTENT="Haec"/>
                  <SP HEIGHT="49" WIDTH="15" VPOS="2097" HPOS="1998"/>
                  <String HEIGHT="49"
                          WIDTH="102"
                          VPOS="2097"
                          HPOS="1940"
                          CONTENT="autem"/>
               </TextLine>
               <TextLine ID="r1l84"
                         BASELINE="2187"
                         HEIGHT="45"
                         WIDTH="772"
                         VPOS="2142"
                         HPOS="1263">
                  <String HEIGHT="45"
                          WIDTH="134"
                          VPOS="2142"
                          HPOS="1248"
                          CONTENT="nolim"/>
                  <SP HEIGHT="45" WIDTH="15" VPOS="2142" HPOS="1382"/>
                  <String HEIGHT="45"
                          WIDTH="208"
                          VPOS="2142"
                          HPOS="1337"
                          CONTENT="intelligas"/>
                  <SP HEIGHT="45" WIDTH="15" VPOS="2142" HPOS="1545"/>
                  <String HEIGHT="45" WIDTH="89" VPOS="2142" HPOS="1501" CONTENT="in"/>
                  <SP HEIGHT="45" WIDTH="15" VPOS="2142" HPOS="1590"/>
                  <String HEIGHT="45"
                          WIDTH="163"
                          VPOS="2142"
                          HPOS="1545"
                          CONTENT="Alberti"/>
                  <SP HEIGHT="45" WIDTH="15" VPOS="2142" HPOS="1708"/>
                  <String HEIGHT="45"
                          WIDTH="208"
                          VPOS="2142"
                          HPOS="1664"
                          CONTENT="contemptum"/>
                  <SP HEIGHT="45" WIDTH="15" VPOS="2142" HPOS="1872"/>
                  <String HEIGHT="45"
                          WIDTH="148"
                          VPOS="2142"
                          HPOS="1827"
                          CONTENT="dicta."/>
                  <SP HEIGHT="45" WIDTH="15" VPOS="2142" HPOS="1976"/>
                  <String HEIGHT="45"
                          WIDTH="104"
                          VPOS="2142"
                          HPOS="1931"
                          CONTENT="nam"/>
                  <SP HEIGHT="45" WIDTH="15" VPOS="2142" HPOS="2035"/>
                  <String HEIGHT="45" WIDTH="59" VPOS="2142" HPOS="1976" CONTENT="is"/>
               </TextLine>
               <TextLine ID="r1l86"
                         BASELINE="2235"
                         HEIGHT="54"
                         WIDTH="761"
                         VPOS="2181"
                         HPOS="1272">
                  <String HEIGHT="54"
                          WIDTH="130"
                          VPOS="2181"
                          HPOS="1256"
                          CONTENT="erat"/>
                  <SP HEIGHT="54" WIDTH="16" VPOS="2181" HPOS="1385"/>
                  <String HEIGHT="54"
                          WIDTH="146"
                          VPOS="2181"
                          HPOS="1337"
                          CONTENT="modus"/>
                  <SP HEIGHT="54" WIDTH="16" VPOS="2181" HPOS="1482"/>
                  <String HEIGHT="54"
                          WIDTH="194"
                          VPOS="2181"
                          HPOS="1434"
                          CONTENT="loquendi"/>
                  <SP HEIGHT="54" WIDTH="16" VPOS="2181" HPOS="1628"/>
                  <String HEIGHT="54" WIDTH="97" VPOS="2181" HPOS="1580" CONTENT="in"/>
                  <SP HEIGHT="54" WIDTH="16" VPOS="2181" HPOS="1677"/>
                  <String HEIGHT="54"
                          WIDTH="162"
                          VPOS="2181"
                          HPOS="1628"
                          CONTENT="diebus"/>
                  <SP HEIGHT="54" WIDTH="16" VPOS="2181" HPOS="1790"/>
                  <String HEIGHT="54"
                          WIDTH="146"
                          VPOS="2181"
                          HPOS="1742"
                          CONTENT="eius:"/>
                  <SP HEIGHT="54" WIDTH="16" VPOS="2181" HPOS="1887"/>
                  <String HEIGHT="54" WIDTH="81" VPOS="2181" HPOS="1839" CONTENT="&amp;"/>
                  <SP HEIGHT="54" WIDTH="16" VPOS="2181" HPOS="1920"/>
                  <String HEIGHT="54"
                          WIDTH="146"
                          VPOS="2181"
                          HPOS="1871"
                          CONTENT="adhuc"/>
                  <SP HEIGHT="54" WIDTH="16" VPOS="2181" HPOS="2017"/>
                  <String HEIGHT="54"
                          WIDTH="81"
                          VPOS="2181"
                          HPOS="1952"
                          CONTENT="est"/>
               </TextLine>
               <TextLine ID="r1l88"
                         BASELINE="2284"
                         HEIGHT="54"
                         WIDTH="772"
                         VPOS="2230"
                         HPOS="1261">
                  <String HEIGHT="54"
                          WIDTH="218"
                          VPOS="2230"
                          HPOS="1244"
                          CONTENT="aliquorum"/>
                  <SP HEIGHT="54" WIDTH="17" VPOS="2230" HPOS="1462"/>
                  <String HEIGHT="54"
                          WIDTH="151"
                          VPOS="2230"
                          HPOS="1412"
                          CONTENT="parum"/>
                  <SP HEIGHT="54" WIDTH="17" VPOS="2230" HPOS="1563"/>
                  <String HEIGHT="54"
                          WIDTH="101"
                          VPOS="2230"
                          HPOS="1513"
                          CONTENT="se"/>
                  <SP HEIGHT="54" WIDTH="17" VPOS="2230" HPOS="1613"/>
                  <String HEIGHT="54"
                          WIDTH="185"
                          VPOS="2230"
                          HPOS="1563"
                          CONTENT="logicae"/>
                  <SP HEIGHT="54" WIDTH="17" VPOS="2230" HPOS="1748"/>
                  <String HEIGHT="54"
                          WIDTH="319"
                          VPOS="2230"
                          HPOS="1697"
                          CONTENT="accommodantium."/>
                  <SP HEIGHT="54" WIDTH="17" VPOS="2230" HPOS="2016"/>
                  <String HEIGHT="54"
                          WIDTH="84"
                          VPOS="2230"
                          HPOS="1949"
                          CONTENT="sed"/>
               </TextLine>
               <TextLine ID="r1l90"
                         BASELINE="2324"
                         HEIGHT="52"
                         WIDTH="785"
                         VPOS="2272"
                         HPOS="1265">
                  <String HEIGHT="52"
                          WIDTH="123"
                          VPOS="2272"
                          HPOS="1250"
                          CONTENT="haec"/>
                  <SP HEIGHT="52" WIDTH="15" VPOS="2272" HPOS="1373"/>
                  <String HEIGHT="52"
                          WIDTH="123"
                          VPOS="2272"
                          HPOS="1327"
                          CONTENT="dixi"/>
                  <SP HEIGHT="52" WIDTH="15" VPOS="2272" HPOS="1450"/>
                  <String HEIGHT="52" WIDTH="92" VPOS="2272" HPOS="1404" CONTENT="ne"/>
                  <SP HEIGHT="52" WIDTH="15" VPOS="2272" HPOS="1496"/>
                  <String HEIGHT="52"
                          WIDTH="123"
                          VPOS="2272"
                          HPOS="1450"
                          CONTENT="quis"/>
                  <SP HEIGHT="52" WIDTH="15" VPOS="2272" HPOS="1573"/>
                  <String HEIGHT="52"
                          WIDTH="169"
                          VPOS="2272"
                          HPOS="1527"
                          CONTENT="propter"/>
                  <SP HEIGHT="52" WIDTH="15" VPOS="2272" HPOS="1696"/>
                  <String HEIGHT="52"
                          WIDTH="123"
                          VPOS="2272"
                          HPOS="1650"
                          CONTENT="viri"/>
                  <SP HEIGHT="52" WIDTH="15" VPOS="2272" HPOS="1773"/>
                  <String HEIGHT="52"
                          WIDTH="169"
                          VPOS="2272"
                          HPOS="1727"
                          CONTENT="eruditi"/>
                  <SP HEIGHT="52" WIDTH="15" VPOS="2272" HPOS="1896"/>
                  <String HEIGHT="52"
                          WIDTH="215"
                          VPOS="2272"
                          HPOS="1835"
                          CONTENT="auctoritatem"/>
               </TextLine>
               <TextLine ID="r1l92"
                         BASELINE="2388"
                         HEIGHT="70"
                         WIDTH="407"
                         VPOS="2318"
                         HPOS="1269">
                  <String HEIGHT="70"
                          WIDTH="170"
                          VPOS="2318"
                          HPOS="1252"
                          CONTENT="credat"/>
                  <SP HEIGHT="70" WIDTH="17" VPOS="2318" HPOS="1422"/>
                  <String HEIGHT="70"
                          WIDTH="119"
                          VPOS="2318"
                          HPOS="1371"
                          CONTENT="ita"/>
                  <SP HEIGHT="70" WIDTH="17" VPOS="2318" HPOS="1489"/>
                  <String HEIGHT="70"
                          WIDTH="136"
                          VPOS="2318"
                          HPOS="1439"
                          CONTENT="fore"/>
                  <SP HEIGHT="70" WIDTH="17" VPOS="2318" HPOS="1574"/>
                  <String HEIGHT="70"
                          WIDTH="170"
                          VPOS="2318"
                          HPOS="1506"
                          CONTENT="dicendum"/>
               </TextLine>
               <TextLine ID="r1l95"
                         BASELINE="2457"
                         HEIGHT="89"
                         WIDTH="584"
                         VPOS="2368"
                         HPOS="1455">
                  <String HEIGHT="89"
                          WIDTH="135"
                          VPOS="2368"
                          HPOS="1433"
                          CONTENT="Ed"/>
                  <SP HEIGHT="89" WIDTH="22" VPOS="2368" HPOS="1567"/>
                  <String HEIGHT="89"
                          WIDTH="135"
                          VPOS="2368"
                          HPOS="1500"
                          CONTENT="de"/>
                  <SP HEIGHT="89" WIDTH="22" VPOS="2368" HPOS="1635"/>
                  <String HEIGHT="89"
                          WIDTH="404"
                          VPOS="2368"
                          HPOS="1567"
                          CONTENT="resuscitatione"/>
                  <SP HEIGHT="89" WIDTH="22" VPOS="2368" HPOS="1972"/>
                  <String HEIGHT="89"
                          WIDTH="157"
                          VPOS="2368"
                          HPOS="1882"
                          CONTENT="corpo"/>
               </TextLine>
               <TextLine ID="r1l97"
                         BASELINE="2500"
                         HEIGHT="54"
                         WIDTH="591"
                         VPOS="2446"
                         HPOS="1447">
                  <String HEIGHT="54"
                          WIDTH="118"
                          VPOS="2446"
                          HPOS="1430"
                          CONTENT="rum"/>
                  <SP HEIGHT="54" WIDTH="17" VPOS="2446" HPOS="1548"/>
                  <String HEIGHT="54"
                          WIDTH="236"
                          VPOS="2446"
                          HPOS="1498"
                          CONTENT="dubitatur,"/>
                  <SP HEIGHT="54" WIDTH="17" VPOS="2446" HPOS="1734"/>
                  <String HEIGHT="54"
                          WIDTH="101"
                          VPOS="2446"
                          HPOS="1683"
                          CONTENT="an"/>
                  <SP HEIGHT="54" WIDTH="17" VPOS="2446" HPOS="1785"/>
                  <String HEIGHT="54"
                          WIDTH="220"
                          VPOS="2446"
                          HPOS="1734"
                          CONTENT="resurgent"/>
                  <SP HEIGHT="54" WIDTH="17" VPOS="2446" HPOS="1954"/>
                  <String HEIGHT="54"
                          WIDTH="101"
                          VPOS="2446"
                          HPOS="1903"
                          CONTENT="in"/>
                  <SP HEIGHT="54" WIDTH="17" VPOS="2446" HPOS="2004"/>
                  <String HEIGHT="54"
                          WIDTH="101"
                          VPOS="2446"
                          HPOS="1937"
                          CONTENT="suis"/>
               </TextLine>
               <TextLine ID="r1l100"
                         BASELINE="2542"
                         HEIGHT="52"
                         WIDTH="583"
                         VPOS="2490"
                         HPOS="1458">
                  <String HEIGHT="52"
                          WIDTH="250"
                          VPOS="2490"
                          HPOS="1441"
                          CONTENT="sepulchris."/>
                  <SP HEIGHT="52" WIDTH="17" VPOS="2490" HPOS="1691"/>
                  <String HEIGHT="52" WIDTH="83" VPOS="2490" HPOS="1641" CONTENT="&amp;"/>
                  <SP HEIGHT="52" WIDTH="17" VPOS="2490" HPOS="1725"/>
                  <String HEIGHT="52"
                          WIDTH="117"
                          VPOS="2490"
                          HPOS="1675"
                          CONTENT="sic"/>
                  <SP HEIGHT="52" WIDTH="17" VPOS="2490" HPOS="1791"/>
                  <String HEIGHT="52"
                          WIDTH="117"
                          VPOS="2490"
                          HPOS="1741"
                          CONTENT="cum"/>
                  <SP HEIGHT="52" WIDTH="17" VPOS="2490" HPOS="1858"/>
                  <String HEIGHT="52"
                          WIDTH="100"
                          VPOS="2490"
                          HPOS="1808"
                          CONTENT="in"/>
                  <SP HEIGHT="52" WIDTH="17" VPOS="2490" HPOS="1908"/>
                  <String HEIGHT="52"
                          WIDTH="117"
                          VPOS="2490"
                          HPOS="1858"
                          CONTENT="vno"/>
                  <SP HEIGHT="52" WIDTH="17" VPOS="2490" HPOS="1974"/>
                  <String HEIGHT="52"
                          WIDTH="133"
                          VPOS="2490"
                          HPOS="1908"
                          CONTENT="sepul"
                          SUBS_TYPE="HypPart1"
                          SUBS_CONTENT="sepulchro"/>
                  <HYP CONTENT="-"/>
               </TextLine>
               <TextLine ID="line_1592253325636_2189"
                         BASELINE="2588"
                         HEIGHT="67"
                         WIDTH="607"
                         VPOS="2521"
                         HPOS="1437">
                  <String HEIGHT="67"
                          WIDTH="139"
                          VPOS="2521"
                          HPOS="1420"
                          CONTENT="chro"
                          SUBS_TYPE="HypPart2"
                          SUBS_CONTENT="sepulchro"/>
                  <SP HEIGHT="67" WIDTH="17" VPOS="2521" HPOS="1558"/>
                  <String HEIGHT="67"
                          WIDTH="139"
                          VPOS="2521"
                          HPOS="1506"
                          CONTENT="sint"/>
                  <SP HEIGHT="67" WIDTH="17" VPOS="2521" HPOS="1645"/>
                  <String HEIGHT="67"
                          WIDTH="156"
                          VPOS="2521"
                          HPOS="1593"
                          CONTENT="multa"/>
                  <SP HEIGHT="67" WIDTH="17" VPOS="2521" HPOS="1749"/>
                  <String HEIGHT="67"
                          WIDTH="191"
                          VPOS="2521"
                          HPOS="1697"
                          CONTENT="corpora"/>
                  <SP HEIGHT="67" WIDTH="17" VPOS="2521" HPOS="1888"/>
                  <String HEIGHT="67"
                          WIDTH="104"
                          VPOS="2521"
                          HPOS="1836"
                          CONTENT="vt"/>
                  <SP HEIGHT="67" WIDTH="17" VPOS="2521" HPOS="1940"/>
                  <String HEIGHT="67"
                          WIDTH="104"
                          VPOS="2521"
                          HPOS="1888"
                          CONTENT="in"/>
                  <SP HEIGHT="67" WIDTH="17" VPOS="2521" HPOS="1992"/>
                  <String HEIGHT="67"
                          WIDTH="121"
                          VPOS="2521"
                          HPOS="1923"
                          CONTENT="Arbee"/>
               </TextLine>
               <TextLine ID="r1l104"
                         BASELINE="2637"
                         HEIGHT="51"
                         WIDTH="766"
                         VPOS="2586"
                         HPOS="1269">
                  <String HEIGHT="51"
                          WIDTH="187"
                          VPOS="2586"
                          HPOS="1252"
                          CONTENT="corpora"/>
                  <SP HEIGHT="51" WIDTH="17" VPOS="2586" HPOS="1439"/>
                  <String HEIGHT="51"
                          WIDTH="306"
                          VPOS="2586"
                          HPOS="1388"
                          CONTENT="patriarcharum:"/>
                  <SP HEIGHT="51" WIDTH="17" VPOS="2586" HPOS="1695"/>
                  <String HEIGHT="51"
                          WIDTH="153"
                          VPOS="2586"
                          HPOS="1643"
                          CONTENT="multa"/>
                  <SP HEIGHT="51" WIDTH="17" VPOS="2586" HPOS="1797"/>
                  <String HEIGHT="51"
                          WIDTH="187"
                          VPOS="2586"
                          HPOS="1746"
                          CONTENT="corpora"/>
                  <SP HEIGHT="51" WIDTH="17" VPOS="2586" HPOS="1933"/>
                  <String HEIGHT="51"
                          WIDTH="153"
                          VPOS="2586"
                          HPOS="1882"
                          CONTENT="erunt"/>
                  <SP HEIGHT="51" WIDTH="17" VPOS="2586" HPOS="2035"/>
                  <String HEIGHT="51" WIDTH="68" VPOS="2586" HPOS="1967" CONTENT="in"/>
               </TextLine>
               <TextLine ID="r1l106"
                         BASELINE="2682"
                         HEIGHT="56"
                         WIDTH="769"
                         VPOS="2626"
                         HPOS="1278">
                  <String HEIGHT="56"
                          WIDTH="141"
                          VPOS="2626"
                          HPOS="1262"
                          CONTENT="eodem"/>
                  <SP HEIGHT="56" WIDTH="16" VPOS="2626" HPOS="1404"/>
                  <String HEIGHT="56"
                          WIDTH="126"
                          VPOS="2626"
                          HPOS="1356"
                          CONTENT="loco"/>
                  <SP HEIGHT="56" WIDTH="16" VPOS="2626" HPOS="1482"/>
                  <String HEIGHT="56"
                          WIDTH="188"
                          VPOS="2626"
                          HPOS="1435"
                          CONTENT="proprio."/>
                  <SP HEIGHT="56" WIDTH="16" VPOS="2626" HPOS="1623"/>
                  <String HEIGHT="56" WIDTH="78" VPOS="2626" HPOS="1576" CONTENT="&amp;"/>
                  <SP HEIGHT="56" WIDTH="16" VPOS="2626" HPOS="1655"/>
                  <String HEIGHT="56"
                          WIDTH="204"
                          VPOS="2626"
                          HPOS="1608"
                          CONTENT="contingit"/>
                  <SP HEIGHT="56" WIDTH="16" VPOS="2626" HPOS="1812"/>
                  <String HEIGHT="56"
                          WIDTH="157"
                          VPOS="2626"
                          HPOS="1765"
                          CONTENT="varias"/>
                  <SP HEIGHT="56" WIDTH="16" VPOS="2626" HPOS="1921"/>
                  <String HEIGHT="56"
                          WIDTH="157"
                          VPOS="2626"
                          HPOS="1874"
                          CONTENT="partes"/>
                  <SP HEIGHT="56" WIDTH="16" VPOS="2626" HPOS="2031"/>
                  <String HEIGHT="56" WIDTH="94" VPOS="2626" HPOS="1984" CONTENT="in"/>
                  <SP HEIGHT="56" WIDTH="16" VPOS="2626" HPOS="2078"/>
                  <String HEIGHT="56" WIDTH="31" VPOS="2626" HPOS="2016" CONTENT=""/>
               </TextLine>
               <TextLine ID="r1l108"
                         BASELINE="2719"
                         HEIGHT="55"
                         WIDTH="755"
                         VPOS="2664"
                         HPOS="1283">
                  <String HEIGHT="55"
                          WIDTH="142"
                          VPOS="2664"
                          HPOS="1269"
                          CONTENT="variis"/>
                  <SP HEIGHT="55" WIDTH="14" VPOS="2664" HPOS="1411"/>
                  <String HEIGHT="55"
                          WIDTH="128"
                          VPOS="2664"
                          HPOS="1368"
                          CONTENT="locis"/>
                  <SP HEIGHT="55" WIDTH="14" VPOS="2664" HPOS="1497"/>
                  <String HEIGHT="55"
                          WIDTH="185"
                          VPOS="2664"
                          HPOS="1454"
                          CONTENT="sepeliti,"/>
                  <SP HEIGHT="55" WIDTH="14" VPOS="2664" HPOS="1639"/>
                  <String HEIGHT="55" WIDTH="71" VPOS="2664" HPOS="1596" CONTENT="&amp;"/>
                  <SP HEIGHT="55" WIDTH="14" VPOS="2664" HPOS="1668"/>
                  <String HEIGHT="55"
                          WIDTH="128"
                          VPOS="2664"
                          HPOS="1625"
                          CONTENT="aeque"/>
                  <SP HEIGHT="55" WIDTH="14" VPOS="2664" HPOS="1753"/>
                  <String HEIGHT="55"
                          WIDTH="214"
                          VPOS="2664"
                          HPOS="1710"
                          CONTENT="pricipales:"/>
                  <SP HEIGHT="55" WIDTH="14" VPOS="2664" HPOS="1924"/>
                  <String HEIGHT="55" WIDTH="85" VPOS="2664" HPOS="1881" CONTENT="vt"/>
                  <SP HEIGHT="55" WIDTH="14" VPOS="2664" HPOS="1967"/>
                  <String HEIGHT="55"
                          WIDTH="128"
                          VPOS="2664"
                          HPOS="1910"
                          CONTENT="dimidie"/>
               </TextLine>
               <TextLine ID="r1l110"
                         BASELINE="2784"
                         HEIGHT="68"
                         WIDTH="766"
                         VPOS="2716"
                         HPOS="1275">
                  <String HEIGHT="68"
                          WIDTH="138"
                          VPOS="2716"
                          HPOS="1260"
                          CONTENT="tatem"/>
                  <SP HEIGHT="68" WIDTH="15" VPOS="2716" HPOS="1398"/>
                  <String HEIGHT="68"
                          WIDTH="169"
                          VPOS="2716"
                          HPOS="1352"
                          CONTENT="capitis"/>
                  <SP HEIGHT="68" WIDTH="15" VPOS="2716" HPOS="1520"/>
                  <String HEIGHT="68"
                          WIDTH="107"
                          VPOS="2716"
                          HPOS="1474"
                          CONTENT="vel"/>
                  <SP HEIGHT="68" WIDTH="15" VPOS="2716" HPOS="1581"/>
                  <String HEIGHT="68"
                          WIDTH="153"
                          VPOS="2716"
                          HPOS="1535"
                          CONTENT="cordis"/>
                  <SP HEIGHT="68" WIDTH="15" VPOS="2716" HPOS="1689"/>
                  <String HEIGHT="68" WIDTH="92" VPOS="2716" HPOS="1643" CONTENT="cu"/>
                  <SP HEIGHT="68" WIDTH="15" VPOS="2716" HPOS="1735"/>
                  <String HEIGHT="68"
                          WIDTH="169"
                          VPOS="2716"
                          HPOS="1689"
                          CONTENT="aequali"/>
                  <SP HEIGHT="68" WIDTH="15" VPOS="2716" HPOS="1857"/>
                  <String HEIGHT="68"
                          WIDTH="184"
                          VPOS="2716"
                          HPOS="1811"
                          CONTENT="portione"/>
                  <SP HEIGHT="68" WIDTH="15" VPOS="2716" HPOS="1995"/>
                  <String HEIGHT="68"
                          WIDTH="107"
                          VPOS="2716"
                          HPOS="1934"
                          CONTENT="corpo"/>
               </TextLine>
            </TextBlock>
         </PrintSpace>
      </Page>
   </Layout>
</alto>
