2340 3356
444 329 169 65 dentes:
566 329 77 65 &
597 329 153 65 claudi
705 329 200 65 resurgent
858 329 169 65 erecti.
981 329 138 65 Dicit
1073 329 123 65 enim
1134 329 77 65 Apo

447 383 166 54 stolus.
568 383 91 54 i.
613 383 91 54 ad
658 383 151 54 Corin.
764 383 106 54 xv.
824 383 151 54 Mortui
930 383 196 54 resurgent
1066 383 151 54 incorrum

454 425 113 65 pti.
524 425 84 65 Ad
567 425 127 65 aliud
651 425 84 65 de
693 425 211 65 martyribus,
862 425 99 65 non
918 425 99 65 est
975 425 99 65 eis
1031 425 169 65 dedecori
1144 425 70 65 ha-

443 485 117 46 bere
517 485 220 46 cicatrices,
692 485 132 46 sicut
780 485 103 46 non
839 485 161 46 habetur
956 485 132 46 turpe
1044 485 161 46 Achilli
1147 485 73 46 se-

447 515 118 55 mel
514 515 168 55 laesum
632 515 134 55 esse
716 515 101 55 ab
766 515 202 55 Hectore,
918 515 84 55 &
951 515 151 55 semel
1052 515 84 55 a
1069 515 151 55 Troilo.

458 560 109 54 Sed
521 560 155 54 contra
629 560 109 54 hoc
691 560 155 54 dicis.
800 560 93 54 si
847 560 217 54 cicatrices
1017 560 109 54 hoc
1079 560 124 54 modo
1141 560 78 54 re-

439 608 201 56 surgant:
590 608 184 56 sanctus
724 608 218 56 Dionysius
891 608 201 56 resurget
1042 608 117 56 cum
1092 608 134 56 capite

456 659 94 46 in
503 659 188 46 pectore:
644 659 78 46 &
675 659 110 46 ita
738 659 94 46 de
785 659 141 46 aliis
879 659 235 46 martyribus.
1051 659 172 46 Respondeo

448 694 205 57 habebunt
601 694 153 57 solum
704 694 102 57 vt
755 694 170 57 opinor
874 694 170 57 aliqua
993 694 205 57 vestigia
1130 694 102 57 par-

454 738 86 54 ua
497 738 187 54 vulnerum.
641 738 115 54 Quod
713 738 130 54 autem
799 738 130 54 loan.
886 738 101 54 xx.
943 738 130 54 dixit
1030 738 158 54 Thomas.
1131 738 86 54 Nisi

457 784 165 57 videro
573 784 99 57 in
623 784 182 57 manibus
755 784 132 57 eius
837 784 182 57 fixuram
969 784 198 57 clauorum
1118 784 83 57 &
1134 784 83 57 mit

446 833 110 50 tam
509 833 172 50 digitum
634 833 125 50 meum
712 833 94 50 in
759 833 141 50 latus
853 833 125 50 eius
932 833 110 50 non
994 833 172 50 credam.
1104 833 125 50 specia

453 875 88 56 le
497 875 162 56 poterat
615 875 118 56 esse
689 875 162 56 protunc
807 875 88 56 in
851 875 177 56 Christo.
984 875 103 56 Non
1043 875 118 56 enim
1102 875 118 56 resur-

449 921 126 56 gent
528 921 126 56 illo
606 921 126 56 modo
685 921 110 56 quo
748 921 251 56 occidebantur
952 921 110 56 vel
999 921 220 56 laedebantur.

458 959 92 57 Ad
504 959 169 57 tertium
627 959 92 57 de
673 959 139 57 costa
766 959 169 57 dicitur
889 959 123 57 quod
966 959 185 57 resurget
1105 959 92 57 in
1136 959 92 57 Eua.

449 1003 98 54 Non
505 1003 112 54 enim
575 1003 112 54 erat
644 1003 181 54 superflua
784 1003 98 54 pro
840 1003 112 54 tota
909 1003 153 54 specie.
1021 1003 112 54 quia
1077 1003 153 54 creabatur

441 1049 100 50 in
491 1049 133 50 Adam
575 1049 117 50 non
641 1049 100 50 vt
691 1049 183 50 maneret
824 1049 200 50 perpetuo
974 1049 133 50 pars
1057 1049 150 50 eius:
1141 1049 83 50 sed

455 1100 86 44 ad
498 1100 258 44 representandam
713 1100 172 44 vnitatem
842 1100 115 44 quae
914 1100 100 44 est
971 1100 129 44 inter
1057 1100 129 44 virum
1143 1100 72 44 &
1157 1100 72 44 vxo

450 1139 121 52 rem.
525 1139 76 52 â‹
556 1139 166 52 Secundo
676 1139 227 52 argumentor.
858 1139 91 52 si
903 1139 106 52 non
963 1139 166 52 peribit
1069 1139 151 52 capillus

454 1186 90 49 de
499 1186 165 49 capite:
619 1186 165 49 immensa
738 1186 120 49 erit
813 1186 194 49 multitudo
963 1186 209 49 capillorum
1127 1186 90 49 in
1157 1186 75 49 cho

451 1222 158 57 lerico
562 1222 79 57 &
593 1222 95 57 in
641 1222 190 57 calidis:
783 1222 79 57 &
814 1222 142 57 magna
909 1222 205 57 longitudo
1067 1222 95 57 in
1099 1222 126 57 septen

448 1277 232 46 trionalibus.
637 1277 116 46 ldem
710 1277 116 46 erit
782 1277 87 46 de
826 1277 189 46 vnguibus.
971 1277 87 46 ad
1014 1277 116 46 quid
1087 1277 131 46 etiam
1159 1277 73 46 de-

445 1321 162 52 seruiunt
567 1321 108 52 alii
635 1321 162 52 humores?
756 1321 68 52 â‹
783 1321 216 52 Respondetur,
959 1321 95 52 non
1013 1321 162 52 redibunt
1121 1321 108 52 omnes.

446 1365 191 48 capilli
585 1365 139 48 quos
672 1365 139 48 homo
759 1365 174 48 habuit
880 1365 122 48 quo
950 1365 104 48 ad
985 1365 243 48 longitudinem

453 1404 104 53 sed
512 1404 163 53 aliquae
631 1404 148 53 partes
734 1404 133 53 virum
823 1404 178 53 onantes:
957 1404 118 53 quae
1031 1404 163 53 nunquam
1134 1404 89 53 auge

455 1448 146 59 buntur:
561 1448 106 59 quia
627 1448 79 59 in
666 1448 132 59 homine
759 1448 93 59 non
812 1448 106 59 erit
878 1448 146 59 aliquam
984 1448 212 59 superfluitas
1143 1448 79 59 post

445 1492 321 60 resurrectionem,
716 1492 118 60 nec
783 1492 135 60 erit
868 1492 254 60 incrementum
1054 1492 169 60 pilorum.

454 1548 103 42 nam
513 1548 133 42 calor
602 1548 177 42 resoluit
734 1548 162 42 aliquos
852 1548 162 42 humores
970 1548 206 42 terrestres
1132 1548 74 42 /
1146 1548 74 42 vn-

443 1581 172 50 ctuosos
568 1581 94 50 ad
615 1581 156 50 poros:
724 1581 109 50 qui
786 1581 265 50 infrigidantur
1005 1581 78 50 a
1020 1581 203 50 frigiditate

455 1625 121 55 cutis
535 1625 67 55 &
562 1625 121 55 aeris
643 1625 229 55 circunstatis:
832 1625 67 55 &
859 1625 135 55 rursus
953 1625 121 55 aliae
1034 1625 135 55 partes
1115 1625 108 55 sequum

444 1669 110 54 tur
507 1669 79 54 &
539 1669 189 54 crescunt
681 1669 95 54 in
728 1669 268 54 longitudinem:
948 1669 95 54 vt
996 1669 189 54 videmus:
1137 1669 126 54 quod

452 1710 121 70 post
528 1710 273 70 resurrectionem
755 1710 106 70 non
816 1710 212 70 continget:
982 1710 106 70 sed
1043 1710 136 70 omnes
1119 1710 106 70 pilos

455 1753 106 71 quos
521 1753 106 71 homo
588 1753 133 71 habent
681 1753 80 71 in
721 1753 226 71 resurrectione
907 1753 66 71 /
933 1753 133 71 semper
1027 1753 146 71 tenebit
1120 1753 106 71 vnifor

452 1802 165 56 miter.
567 1802 115 56 Non
633 1802 231 56 augebuntur
814 1802 99 56 vt
863 1802 165 56 dictum
979 1802 132 56 est,
1061 1802 115 56 nec
1111 1802 115 56 dimi-

456 1855 162 49 nuentur
574 1855 89 49 ab
619 1855 148 49 aliquo
722 1855 207 49 contrario:
884 1855 118 49 quia
958 1855 103 49 cum
1017 1855 118 49 sint
1091 1855 89 49 in
1120 1855 118 49 termi-

451 1899 105 53 no:
511 1899 120 53 deus
586 1899 105 53 non
646 1899 195 53 concurrit
796 1899 90 53 ad
841 1899 240 53 corruptionem
1037 1899 150 53 eorum.
1142 1899 120 53 qua-

454 1932 94 63 re
501 1932 172 63 nunquam
627 1932 219 63 mutabuntur
799 1932 94 63 in
846 1932 203 63 albedinem
1002 1932 110 63 vel
1065 1932 94 63 in
1096 1932 141 63 colorem

457 1982 169 58 senilem.
584 1982 70 58 &
612 1982 99 58 sic
668 1982 85 58 de
711 1982 169 58 vnguibus
837 1982 169 58 dicatur.
964 1982 99 58 lis
1021 1982 127 58 autem
1105 1982 99 58 qui
1147 1982 85 58 mor-

456 2027 99 56 tui
512 2027 156 56 fuerint
626 2027 141 56 calui,
725 2027 170 56 dabuntur
852 2027 113 56 pili
923 2027 241 56 sufficientes,
1121 2027 71 56 &
1135 2027 99 56 resur

461 2065 125 71 gent
540 2065 110 71 non
602 2065 157 71 calui:
712 2065 141 71 sicut
806 2065 172 71 paruuli
931 2065 204 71 morientes
1088 2065 125 71 post
1151 2065 78 71 ba-

466 2121 190 56 ptismum
604 2121 207 56 habebunt
759 2121 207 56 materiam
914 2121 293 56 superadditam.
1156 2121 86 56 â‹
1173 2121 69 56 De

454 2161 235 55 humoribus
635 2161 163 55 autem
743 2161 90 55 &
780 2161 326 55 humiditatibus,
1051 2161 127 55 hoc
1105 2161 127 55 nota-

456 2201 94 61 to
503 2201 141 61 iuxta
598 2201 220 61 Auicennam.
770 2201 126 61 xii.
849 2201 94 61 de
896 2201 220 61 animalibus
1068 2201 126 61 cap.
1147 2201 94 61 v.
1178 2201 63 61 Hu

455 2245 108 58 mor
516 2245 93 58 in
563 2245 154 58 magnis
670 2245 216 58 continetur
840 2245 154 58 venis:
948 2245 200 58 humiditas
1102 2245 123 58 vero
1164 2245 77 58 est

458 2295 145 55 extra
554 2295 161 55 magnas
667 2295 161 55 venas.
779 2295 177 55 Triplex
908 2295 145 55 autem
1004 2295 112 55 est
1052 2295 177 55 humiditas

458 2332 188 63 quaedam
595 2332 257 63 dispergitur
800 2332 120 63 per
869 2332 171 63 membra
988 2332 154 63 sicut
1091 2332 154 63 rtos:
1177 2332 51 63 &

458 2377 126 63 haec
537 2377 110 63 est
600 2377 94 63 in
647 2377 235 63 foraminibus
835 2377 188 63 paruarum
976 2377 188 63 venarum:
1117 2377 126 63 quam
1180 2377 63 63 di

472 2424 146 58 tuntur
575 2424 204 58 meseraicae
735 2424 102 58 seu
793 2424 219 58 capillares.
968 2424 160 58 Secunda
1071 2424 160 58 humiditas

461 2466 107 60 est
522 2466 123 60 illa
599 2466 123 60 quae
675 2466 107 60 est
737 2466 199 60 propinqua
890 2466 245 60 coagulationi
1090 2466 77 60 &
1105 2466 138 60 incipit

473 2513 173 56 dealbari:
606 2513 66 56 &
632 2513 93 56 non
685 2513 160 56 peruenit
805 2513 80 56 ad
845 2513 186 56 completum.
991 2513 66 56 &
1018 2513 146 56 dicitur
1111 2513 133 56 cambium.

464 2554 149 62 Tertia
569 2554 194 62 humiditas
718 2554 104 62 est
777 2554 104 62 iam
837 2554 239 62 incorporata.
1031 2554 75 62 &
1061 2554 164 62 dicitur
1165 2554 75 62 glu

459 2608 118 53 ten,
533 2608 163 53 tenella
651 2608 133 53 pars,
740 2608 104 53 seu
799 2608 148 53 mollis
903 2608 207 53 substantia
1066 2608 163 53 membri.
1169 2608 74 53 glu

467 2650 105 52 ten
527 2650 90 52 in
572 2650 255 52 resurrectione
782 2650 180 52 manebit:
917 2650 120 52 quia
992 2650 105 52 iam
1052 2650 105 52 est
1112 2650 120 52 pars
1172 2650 60 52 ho

464 2688 157 58 minis.
574 2688 110 58 ros
637 2688 78 58 &
668 2688 173 58 cambium
794 2688 110 58 non
857 2688 220 58 resurgent:
1029 2688 126 58 quia
1108 2688 126 58 sunt
1186 2688 94 58 ad

467 2739 240 71 nutritionem
659 2739 224 71 indiuidui.
835 2739 128 71 modo
915 2739 224 71 indiuiduum
1091 2739 128 71 tunc
1155 2739 80 71 ma

1281 341 137 56 nebit
1372 341 167 56 stabile
1494 341 122 56 sine
1570 341 228 56 nutrimento.
1753 341 122 56 Sunt
1829 341 137 56 etiam
1920 341 91 56 in
1950 341 107 56 indi-

1288 383 132 59 uiduo
1376 383 117 59 tres
1450 383 205 59 superfluae
1611 383 235 59 humiditates.
1802 383 161 59 quaedam
1919 383 103 59 est
1963 383 88 59 quan

1282 436 146 51 natura
1385 436 175 51 intendit
1516 436 190 51 abiicere:
1662 436 88 51 vt
1706 436 117 51 sunt
1779 436 190 51 superflua
1925 436 146 51 primae
2012 436 44 51 &

1279 474 191 55 secundae
1422 474 254 55 digestionis.
1628 474 175 55 Quaedam
1755 474 127 55 quam
1835 474 159 55 natura
1930 474 127 55 inten-

1290 526 111 45 dit
1354 526 191 45 abiicere
1497 526 95 45 ab
1544 526 207 45 indiuiduo
1703 526 95 45 ad
1751 526 286 45 continuationem
1974 526 95 45 spe-

1282 563 137 51 ciei,
1373 563 229 51 quemadmodum
1556 563 107 51 est
1617 563 214 51 superfluum
1785 563 168 51 tertiae
1892 563 168 51 digestio-

1276 608 132 50 nis.
1358 608 181 50 Quaedam
1489 608 132 50 quam
1572 608 164 50 natura
1687 608 214 50 ordinauit
1851 608 99 50 ad
1884 608 181 50 nutrimen-

1280 652 109 48 tum
1343 652 186 48 alterius
1482 652 217 48 indiuidui.
1653 652 233 48 quemadmodum
1840 652 109 48 est
1902 652 109 48 Iac
1964 652 93 48 in
1995 652 62 48 mu

1284 703 140 47 liere
1378 703 109 47 quo
1440 703 187 47 nutritur
1580 703 156 47 proles
1689 703 124 47 post
1767 703 233 47 natiuitatem
1953 703 93 47 ex
1984 703 78 47 vte

1280 744 136 48 rto:
1365 744 85 48 &
1399 744 221 48 menstruum
1569 744 119 48 quo
1637 744 204 48 nutritur
1791 744 102 48 in
1842 744 170 48 vtero.
1944 744 119 48 Tales

1295 783 127 53 autem
1379 783 211 53 humiditates
1548 783 98 53 non
1604 783 197 53 resurgent:
1759 783 112 53 quia
1829 783 127 53 nihil
1913 783 112 53 erit
1970 783 98 53 super

1291 829 111 49 flui
1360 829 111 49 quod
1429 829 138 49 natura
1526 829 124 49 illic
1609 829 180 49 expellat.
1747 829 124 49 quare
1830 829 97 49 nec
1885 829 111 49 erit
1940 829 111 49 vrina.

1291 878 101 48 nec
1348 878 144 48 sudor,
1449 878 101 48 nec
1507 878 159 48 materia
1622 878 173 48 faecaiis
1752 878 72 48 /
1781 878 101 48 nec
1838 878 144 48 semen.
1939 878 130 48 Ilsta
2011 878 58 48 ei

1291 916 180 55 spectant
1426 916 90 55 ad
1471 916 165 55 naturam
1591 916 135 55 solam
1681 916 270 55 corruptibilem,
1907 916 75 55 &
1922 916 150 55 animalem

1251 966 219 52 hominem.

1287 996 106 103 â‹
1329 996 359 103 Distinctionis
1604 996 465 103 Quadragesimaetertiae

1473 1070 287 79 Quaestio
1665 1070 239 79 Septima.

1590 1144 209 90 Eptimo
1736 1144 125 90 et
1799 1144 209 90 vltimo
1924 1144 146 90 quod-

1607 1216 160 61 ritur.
1719 1216 96 61 An
1767 1216 192 61 foeminae
1896 1216 160 61 resurget

1602 1263 92 53 in
1648 1263 123 53 sexu
1724 1263 215 53 masculino.
1893 1263 92 53 Et
1924 1263 138 53 videtur

1624 1307 108 57 per
1685 1307 123 57 sic.
1762 1307 108 57 nam
1823 1307 184 57 masculus
1962 1307 77 57 &
1977 1307 92 57 foe-

1616 1352 128 49 mella
1701 1352 114 49 sunt
1772 1352 227 49 differentiae
1942 1352 128 49 acciden

1617 1396 149 53 tales:
1721 1396 104 53 ita
1781 1396 89 53 vt
1825 1396 193 53 huiusmodi
1959 1396 104 53 sexus

1592 1434 118 62 non
1659 1434 168 62 variet
1777 1434 202 62 speciem.
1928 1434 135 62 Hinc
1996 1434 67 62 di

1594 1470 128 74 scit
1674 1470 256 74 philosophus.
1882 1470 96 74 x.
1914 1470 160 74 metaphy-

1293 1530 132 52 sicae.
1385 1530 79 52 &.
1424 1530 105 52 xvi.
1490 1530 79 52 de
1530 1530 184 52 animalibus
1674 1530 105 52 quod
1740 1530 145 52 foemina
1845 1530 92 52 est
1898 1530 92 52 mas
1938 1530 118 52 occasio

1291 1577 152 55 natus,
1397 1577 76 55 &
1428 1577 167 55 praeter
1549 1577 228 55 intentionem
1732 1577 182 55 naturae.
1868 1577 122 55 ltem
1944 1577 91 55 ad
1975 1577 91 55 Ephe

1295 1621 130 48 sios.
1381 1621 130 48 iiii.
1468 1621 173 48 dicitur.
1597 1621 130 48 donec
1684 1621 202 48 occurramus
1843 1621 130 48 omnes
1929 1621 87 48 in
1958 1621 101 48 virum

1289 1664 221 60 perfectum.
1463 1664 205 60 Honestior
1621 1664 158 60 quoque
1731 1664 79 60 &
1763 1664 190 60 nobilior
1905 1664 111 60 est
1952 1664 111 60 sexus

1294 1712 231 54 masculinus.
1478 1712 123 54 ergo
1555 1712 138 54 omnes
1647 1712 200 54 resurgent
1801 1712 92 54 in
1847 1712 123 54 sexu
1908 1712 154 54 masculi-

1294 1764 104 45 no.
1354 1764 148 45 Quidam
1457 1764 163 45 insuper
1576 1764 148 45 grauis
1680 1764 193 45 theologus
1829 1764 134 45 dicit
1918 1764 119 45 quod
1977 1764 89 45 for-

1292 1795 102 57 te
1343 1795 153 57 omnes
1445 1795 203 57 foeminae
1597 1795 220 57 resurgent
1767 1795 102 57 in
1818 1795 136 57 sexu
1885 1795 187 57 masculino

1286 1839 179 64 praeter
1416 1839 163 64 beatam
1530 1839 212 64 virginem.
1693 1839 98 64 Et
1742 1839 196 64 confirmo
1889 1839 147 64 istud
1970 1839 98 64 supi

1300 1885 140 58 posito
1398 1885 112 58 illo
1468 1885 112 58 quod
1538 1885 154 58 recitat
1650 1885 154 58 Plinius
1763 1885 84 58 in
1805 1885 168 58 naturali
1917 1885 154 58 historia.

1296 1933 103 50 cap.
1361 1933 116 50 iiii.
1438 1933 129 50 libri.
1528 1933 103 50 vii.
1592 1933 77 50 de
1631 1933 129 50 variis
1721 1933 90 50 qui
1773 1933 77 50 in
1811 1933 103 50 vita
1876 1933 129 50 mutati
1966 1933 103 50 sunt
2017 1933 52 50 de

1287 1972 140 54 sexu
1375 1972 105 54 in
1428 1972 175 54 sexum.
1551 1972 158 54 Ponam
1656 1972 158 54 totum
1761 1972 175 54 caput:
1884 1972 140 54 quia
1954 1972 123 54 ipsum

1293 2013 104 55 est
1353 2013 149 55 breue.
1457 2013 89 55 Et
1502 2013 179 55 foeminis
1636 2013 179 55 (inquit)
1770 2013 149 55 mutari
1874 2013 89 55 in
1919 2013 134 55 mares
1993 2013 75 55 non

1293 2060 115 54 est
1358 2060 231 54 fabulosum.
1540 2060 214 54 Inuenimus
1705 2060 214 54 annalibus
1870 2060 181 54 Licinio
1985 2060 99 54 Cras

1289 2103 119 58 so.
1357 2103 102 58 C.
1408 2103 170 58 Cassio
1527 2103 187 58 Longino
1663 2103 255 58 consulibus:
1868 2103 170 58 Casini
1970 2103 102 58 pue-

1292 2157 110 49 rum
1355 2157 157 49 factum
1465 2157 94 49 ex
1511 2157 172 49 virgine
1637 2157 110 49 sub
1699 2157 219 49 parentibus
1872 2157 188 49 iussuque
1997 2157 78 49 aru

1291 2196 161 49 spicum
1404 2196 225 49 deportatum
1581 2196 97 49 in
1629 2196 177 49 insulam
1758 2196 209 49 desertam.
1903 2196 161 49 Licinius

1297 2236 205 57 Mutianus
1451 2236 205 57 prodidit
1605 2236 154 57 visum
1707 2236 85 57 a
1741 2236 103 57 se
1792 2236 154 57 Argis
1878 2236 205 57 Aristontem

1306 2280 112 55 cui
1370 2280 144 55 nomen
1466 2280 208 55 Arestusae
1626 2280 176 55 fuisse.
1755 2280 192 55 Nupsisse
1899 2280 160 55 etiam.
1995 2280 80 55 Mox

1292 2325 161 61 barbam
1405 2325 81 61 &
1437 2325 242 61 virilitatem
1631 2325 242 61 prouenisse:
1825 2325 210 61 vxoremque
1970 2325 113 61 duxis

1297 2367 118 62 se.
1365 2367 185 62 Eiusdem
1499 2367 168 62 sortis
1617 2367 84 62 &
1651 2367 185 62 Smyrnae
1786 2367 168 62 puerum
1904 2367 84 62 a
1937 2367 101 62 se
1971 2367 118 62 visum

1299 2417 140 55 Ipse
1387 2417 105 55 in
1440 2417 193 55 Aphrica
1580 2417 140 55 vidi
1668 2417 193 55 mutatum
1808 2417 105 55 in
1861 2417 158 55 marem
1949 2417 140 55 nuptia

1304 2454 119 58 rum
1372 2454 136 58 die.
1457 2454 102 58 L.
1508 2454 221 58 Cossicium
1678 2454 153 58 ciuem
1781 2454 272 58 Tisdritanum.
1985 2454 102 58 Edi-

1308 2496 112 57 tis
1372 2496 176 57 geminis
1500 2496 144 57 rarum
1596 2496 144 57 esse:
1692 2496 112 57 aut
1756 2496 224 57 puerpuerae
1932 2496 112 57 aut
1980 2496 112 57 puer-

1311 2548 145 64 perio:
1412 2548 203 64 praeterque
1571 2548 145 64 alteri
1672 2548 145 64 vitam.
1774 2548 87 64 Si
1817 2548 116 64 vero
1889 2548 188 64 vtriusque
2020 2548 72 64 se-

1299 2588 104 57 xus
1358 2588 133 57 editi
1447 2588 118 57 sint
1521 2588 163 57 gemini,
1639 2588 177 57 rariorem
1772 2588 163 57 vtrique
1891 2588 177 57 salutem.
2009 2588 74 57 Foe

1297 2632 129 60 minas
1383 2632 129 60 gigni
1468 2632 172 60 celerius
1597 2632 115 60 quam
1669 2632 143 60 mares:
1769 2632 143 60 sicuti
1869 2632 172 60 celerius
1984 2632 100 60 sene-

1297 2675 163 64 scere.
1411 2675 179 64 Saepius
1541 2675 130 64 vero
1623 2675 163 64 moueri
1737 2675 147 64 mares
1834 2675 98 64 in
1883 2675 163 64 vtero,
1997 2675 81 64 &
2030 2675 98 64 in

1301 2722 145 78 dextra
1402 2722 116 78 fere
1474 2722 145 78 parte:
1575 2722 87 78 in
1619 2722 130 78 laeua
1706 2722 174 78 foeminas
1821 2722 145 78 constat.
