2309 3297
462 299 159 60 concedo
577 299 115 60 quod
649 299 173 60 Christus
779 299 101 60 non
836 299 101 60 est
894 299 159 60 mortuus
1009 299 115 60 nisi
1081 299 101 60 vno
1139 299 101 60 die
1182 299 58 60 na

477 348 134 57 turali
570 348 94 57 per
624 348 134 57 totum.
717 348 94 57 sed
771 348 214 57 consequentia
944 348 94 57 est
998 348 134 57 nulla.
1091 348 94 57 nam
1131 348 107 57 mortem

472 400 137 51 passus
568 400 96 51 est
623 400 124 51 sexta
706 400 137 51 feria:
802 400 69 51 &
829 400 96 51 sic
884 400 110 51 illo
953 400 96 51 die
1007 400 151 51 mortuus
1117 400 110 51 est:
1172 400 55 51 mo

465 445 117 48 tuus
539 445 103 48 est
597 445 88 48 in
641 445 176 48 sabbato:
773 445 73 48 &
803 445 132 48 prima
891 445 161 48 sabbati
1008 445 191 48 surrexit.
1140 445 88 48 ergi

470 484 132 54 tertio
562 484 106 54 die.
629 484 79 54 is
668 484 132 54 namque
761 484 93 54 est
814 484 119 54 modus
893 484 159 54 communis
1012 484 198 54 supputandi,
1158 484 79 54 quem

468 522 162 61 admodum
586 522 88 61 si
630 522 147 61 Sortes
733 522 220 61 laborauerit
909 522 132 61 febre
997 522 191 61 tertiana,
1144 522 73 61 &
1159 522 73 61 hom

471 576 88 47 die
522 576 177 47 paroxysmum
661 576 151 47 patiatur
774 576 151 47 sciliet.
888 576 88 47 die
938 576 151 47 veneris:
1039 576 202 47 prognosticando

463 617 155 48 medicus
576 617 127 48 dicit
660 617 99 48 eum
716 617 141 48 postea
815 617 169 48 passurum
941 617 84 48 in
984 617 99 48 die
1040 617 183 48 dominico:
1167 617 70 48 com

468 653 143 62 putans
568 653 114 62 diem
639 653 86 62 in
682 653 100 62 quo
739 653 100 62 est
797 653 100 62 pro
854 653 114 62 vno:
925 653 72 62 &
954 653 114 62 diem
1025 653 86 62 in
1068 653 100 62 quo
1111 653 129 62 languer

463 711 98 43 pro
519 711 126 43 alio.
603 711 98 43 hoc
659 711 126 43 etiam
743 711 140 43 videre
841 711 126 43 licet
924 711 84 43 de
966 711 182 43 quartanis
1092 711 154 43 febtibus,

474 748 97 51 in
522 748 161 51 quibus
635 748 145 51 solum
731 748 113 51 duo
796 748 129 51 dies
876 748 193 51 mediant.
1021 748 80 51 ⁋
1053 748 97 51 Ad
1085 748 161 51 secundum

470 787 124 52 nego
548 787 233 52 antecedens.
734 787 78 52 &
766 787 93 52 ad
812 787 233 52 probationem
999 787 93 52 ex
1045 787 155 52 verbis
1138 787 109 52 Chri-

467 828 94 53 sti
520 828 81 53 de
561 828 121 53 lona.
642 828 81 53 in
682 828 135 53 primis
777 828 135 53 nescis
871 828 148 53 probare
979 828 108 53 quod
1046 828 135 53 tribus
1127 828 108 53 diebus

475 880 163 49 integris
597 880 108 49 fuit
665 880 81 49 in
706 880 135 49 ventre
801 880 122 49 ceti:
882 880 68 49 &
909 880 108 49 dato
977 880 108 49 quod
1044 880 95 49 hoc
1085 880 149 49 probaueri

468 922 205 46 consequentia
635 922 90 46 est
686 922 128 46 nulla:
776 922 103 46 quia
840 922 141 46 (sicut)
943 922 90 46 non
994 922 128 46 semper
1084 922 115 46 dicit
1148 922 90 46 aequa

473 965 147 50 litate:
579 965 93 50 sed
633 965 174 50 aliqualem
766 965 240 50 similitudinem:
967 965 80 50 vt
1007 965 160 50 artistae
1113 965 134 50 communi-

472 1007 96 53 ter
527 1007 137 53 dicere
623 1007 151 53 solent.
733 1007 69 53 &
760 1007 96 53 est
815 1007 123 53 modus
897 1007 192 53 peculiaris
1048 1007 206 53 scripturae.
1199 1007 41 53 v

470 1051 188 53 Ioannis.
611 1051 109 53 xv.
674 1051 141 53 Sicut
767 1051 172 53 dilexit
892 1051 94 53 me
939 1051 156 53 pater,
1049 1051 78 53 &
1080 1051 109 53 ego
1127 1051 125 53 dilexi

471 1092 104 45 vos.
536 1092 65 45 &
562 1092 117 45 tamen
640 1092 91 45 non
692 1092 182 45 aequaliter
835 1092 78 45 vt
873 1092 117 45 notum
951 1092 104 45 est.
1016 1092 65 45 ⁋
1042 1092 91 45 Sed
1094 1092 130 45 contra
1172 1092 78 45 ista

468 1136 94 55 sic
521 1136 174 55 arguitur.
655 1136 161 55 Christus
775 1136 134 55 tribus
869 1136 134 55 diebus
963 1136 67 55 &
990 1136 134 55 tribus
1083 1136 161 55 noctibus
1190 1136 54 55 ia

469 1178 114 55 cuit
540 1178 86 55 in
583 1178 128 55 corde
668 1178 157 55 terrae:
782 1178 100 55 hoc
839 1178 100 55 est
897 1178 86 55 in
939 1178 200 55 sepulchro.
1096 1178 86 55 vt
1125 1178 128 55 dicitur

475 1230 146 45 Matth.
577 1230 116 45 xii.
650 1230 102 45 Sed
708 1230 116 45 tres
781 1230 116 45 dies
854 1230 73 45 &
883 1230 116 45 tres
956 1230 146 45 noctes
1058 1230 160 45 faciunt
1160 1230 87 45 tres

469 1275 108 50 dies
537 1275 176 50 integros.
672 1275 149 50 igitur.
780 1275 68 50 ⁋
807 1275 81 50 Ad
848 1275 95 50 hoc
902 1275 203 50 respondetur
1051 1275 189 50 distinguendo

481 1315 100 43 vel
538 1315 86 43 in
581 1315 129 43 sensu
667 1315 201 43 composito:
825 1315 72 43 &
854 1315 100 43 sic
911 1315 158 43 concedo
1026 1315 86 43 vt
1069 1315 100 43 sit
1112 1315 129 43 categor

480 1358 93 53 ca
526 1358 93 53 de
572 1358 186 53 copulato
712 1358 186 53 extremo.
851 1358 108 53 vel
913 1358 93 53 in
959 1358 139 53 sensu
1052 1358 155 53 diuiso
1161 1358 77 53 &
1176 1358 62 53 hi

482 1411 193 46 pothetico.
634 1411 69 46 &
661 1411 96 46 sic
716 1411 124 46 nego.
799 1411 110 46 Illa
868 1411 124 46 autem
950 1411 193 46 propositio
1102 1411 151 46 Curisti
1198 1411 55 46 ha

468 1452 114 49 betur
544 1452 76 49 in
582 1452 114 49 sensu
658 1452 177 49 composito.
797 1452 127 49 filius
886 1452 139 49 hominis
987 1452 101 49 erit
1051 1452 76 49 in
1088 1452 114 49 corde
1152 1452 101 49 terrae

475 1488 146 52 tribus
577 1488 146 52 diebus
679 1488 73 52 &
708 1488 146 52 tribus
810 1488 189 52 noctibus.
956 1488 102 52 hoc
1014 1488 102 52 est
1072 1488 160 52 triduo.
1174 1488 73 52 par

481 1538 100 43 tes
538 1538 115 43 enim
610 1538 86 43 ex
653 1538 143 43 quibus
753 1538 201 43 integratur
911 1538 158 43 triduum
1026 1538 115 43 sunt
1098 1538 115 43 tres
1155 1538 86 43 die-

467 1585 247 49 artificiales
667 1585 77 49 &
698 1585 123 49 tres
775 1585 170 49 noctes.
899 1585 108 49 hoc
960 1585 185 49 ostendit
1084 1585 154 49 Augustin

476 1635 127 42 quarto
565 1635 76 42 de
604 1635 191 42 triniitate.
756 1635 89 42 ca.
807 1635 76 42 v.
845 1635 64 42 &
871 1635 102 42 lib.
935 1635 102 42 iii.
998 1635 76 42 de
1036 1635 153 42 consensu
1138 1635 102 42 euange

481 1667 171 50 listarum
609 1667 100 50 ca.
666 1667 157 50 xxiiii.
781 1667 100 50 vbi
838 1667 100 50 per
895 1667 114 50 tres
966 1667 114 50 dies
1038 1667 71 50 &
1066 1667 143 50 noctes
1152 1667 100 50 nihil

482 1712 116 56 aliud
559 1712 180 56 intelligit
701 1712 103 56 nisi
765 1712 154 56 triduum.
881 1712 77 56 Et
919 1712 90 56 pro
971 1712 103 56 isto
1035 1712 180 56 supponatur
1164 1712 77 56 quod

478 1754 129 52 dicit
563 1754 114 52 Beda
635 1754 86 52 in
678 1754 129 52 libro
763 1754 86 52 de
806 1754 200 52 temporibus
963 1754 100 52 ca.
1020 1754 86 52 v.
1063 1754 114 52 quod
1120 1754 129 52 Hebraei

474 1805 174 46 Caldaei,
605 1805 73 46 &
634 1805 145 46 Persae
736 1805 116 46 diem
809 1805 189 46 naturalem
954 1805 174 46 inchoant
1085 1805 73 46 a
1114 1805 102 46 die
1157 1805 102 46 arti-

481 1843 159 56 ficiali
596 1843 72 56 &
625 1843 87 56 ab
668 1843 116 56 ortu
741 1843 144 56 solis.
842 1843 72 56 &
871 1843 116 56 ille
943 1843 116 56 erat
1015 1843 130 56 modus
1087 1843 159 56 supputand

479 1887 140 46 Moysi.
577 1887 168 46 Genesis.
702 1887 84 46 i.
744 1887 140 46 Factum
842 1887 98 46 est
898 1887 154 46 vespore
1010 1887 70 46 &
1038 1887 112 46 mane
1107 1887 112 46 dies
1163 1887 84 46 vnus

477 1929 190 55 Aegyptii
620 1929 127 55 vero
699 1929 127 55 diem
778 1929 206 55 naturalem
936 1929 79 55 a
968 1929 174 55 vespere
1079 1929 174 55 inchoant.

467 1972 113 51 hoc
531 1972 113 51 est
596 1972 97 51 ab
644 1972 161 51 occasu
756 1972 97 51 ad
805 1972 193 51 occasum:
949 1972 129 51 quos
1030 1972 161 51 ludaei
1126 1972 129 51 imita-

475 2013 91 57 ti
520 2013 121 57 sunt
596 2013 91 57 in
641 2013 151 57 festis
747 2013 197 57 legalibus
898 2013 121 57 post
974 2013 151 57 exitum
1080 2013 91 57 ab
1110 2013 136 57 Aegypto

472 2062 177 54 Romani
596 2062 160 54 autem
703 2062 89 54 a
738 2062 160 54 media
845 2062 160 54 nocte
951 2062 106 54 ad
1005 2062 177 54 mediam
1111 2062 142 54 nocten

476 2104 130 50 dies
557 2104 211 50 naturales
720 2104 228 50 supputant.
898 2104 146 50 Vmbri
996 2104 81 50 &
1028 2104 244 50 Athenienses
1207 2104 49 50 a

477 2149 167 52 meridie
599 2149 91 52 ad
644 2149 198 52 meridiem:
796 2149 76 52 &
827 2149 107 52 hoc
888 2149 152 52 passim
994 2149 198 52 imitantur
1131 2149 122 52 astro-

474 2195 132 46 nomi.
562 2195 146 46 ltaque
665 2195 205 46 incipiendo
826 2195 117 46 diem
899 2195 161 46 veneris
1016 2195 176 46 scilicet
1133 2195 117 46 sextam

483 2237 161 60 feriam
595 2237 112 60 qua
660 2237 193 60 Christus
804 2237 161 60 passus
917 2237 112 60 est
981 2237 80 60 /
1013 2237 129 60 more
1077 2237 177 60 Aegyptio-

483 2284 120 58 rum,
558 2284 149 58 habuit
662 2284 164 58 initium
782 2284 105 58 die
842 2284 134 58 iouis
931 2284 90 58 in
976 2284 149 58 occasu
1081 2284 149 58 solis.
1170 2284 75 58 sed

476 2326 115 45 hora
548 2326 115 45 nona
620 2326 115 45 diei
692 2326 158 45 veneris
807 2326 144 45 passus
907 2326 115 45 est.
979 2326 130 45 quare
1066 2326 115 45 illo
1138 2326 101 45 die
1181 2326 72 45 est

477 2372 176 52 mortuus:
609 2372 117 52 quia
683 2372 88 52 in
726 2372 132 52 parte
814 2372 147 52 illius
917 2372 132 52 diei.
1005 2372 73 52 &
1034 2372 117 52 idem
1107 2372 132 52 patet
1181 2372 73 52 in-

487 2416 213 51 cipiendo
647 2416 142 51 diem
736 2416 142 51 more
824 2416 248 51 Hebraeorum
1019 2416 195 51 antiquo
1144 2416 106 51 quem

485 2463 128 55 etiam
570 2463 199 55 seruabant:
727 2463 114 55 nisi
798 2463 85 55 in
840 2463 142 55 festis
940 2463 199 55 legalibus:
1097 2463 142 55 passus
1182 2463 71 55 est

480 2508 150 39 mortem
585 2508 120 39 illo
660 2508 120 39 die.
735 2508 75 39 &
765 2508 120 39 toto
840 2508 105 39 die
899 2508 165 39 sabbati
1019 2508 180 39 naturali
1139 2508 105 39 mortu

494 2548 114 49 est:
565 2548 99 49 qui
622 2548 142 49 habuit
721 2548 156 49 initium
834 2548 85 49 in
877 2548 142 49 occasu
976 2548 128 49 solis
1062 2548 114 49 diei
1118 2548 128 49 veneris

480 2592 247 54 Aegyptiorum
677 2592 148 54 more:
776 2592 82 54 &
809 2592 263 54 terminabatur
1023 2592 99 54 in
1072 2592 165 54 occasu
1171 2592 82 54 so-

484 2632 102 61 lis
543 2632 117 61 diei
616 2632 176 61 sabbati:
748 2632 102 61 nec
806 2632 205 61 resurrexit
967 2632 117 61 nisi
1040 2632 117 61 mane
1113 2632 102 61 die
1157 2632 88 61 domi

479 2679 140 73 nico.
573 2679 124 73 ergo
650 2679 171 73 mortuus
774 2679 109 73 est
836 2679 93 73 in
883 2679 140 73 parte
976 2679 124 73 diei
1053 2679 171 73 tertii.
1177 2679 78 73 ⁋
1193 2679 62 73 Ex

1290 293 178 65 omnibus
1419 293 113 65 his
1484 293 145 65 patet
1580 293 129 65 quod
1661 293 178 65 oportet
1790 293 161 65 capere
1903 293 129 65 diem
1968 293 113 65 sabba

1298 345 97 57 ti
1346 345 195 57 integrum
1493 345 81 57 &
1525 345 146 57 alios
1622 345 130 57 dies
1703 345 114 57 per
1768 345 260 57 synecdochen.
1979 345 97 57 de
2012 345 81 57 die

1309 392 170 56 veneris
1432 392 139 56 nulla
1525 392 108 56 est
1586 392 232 56 difficultas
1772 392 170 56 antiquo
1895 392 124 56 more
1957 392 139 56 Hebraeo

1300 433 148 48 rum,
1392 433 295 48 Aegyptiorum,
1632 433 129 48 vel
1706 433 258 48 Romanorum.
1908 433 111 48 de
1945 433 148 48 sabba-

1306 481 92 48 to
1352 481 138 48 autem
1444 481 138 48 omnia
1536 481 123 48 sunt
1613 481 215 48 perspicua.
1782 481 200 48 similiter
1936 481 92 48 de
1967 481 123 48 tertio

1304 519 142 64 die
1385 519 163 64 more
1487 519 264 64 Romanorum
1690 519 102 64 &
1730 519 305 64 Aegyptiorum
1954 519 142 64 omnia

1304 567 128 49 sunt
1384 567 160 49 clara:
1496 567 80 49 &
1527 567 128 49 more
1607 567 176 49 antiquo
1735 567 223 49 Hebraeorum
1910 567 144 49 adhuc
1990 567 96 49 erat

1308 612 120 56 dies
1383 612 195 56 vulgaris.
1533 612 135 56 iuxta
1623 612 135 56 illud
1712 612 195 56 Matthaei.
1862 612 165 56 xxviii.
1967 612 120 56 Vespe-

1312 658 88 53 re
1356 658 132 53 autem
1445 658 162 53 sabbati
1562 658 118 53 quae
1636 658 191 53 lucescit.
1783 658 74 53 &
1812 658 147 53 Lucae.
1915 658 162 53 xxiiii.
2018 658 74 53 Val

1312 700 84 59 de
1354 700 183 59 diluculo.
1495 700 127 59 licet
1579 700 84 59 in
1622 700 127 59 primo
1706 700 127 59 solis
1790 700 113 59 ortu
1861 700 113 59 sint
1931 700 155 59 aliquae
2030 700 70 59 te-

1309 756 186 42 nebrae,
1444 756 118 42 nam
1512 756 152 42 Maria
1613 756 220 42 Magdalene
1783 756 152 42 venit
1884 756 135 42 mane
1969 756 118 42 cum
2019 756 68 42 ad

1305 786 109 60 huc
1368 786 156 60 essent
1477 786 188 60 tenebrae
1618 786 94 60 ad
1665 786 234 60 monumentum.
1853 786 125 60 ergo
1931 786 125 60 erat
1993 786 94 60 dies

1311 832 200 51 vulgaris,
1465 832 123 51 siue
1542 832 108 51 sol
1603 832 123 51 erat
1680 832 139 51 super
1773 832 216 51 horizontem
1942 832 123 51 siue
2004 832 92 51 non.

1310 877 110 44 hoc
1373 877 126 44 est,
1452 877 126 44 erat
1531 877 158 44 vesper
1642 877 110 44 qui
1705 877 237 44 lucescebat.
1894 877 174 44 extrema
2004 877 95 44 enim

1315 920 114 55 pars
1386 920 114 55 diei
1458 920 157 55 vocatur
1572 920 143 55 vesper
1672 920 86 55 ab
1715 920 157 55 hespero
1830 920 157 55 stella,
1944 920 86 55 id
1987 920 100 55 est
2030 920 57 55 ve

1312 965 129 56 nere:
1397 965 100 56 qui
1455 965 200 56 nonnunquai
1612 965 186 56 praecedit
1755 965 143 56 solem:
1855 965 71 56 &
1884 965 157 56 vocatur
1984 965 114 56 stella

1301 1007 204 62 matutina,
1458 1007 220 62 nonnunquam
1631 1007 204 62 sequitur.
1788 1007 78 62 &
1819 1007 94 62 ad
1851 1007 235 62 significandum

1314 1052 183 46 extremam
1451 1052 153 46 partem
1558 1052 153 46 noctis
1665 1052 183 46 ponitur,
1803 1052 122 46 quae
1879 1052 199 46 lucescit:
2017 1052 76 46 cau

1308 1096 95 48 sa
1356 1096 253 48 discriminis.
1561 1096 79 48 ⁋
1593 1096 111 48 Sed
1656 1096 206 48 obiicies.
1814 1096 190 48 Christus
1957 1096 127 48 hora
2020 1096 79 48 no-

1301 1145 99 53 na
1350 1145 181 53 mortuus
1482 1145 115 53 est
1548 1145 99 53 vt
1597 1145 165 53 dicunt
1712 1145 280 53 Euangelistae.
1943 1145 115 53 Nam
1992 1145 99 53 Mat-

1315 1191 140 51 thaei.
1413 1191 140 51 xxvii.
1511 1191 168 51 dicitur.
1637 1191 140 51 Asexta
1736 1191 126 51 autem
1820 1191 112 51 hora
1890 1191 140 51 factae
1988 1191 112 51 sunt
2044 1191 56 51 te

1314 1231 161 46 nebrae
1427 1231 145 46 super
1523 1231 209 46 vniuersam
1684 1231 161 46 terram
1797 1231 145 46 vsque
1894 1231 97 46 ad
1942 1231 145 46 horam
2023 1231 64 46 no

1299 1268 133 62 nam.
1382 1268 83 62 &
1415 1268 232 62 paulopost.
1598 1268 149 62 lesus
1697 1268 149 62 autem
1797 1268 166 62 iterum
1913 1268 182 62 clamans
2029 1268 66 62 vo

1313 1315 98 52 ce
1362 1315 148 52 magna
1460 1315 164 52 emisit
1575 1315 213 52 spiritum.
1739 1315 115 52 sed
1805 1315 230 52 computando
1986 1315 98 52 ab
2018 1315 66 52 oc

1309 1367 114 53 casu
1380 1367 128 53 solis
1465 1367 71 53 /
1493 1367 114 53 hora
1564 1367 114 53 nona
1635 1367 185 53 respondet
1778 1367 128 53 horae
1863 1367 156 53 tertiae
1962 1367 128 53 nostrae

1301 1406 209 54 Romanae.
1457 1406 244 54 Respondeo.
1649 1406 122 54 pro
1719 1406 157 54 istis
1823 1406 157 54 horis
1910 1406 192 54 cognoscen

1313 1446 109 53 dis
1376 1446 171 53 oportet
1500 1446 109 53 eas
1562 1446 202 53 supputare
1717 1446 93 53 ab
1764 1446 124 53 ortu
1842 1446 155 53 solis.
1950 1446 124 53 quia
2012 1446 78 53 ma-

1315 1493 91 58 ne
1360 1493 76 58 /
1391 1493 106 58 hoc
1451 1493 106 58 est
1512 1493 121 58 hora
1587 1493 151 58 prima,
1693 1493 167 58 vinctum
1814 1493 212 58 adduxerunt
1966 1493 121 58 ludaei

1313 1538 154 59 lesum
1416 1538 103 59 ad
1467 1538 189 59 Pontium
1604 1538 206 59 Pilatum.
1758 1538 171 59 Matth.
1878 1538 171 59 xxvii.
1981 1538 103 59 hora

1311 1586 142 52 sexta
1406 1586 127 52 erat
1485 1586 206 52 meridies:
1643 1586 79 52 &
1675 1586 127 52 hora
1754 1586 127 52 nona
1833 1586 127 52 hora
1912 1586 158 52 tertia
2007 1586 95 52 pome

1300 1628 164 46 ridiana
1419 1628 104 46 vel
1479 1628 194 46 circiter,
1628 1628 104 46 non
1688 1628 119 46 enim
1762 1628 164 46 oportet
1881 1628 134 46 horas
1971 1628 134 46 illas
2045 1628 45 46 a

1317 1674 178 49 vespera
1446 1674 259 49 praecedente:
1656 1674 113 49 nec
1721 1674 81 49 a
1753 1674 146 49 media
1850 1674 146 49 nocte
1931 1674 162 49 supputa-

1314 1714 112 61 re.
1378 1714 96 61 Ex
1426 1714 112 61 quo
1490 1714 192 61 sequitur
1634 1714 128 61 quod
1715 1714 192 61 Christus
1859 1714 160 61 mansit
1955 1714 144 61 mortuus

1311 1758 152 57 xxxix.
1417 1758 152 57 horis.
1524 1758 182 57 probatur
1660 1758 122 57 sic.
1736 1758 122 57 tunc
1812 1758 122 57 erat
1873 1758 213 57 aequinoctium

1318 1803 99 47 vel
1374 1803 197 47 paulopost:
1529 1803 70 47 &
1557 1803 99 47 per
1614 1803 197 47 consequens
1769 1803 113 47 dies
1839 1803 225 47 artificialis
2008 1803 85 47 erat

1317 1848 187 52 aequalis
1458 1848 156 52 nocti:
1567 1848 78 52 &
1598 1848 172 52 oportet
1723 1848 203 52 supputare
1879 1848 94 52 ab
1925 1848 125 52 ortu
1988 1848 109 52 solis

1308 1891 148 53 super
1406 1891 246 53 horizontem.
1603 1891 82 53 &
1636 1891 213 53 expirauit
1800 1891 131 53 hora
1882 1891 131 53 nona
1964 1891 131 53 diei
2029 1891 66 53 ve

1318 1941 144 52 neris.
1418 1941 187 52 restabant
1563 1941 115 52 ergo
1635 1941 115 52 tres
1707 1941 130 52 horae
1793 1941 144 52 illius
1894 1941 115 52 diei
1966 1941 86 52 ad
1995 1941 101 52 occa-

1307 1978 118 51 sum
1375 1978 168 51 solis.
1492 1978 168 51 deinde
1610 1978 236 51 computando
1796 1978 202 51 integrum
1947 1978 135 51 diem
2015 1978 84 51 sab

1319 2021 117 59 bati
1393 2021 88 59 ab
1437 2021 147 59 occasu
1539 2021 88 59 ad
1583 2021 161 59 occasum
1700 2021 132 59 sunt.
1788 2021 161 59 xxiiii.
1906 2021 147 59 horae.
2008 2021 117 59 ergo

1315 2066 193 58 habentur.
1464 2066 149 58 xxvii.
1568 2066 74 58 &
1598 2066 104 58 cum
1657 2066 238 58 resurrexerit
1850 2066 163 58 oriente
1969 2066 119 58 sole
2029 2066 59 58 in

1318 2109 105 47 die
1378 2109 195 47 dominico:
1528 2109 165 47 oportet
1648 2109 135 47 illic
1738 2109 255 47 deprehendere.
1948 2109 120 47 xii.
2023 2109 105 47 ho-

1315 2150 114 59 ras.
1386 2150 114 59 quae
1457 2150 128 59 aliis
1542 2150 156 59 additae
1656 2150 170 59 reddunt.
1784 2150 142 59 xxxix.
1883 2150 128 59 etiam
1968 2150 99 59 cum
2011 2150 85 59 ali-

1318 2206 151 47 quibus
1423 2206 241 47 fractionibus
1620 2206 332 47 proportionabiliter
1906 2206 90 47 ad
1936 2206 151 47 interca-

1312 2246 182 50 pedinem
1445 2246 248 50 aequinoctii
1644 2246 99 50 ad
1693 2246 298 50 resurrectionem
1925 2246 149 50 Christi

1323 2295 75 53 ⁋
1353 2295 150 53 Tertio
1458 2295 195 53 arguitur,
1608 2295 120 53 nemo
1683 2295 105 53 est
1742 2295 225 53 trigenarius
1922 2295 120 53 nisi
1982 2295 105 53 trige

1322 2333 148 59 simum
1420 2333 148 59 annum
1518 2333 262 59 compleuerit:
1731 2333 98 59 vt
1781 2333 229 59 quaestione
1944 2333 148 59 praece-

1317 2373 132 50 dente
1405 2373 176 50 diximus.
1538 2373 118 50 ergo
1611 2373 103 50 non
1670 2373 176 50 surrexit
1802 2373 147 50 tertio
1905 2373 103 50 die
1964 2373 118 50 nisi
2023 2373 73 50 fue

1321 2422 106 58 rit
1381 2422 212 58 completus.
1548 2422 76 58 ⁋
1578 2422 151 58 Quarto
1684 2422 197 58 arguitur.
1835 2422 151 58 Marci.
1941 2422 136 58 viii.
2016 2422 76 58 di-

1319 2462 110 49 cit
1382 2462 205 49 Christus.
1540 2462 95 49 Et
1587 2462 158 49 coepit
1698 2462 158 49 docere
1808 2462 110 49 eos
1871 2462 173 49 quoniam
1982 2462 110 49 opor-

1319 2511 110 41 tet
1382 2511 157 41 filium
1492 2511 173 41 hominis
1618 2511 126 41 pati
1697 2511 142 41 multa
1791 2511 79 41 &
1823 2511 204 41 reprobari
1980 2511 79 41 a
1996 2511 94 41 sum-

1312 2555 103 50 mis
1371 2555 236 50 sacerdotibus
1563 2555 74 50 &
1593 2555 177 50 scribis,
1725 2555 74 50 &
1755 2555 162 50 occidi,
1873 2555 74 50 &
1902 2555 118 50 post
1976 2555 118 50 tres
2035 2555 59 50 di

1325 2595 81 60 es
1365 2595 189 60 resurgere.
1514 2595 108 60 ergo
1581 2595 122 60 erant
1662 2595 108 60 tres
1730 2595 108 60 dies
1797 2595 162 60 completi
1919 2595 162 60 antequam
2027 2595 68 60 re-

1318 2641 194 61 surrexit.
1467 2641 75 61 ⁋
1497 2641 90 61 Ad
1542 2641 164 61 tertium
1661 2641 239 61 consequentia
1855 2641 104 61 est
1915 2641 149 61 nulla:
2004 2641 90 61 quia

1315 2695 202 65 euangelium
1474 2695 130 65 dicit
1560 2695 116 65 quod
1633 2695 174 65 Christus
1763 2695 145 65 tertio
1864 2695 101 65 die
1907 2695 174 65 resurrexit
