2346 3314
492 301 209 64 damnatorum
656 301 119 64 sine
731 301 254 64 condensatione
940 301 90 64 in
984 301 179 64 foramine
1119 301 134 64 acus.
1193 301 75 64 hoc

493 360 176 53 ostensum
625 360 103 53 est
684 360 88 53 in
728 360 147 53 decima
831 360 132 53 dist.
919 360 147 53 huius.
1022 360 147 53 Quarto
1124 360 117 53 dico
1183 360 88 53 quod

490 404 124 49 terra
573 404 96 49 his
628 404 152 49 omnibus
738 404 179 49 sufficit.
876 404 96 49 nam
931 404 83 49 si
973 404 124 49 omnes
1055 404 152 49 homines
1152 404 110 49 esseni

484 449 83 63 in
526 449 193 63 superficie
677 449 138 63 terrae
774 449 179 63 habitatae
912 449 69 63 /
940 449 124 63 parum
1023 449 207 63 occuparent.
1188 449 69 63 &
1202 449 69 63 cum

492 494 95 47 hoc
547 494 109 47 sunt
615 494 149 47 modotes
723 494 136 47 inuii.
819 494 122 47 plana
900 494 122 47 etiam
982 494 122 47 terra
1063 494 204 47 difficulter
1213 494 54 47 in

488 538 166 51 habitatur
616 538 77 51 in
654 538 166 51 plerisque
782 538 115 51 locis
858 538 140 51 propter
961 538 140 51 calorem
1063 538 64 51 /
1088 538 128 51 frigus
1178 538 64 51 /
1203 538 64 51 &
1216 538 51 51 im

502 583 129 46 manes
588 583 172 46 bestias.
716 583 72 46 &
745 583 114 46 sunt
816 583 157 46 insulae
931 583 129 46 forte
1017 583 229 46 reperibiles.
1202 583 72 46 â‹
1217 583 57 46 Si

497 626 135 63 vera
582 626 118 63 sit
649 626 169 63 opinio
767 626 236 63 Theodosii,
953 626 220 63 Ambrosii,
1105 626 169 63 Macrobii

490 671 73 54 &
520 671 248 54 Fratosthenis,
723 671 117 54 quod
796 671 175 54 cuilibet
927 671 146 54 gradui
1029 671 87 54 in
1073 671 131 54 caelo
1146 671 131 54 respon-

501 714 106 51 dent
567 714 199 51 septingenta
726 714 133 51 stadia
819 714 80 51 in
859 714 133 51 terra:
952 714 93 51 iam
1005 714 133 51 terrae
1098 714 173 51 circuitus
1218 714 53 51 du

497 760 142 48 centa
592 760 299 48 quinquagintaduo
843 760 142 48 milia
938 760 204 48 stadiorum
1079 760 189 48 continebit

491 811 108 53 quod
559 811 122 53 patet
640 811 149 53 ducendo
749 811 163 53 trecenta
871 811 176 53 sexaginta
1006 811 81 53 in
1047 811 217 53 septingenta.
1209 811 68 53 Cu-

491 849 112 45 ius
555 849 193 45 diameter
700 849 160 45 facile
812 849 209 45 reperitur
972 849 225 45 supponendo
1149 849 96 45 ex
1181 849 96 45 geo-

491 893 134 50 metria
584 893 161 50 practica
705 893 147 50 regulam
812 893 228 50 infallibilem,
999 893 107 50 quod
1053 893 214 50 circumferentia

500 939 85 54 ad
542 939 185 54 diametrum
685 939 100 54 est
742 939 185 54 proportio
884 939 142 54 tripla
984 939 256 54 sesquiseptima,
1183 939 100 54 sicut

496 982 241 58 vigintiduorum
695 982 85 58 ad
737 982 156 58 septem.
851 982 156 58 partire
965 982 142 58 igitur
1064 982 156 58 ambitum
1163 982 114 58 terrae

498 1028 121 52 per.
574 1028 136 52 xxii.
665 1028 76 52 &
695 1028 91 52 in
740 1028 152 52 numero
847 1028 197 52 quotiente
998 1028 152 52 exibut
1104 1028 167 52 vndecim
1210 1028 61 52 mi

500 1079 98 46 lia
556 1079 70 46 /
584 1079 224 46 quadringenta
766 1079 70 46 /
794 1079 322 46 quinquagintaquatuor
1075 1079 70 46 /
1103 1079 98 46 vna
1145 1079 126 46 secunda

491 1116 83 48 &
525 1116 116 48 vna
591 1116 330 48 vigesimasecunda:
871 1116 149 48 cuius
954 1116 314 48 vigesimaesecundae

502 1162 151 55 partis
608 1162 167 55 numerum
729 1162 182 55 subtrahe
865 1162 76 55 a
896 1162 151 55 numero
1001 1162 167 55 ambitus
1123 1162 167 55 terrae,
1229 1162 45 55 &

499 1203 238 52 relinquuntur
693 1203 164 52 ducenta
812 1203 224 52 quadraginta
991 1203 134 52 milia
1080 1203 75 52 /
1095 1203 179 52 quingentai

488 1257 349 50 quadragintaquinque
790 1257 79 50 &
822 1257 143 50 decem
917 1257 349 50 vigesimaesecundae.
1203 1257 79 50 hu-

493 1289 102 55 ius
552 1289 161 55 residui
669 1289 146 55 quaere
771 1289 161 55 tertiam
888 1289 146 55 partem
991 1289 73 55 /
1020 1289 132 55 ipsum
1108 1289 102 55 per
1166 1289 117 55 tria
1225 1289 58 55 di

483 1336 193 47 uidendo:
627 1336 80 47 &
660 1336 145 47 erunt
756 1336 209 47 octoginta
917 1336 145 47 milia
1013 1336 80 47 /
1045 1336 161 47 centum
1158 1336 80 47 /
1174 1336 112 47 octo-

488 1379 145 54 ginta
584 1379 129 54 vnum
665 1379 80 54 /
697 1379 145 54 semis
794 1379 80 54 &
826 1379 161 54 septem
938 1379 354 54 vigesimaesecundae:
1228 1379 48 54 &

484 1428 168 54 habebis
606 1428 198 54 diametrum
758 1428 168 54 terrae.
880 1428 122 54 quae
957 1428 92 54 si
1002 1428 92 54 in
1048 1428 122 54 duas
1124 1428 153 54 partes
1216 1428 61 54 se

495 1467 197 57 iungatur,
646 1467 197 57 habebitur
798 1467 152 57 terrae
904 1467 243 57 semidiameter
1101 1467 76 57 /
1116 1467 152 57 scilicet

492 1513 245 57 quadraginta
688 1513 147 57 milia
786 1513 213 57 nonaginta
950 1513 82 57 &
982 1513 180 57 viginti
1097 1513 180 57 vigesimae

498 1561 157 53 secundae
616 1561 66 53 /
642 1561 183 53 crassitudo
786 1561 66 53 a
812 1561 183 53 superficie
957 1561 131 53 terrae
1048 1561 79 53 ad
1088 1561 144 53 centrum
1179 1561 92 53 vsque

489 1605 95 52 Et
537 1605 95 52 si
584 1605 142 52 velis
679 1605 158 52 habere
790 1605 206 52 miliaria:
948 1605 174 52 partire
1074 1605 127 52 hunc
1138 1605 142 52 numerum

489 1651 108 54 per
550 1651 139 54 octo:
643 1651 77 54 &
674 1651 108 54 sic
736 1651 262 54 profunditatem
952 1651 185 54 immensam
1091 1651 170 54 habebis
1214 1651 93 54 in

496 1696 139 56 terra:
593 1696 69 56 &
621 1696 139 56 magnum
718 1696 111 56 erit
787 1696 222 56 interuallum.
968 1696 166 56 siquidem
1093 1696 69 56 a
1107 1696 166 56 superficie

495 1739 89 50 ad
540 1739 118 50 eius
613 1739 162 50 centrum
731 1739 133 50 sunt.
820 1739 89 50 M.
864 1739 177 50 dixxxix.
997 1739 148 50 leucae
1100 1739 103 50 cum
1144 1739 133 50 miliari

492 1783 107 56 cum
553 1783 153 56 paruis
660 1783 229 56 fragmentis.
843 1783 153 56 Vtendo
950 1783 138 56 autem
1042 1783 122 56 modo
1103 1783 168 56 Ptolemaei

497 1825 143 60 potes
593 1825 207 60 similiter
752 1825 207 60 deducere.
911 1825 127 60 vnde
991 1825 111 60 hic
1054 1825 223 60 imaginemur
1213 1825 64 60 pe

501 1870 94 47 dem
554 1870 148 47 circini
662 1870 175 47 immobilem
796 1870 81 47 in
837 1870 134 47 centro
931 1870 148 47 terrae:
1038 1870 148 47 ducatur
1146 1870 121 47 alius
1213 1870 67 47 pes

496 1913 179 63 trahendo
630 1913 179 63 circulum
764 1913 164 63 paruum:
884 1913 179 63 secundum
1018 1913 134 63 illam
1092 1913 179 63 petitionem

502 1962 123 53 primi
585 1962 178 53 Euclidis,
722 1962 123 53 super
804 1962 151 53 centrum
914 1962 178 53 quidlibet
1051 1962 69 53 /
1078 1962 165 53 circulum
1188 1962 82 53 quan

502 2003 179 63 tumlibet
636 2003 194 63 occupando
785 2003 209 63 designare.
949 2003 164 63 dicatur
1068 2003 119 63 iste
1128 2003 149 63 circulus

501 2045 96 47 a.
549 2045 160 47 rursus
661 2045 144 47 eodem
758 2045 128 47 pede
838 2045 96 47 in
886 2045 160 47 centro
998 2045 193 47 immobili
1127 2045 144 47 expanda

492 2091 93 59 tur
545 2091 119 59 alius
624 2091 119 59 vltra
704 2091 199 59 peripheriam
863 2091 146 59 circuli
970 2091 80 59 a.
1009 2091 80 59 ad
1049 2091 173 59 aliqualem
1169 2091 106 59 distan

503 2134 111 48 tiam
572 2134 152 48 ducatur
683 2134 166 48 circulus
807 2134 83 48 b.
849 2134 69 48 &
876 2134 97 48 sic
932 2134 180 48 deinceps.
1070 2134 166 48 Pessimus
1180 2134 97 48 autem

503 2177 97 53 est
558 2177 83 53 in
600 2177 138 53 centro
697 2177 166 53 diabolus
821 2177 152 53 tanquam
932 2177 83 53 in
973 2177 97 53 suo
1028 2177 152 53 carcere
1125 2177 152 53 perpetuo:

498 2226 107 52 alii
564 2226 107 52 vero
631 2226 146 52 proximi
737 2226 80 52 ei
777 2226 80 52 in
817 2226 146 52 malitia
924 2226 160 52 accedunt
1044 2226 80 52 in
1084 2226 146 52 circulo
1190 2226 80 52 b.
1217 2226 53 52 vi

501 2271 131 49 mali
583 2271 213 49 daemones:
746 2271 229 49 Mahumetus:
927 2271 180 49 Arrius:
1058 2271 148 49 Nero:
1140 2271 131 49 ludas:

496 2313 73 49 &
526 2313 174 49 similes:
656 2313 73 49 &
685 2313 102 49 sic
743 2313 102 49 per
801 2313 174 49 ordinem.
932 2313 102 49 Sed
990 2313 145 49 dicis.
1091 2313 116 49 ergo
1149 2313 131 49 existen

496 2360 102 50 tes
555 2360 87 50 in
598 2360 160 50 circulo
715 2360 87 50 b.
759 2360 175 50 habebunt
890 2360 131 50 pedes
977 2360 131 50 super
1065 2360 146 50 capita
1152 2360 131 50 existen

494 2402 116 50 tium
566 2402 87 50 in
609 2402 159 50 circulo
725 2402 87 50 a.
768 2402 101 50 nam
826 2402 101 50 qui
884 2402 173 50 existunt
1014 2402 87 50 in
1057 2402 159 50 circulo
1173 2402 87 50 a,
1202 2402 72 50 non

498 2446 179 50 tendunt
628 2446 196 50 vlterius
775 2446 114 50 cum
840 2446 130 50 sint
921 2446 98 50 ex
970 2446 130 50 omni
1052 2446 147 50 parte
1133 2446 147 50 centri.

498 2490 95 46 Et
546 2490 143 46 licet
641 2490 159 46 nullum
752 2490 143 46 esset
848 2490 254 46 impedimentum
1054 2490 111 46 non
1102 2490 175 46 progrede-

490 2532 153 49 rentur
597 2532 198 49 vlterius:
749 2532 107 49 cum
810 2532 107 49 ibi
871 2532 107 49 sit
932 2532 168 49 maximus
1054 2532 214 49 descensus.
1207 2532 76 49 ex-

502 2575 164 60 istentes
625 2575 123 60 autem
707 2575 82 60 in
748 2575 150 60 circulo
857 2575 68 60 b
884 2575 164 60 appetunt
1007 2575 205 60 descendere:
1171 2575 96 60 sed
1212 2575 68 60 ha-

500 2620 108 50 bent
568 2620 216 50 resistentiam
744 2620 81 50 ab
784 2620 135 50 aliis.
879 2620 95 50 qui
933 2620 108 50 vero
1001 2620 162 50 existunt
1122 2620 81 50 in
1149 2620 122 50 circulo

498 2664 93 47 c.
545 2664 187 47 vtrosque
685 2664 218 47 deprimunt.
857 2664 234 47 quemadmodum
1043 2664 140 47 equus
1137 2664 125 47 fert
1199 2664 78 47 hi-

491 2711 191 66 bernicum
634 2711 80 66 &
666 2711 159 66 pondus
778 2711 96 66 in
825 2711 111 66 suo
889 2711 143 66 collo
985 2711 96 66 ac
1032 2711 96 66 si
1080 2711 143 66 esset
1160 2711 111 66 imme

1326 302 148 75 diatum
1430 302 133 75 equo:
1519 302 74 75 &
1548 302 104 75 sic
1607 302 207 75 existentes
1770 302 133 75 prope
1859 302 163 75 centrum
1962 302 163 75 deprimun-

1332 365 106 47 tur
1392 365 90 47 ab
1437 365 166 47 omnibus
1558 365 256 47 superioribus:
1769 365 75 47 &
1799 365 106 47 ita
1860 365 151 47 tandem
1950 365 181 47 suffocabun

1329 410 105 47 tur
1389 410 75 47 &
1419 410 195 47 peribunt.
1569 410 165 47 Dicitur
1689 410 120 47 quod
1765 410 105 47 non
1825 410 270 47 suffocabuntur:
2035 410 90 47 quia

1325 456 126 46 deus
1404 456 110 46 eos
1467 456 268 46 praeseruabit,
1687 456 110 46 nec
1750 456 220 46 morientur:
1923 456 110 46 sed
1971 456 157 46 quaerent

1330 499 167 50 mortem
1447 499 84 50 &
1481 499 167 50 fugiet
1598 499 100 50 ab
1648 499 134 50 eis.
1732 499 100 50 An
1782 499 251 50 purgatorium
1983 499 117 50 sit
2034 499 100 50 vici

1332 543 119 48 nius
1406 543 149 48 infemo
1511 543 119 48 quam
1585 543 149 48 limbus
1689 543 178 48 puerorum
1823 543 74 48 /
1852 543 178 48 incertum
1986 543 119 48 est.
2046 543 74 48 lim

1334 587 113 52 bus
1398 587 145 52 autem
1495 587 161 52 patrum
1608 587 113 52 pro
1673 587 177 52 tempore
1802 587 113 52 quo
1866 587 129 52 erat
1947 587 81 52 /
1979 587 129 52 fuit
2043 587 81 52 su-

1341 631 180 62 praemus.
1476 631 120 62 hinc
1551 631 135 62 inter
1641 631 165 62 Abraham
1760 631 75 62 &
1790 631 165 62 diuitem
1910 631 180 62 epulonem
2030 631 90 62 fuis

1338 682 89 43 se
1383 682 148 43 magnum
1486 682 133 43 chaos
1574 682 89 43 in
1619 682 192 43 euangelio
1766 682 192 43 refertur.
1914 682 192 43 Probabile
2046 682 74 43 est

1340 720 113 52 quod
1410 720 211 52 purgatorium
1579 720 99 52 sit
1636 720 113 52 nunc
1706 720 85 52 in
1749 720 197 52 superficie
1904 720 155 52 inferni
2016 720 70 52 /
2044 720 70 52 &
2059 720 70 52 lim

1334 768 119 51 bus
1402 768 204 51 puerorum
1555 768 153 51 super
1657 768 170 51 ipsum.
1775 768 221 51 augebitur
1945 768 153 51 autem
2030 768 102 51 post

1336 811 133 49 diem
1420 811 183 49 iudicii
1553 811 200 49 infernus
1703 811 217 49 imbibendo
1870 811 267 49 purgatorium:
2070 811 50 49 &

1346 855 135 51 imbus
1436 855 180 51 puerorum
1571 855 120 51 erit
1646 855 135 51 circa
1736 855 225 51 superficiem
1916 855 150 51 terrae
2021 855 90 51 in
2051 855 75 51 ter

1346 896 95 61 ra
1394 896 95 61 vt
1425 896 143 61 opinor.

1330 981 104 91 â‹
1372 981 355 91 Distinctionis
1664 981 355 91 Quadragesimae
1935 981 188 91 quartae

1499 1052 282 85 Quaestio
1687 1052 212 85 Quarta.

1656 1115 193 83 Varto
1784 1115 150 83 pro
1870 1115 193 83 eadem
1999 1115 172 83 qua-

1619 1178 338 64 adragesimaquarta
1889 1178 237 64 distinctione

1657 1224 154 63 Quaero:
1769 1224 84 63 an
1811 1224 126 63 ignis
1895 1224 154 63 inferni
2008 1224 98 63 sit
2050 1224 84 63 eius

1661 1271 100 62 dem
1718 1271 157 62 speciei
1832 1271 100 62 cum
1889 1271 114 62 igne
1960 1271 157 62 nostro.
2060 1271 57 62 Re

1659 1316 208 61 spondetur
1819 1316 255 61 affirmatiue.
2010 1316 112 61 proba

1665 1359 106 64 tur.
1731 1359 120 64 ignis
1811 1359 93 64 est
1864 1359 146 64 species
1957 1359 160 64 specialis-

1654 1400 134 66 sima:
1744 1400 75 66 &
1774 1400 179 66 quilibet
1908 1400 134 66 ignis
1998 1400 105 66 cum
2042 1400 75 66 quo

1339 1457 122 53 libet
1421 1457 108 53 idem
1489 1457 81 53 in
1529 1457 149 53 specie.
1638 1457 122 53 sicut
1719 1457 95 53 est
1773 1457 81 53 de
1814 1457 108 53 aere
1882 1457 68 53 /
1909 1457 108 53 aqua
1977 1457 68 53 /
2004 1457 68 53 &
2018 1457 108 53 terra.

1334 1493 196 54 Praeterea
1484 1493 180 54 qualibet
1620 1493 120 54 aqua
1695 1493 105 54 cum
1755 1493 180 54 qualibet
1890 1493 120 54 aqua
1966 1493 105 54 est
2011 1493 105 54 eius-

1341 1535 99 59 dem
1397 1535 170 59 speciei.
1525 1535 85 59 i.
1567 1535 127 59 Topi.
1652 1535 113 59 ergo
1723 1535 184 59 similiter
1864 1535 85 59 de
1907 1535 127 59 igne.
1992 1535 85 59 In
2020 1535 99 59 super

1336 1583 114 53 iane
1407 1583 100 53 est
1464 1583 185 53 confugere
1607 1583 86 53 ad
1649 1583 242 53 distinctionem
1849 1583 214 53 specificam:
2020 1583 100 53 nec
2063 1583 57 53 au

1335 1625 228 66 ctoritates
1514 1625 212 66 sanctorum
1677 1625 98 66 ad
1726 1625 114 66 hoc
1791 1625 179 66 sonant:
1921 1625 130 66 ergo
1987 1625 130 66 conclu

1343 1676 101 61 sio
1400 1676 101 61 est
1444 1676 101 61 vera.

1334 1713 110 73 â‹
1378 1713 221 73 Contra
1532 1713 176 73 quam
1643 1713 265 73 arguitur
1841 1713 176 73 sic.
1929 1713 199 73 loannes

1337 1778 194 51 Damascenus
1489 1778 111 51 lib.
1559 1778 125 51 iiii.
1642 1778 111 51 cap.
1711 1778 152 51 xxviii.
1822 1778 125 51 dicit
1905 1778 111 51 quod
1974 1778 111 51 ille
2029 1778 97 51 ignis

1338 1825 108 47 non
1399 1825 108 47 est
1461 1825 216 47 materialis
1631 1825 155 47 qualis
1740 1825 108 47 est
1801 1825 124 47 apud
1879 1825 124 47 nos.
1956 1825 108 47 sed
2002 1825 124 47 qualis

1347 1868 108 52 sit
1408 1868 139 52 nouit
1501 1868 139 52 deus:
1594 1868 108 52 cum
1656 1868 108 52 ibi
1718 1868 108 52 non
1780 1868 108 52 sit
1842 1868 186 52 ponendus
1981 1868 139 52 ignis
2058 1868 62 52 ni

1332 1915 89 53 si
1377 1915 237 53 spiritualis.
1569 1915 118 53 ergo
1643 1915 104 53 non
1702 1915 104 53 est
1761 1915 163 53 eiusdem
1880 1915 163 53 speciei
1998 1915 104 53 cum
2042 1915 89 53 igne

1336 1955 172 53 nostro,
1462 1955 110 53 nec
1524 1955 188 53 loquimur
1665 1955 94 53 de
1712 1955 157 53 specie
1822 1955 235 53 subalterna.
2010 1955 94 53 Et
2042 1955 78 53 con

1344 2005 188 50 firmatur
1485 2005 203 50 assumptum
1641 2005 94 50 de
1688 2005 156 50 diuite
1798 2005 188 50 epulone.
1938 2005 156 50 Lucae.
2032 2005 94 50 xvi.

1336 2046 120 56 qui
1405 2046 189 56 dicebat
1542 2046 189 56 linguam
1679 2046 137 56 suam
1765 2046 206 56 cruciari
1920 2046 189 56 fiamma.
2040 2046 86 56 nam

1327 2092 118 55 cum
1395 2092 186 55 constet
1530 2092 152 55 illum
1631 2092 118 55 non
1698 2092 202 55 habuisse
1850 2092 186 55 linguam
1968 2092 152 55 corpora

1329 2135 113 60 lem
1393 2135 113 60 sed
1458 2135 258 60 spiritualem:
1668 2135 177 60 videtur
1797 2135 129 60 quod
1877 2135 242 60 metaphorice
2055 2135 65 60 de

1342 2193 183 38 vtroque
1476 2193 217 38 loquatur.
1642 2193 83 38 â‹
1676 2193 100 38 Ad
1726 2193 167 38 primum
1843 2193 183 38 dicitur
1959 2193 167 38 conceden

1344 2225 95 53 do
1392 2225 223 53 assumptum:
1567 2225 95 53 vt
1615 2225 239 53 praedicatum
1806 2225 111 53 sit
1869 2225 111 53 hoc
1933 2225 143 53 totum
2013 2225 95 53 (ma-

1346 2277 173 45 terialis
1476 2277 145 45 qualis
1577 2277 101 45 est
1635 2277 116 45 apud
1707 2277 116 45 nos)
1779 2277 130 45 sicut
1866 2277 173 45 Achilles
1996 2277 101 45 non
2039 2277 87 45 fuit

1340 2311 129 58 homo
1420 2311 145 58 talis
1517 2311 161 58 qualis
1629 2311 225 58 Thetsites.
1806 2311 112 58 nam
1870 2311 145 58 ignis
1966 2311 129 58 apud
2031 2311 80 58 nos

1335 2360 128 57 eget
1415 2360 208 57 fomentis:
1575 2360 112 57 non
1639 2360 144 57 autem
1735 2360 144 57 ille.
1831 2360 96 57 Ad
1863 2360 256 57 confirmationem

1337 2404 123 53 nego
1414 2404 123 53 quod
1491 2404 139 53 ignis
1583 2404 170 53 inferni
1707 2404 108 53 sit
1768 2404 139 53 solum
1861 2404 262 53 metaphoricus.
2061 2404 62 53 vn

1341 2447 106 63 de.
1401 2447 136 63 iiii.
1492 2447 211 63 diarogorum
1658 2447 136 63 dicit
1749 2447 151 63 beatus
1854 2447 211 63 Gregorius.
2005 2447 106 63 lgnem

1334 2494 189 55 gehennae
1476 2494 205 55 corporeum
1634 2494 126 55 esse
1712 2494 110 55 non
1775 2494 173 55 ambigo.
1901 2494 95 55 Et
1949 2494 158 55 quiqui
2043 2494 79 55 di-

1342 2540 100 51 ues
1399 2540 128 51 epulo
1484 2540 100 51 vel
1541 2540 114 51 eius
1612 2540 128 51 anima
1698 2540 128 51 (quod
1783 2540 100 51 pro
1840 2540 128 51 eodem
1926 2540 100 51 ibi
1969 2540 142 51 accipio)

1334 2583 115 50 non
1399 2583 181 50 habebat
1531 2583 181 50 linguam
1663 2583 181 50 proprie
1795 2583 165 50 dictam
1910 2583 115 50 nec
1960 2583 148 50 corpus:

1330 2626 100 51 non
1387 2626 172 51 sequitur
1516 2626 86 51 ex
1559 2626 115 51 illo
1630 2626 115 51 quod
1702 2626 86 51 in
1745 2626 143 51 infemo
1845 2626 143 51 nullus
1945 2626 100 51 sit
2002 2626 143 51 ignis:

1345 2678 109 46 quia
1413 2678 218 46 auctoritates
1591 2678 177 46 sanctorum
1727 2678 109 46 vnum
1795 2678 204 46 convincunt:
1958 2678 68 46 &
1985 2678 123 46 ratio
2054 2678 54 46 co

1335 2715 106 66 git
1396 2715 137 66 aliud
1487 2715 258 66 spiritualiter
1700 2715 198 66 exponere.
1851 2715 76 66 â‹
1882 2715 167 66 Secundo
1988 2715 137 66 argumen
