2329 3313
491 287 140 69 reos,
585 287 78 69 &
616 287 156 69 habere
725 287 172 69 corpora
850 287 156 69 aerea:
959 287 94 69 vt
1006 287 187 69 magister
1131 287 140 69 allegat

499 338 81 57 in
540 338 149 57 litera.
648 338 95 57 sed
702 338 122 57 illud
783 338 81 57 de
824 338 162 57 daemonum
945 338 189 57 corporibus
1094 338 122 57 abiit
1161 338 95 57 tanqu

492 385 225 57 inopinabile
672 385 90 57 ab
717 385 120 57 vsu.
792 385 225 57 Posteriores
971 385 135 57 autem
1061 385 90 57 in
1106 385 105 57 hoc
1151 385 120 57 stete-

493 426 136 58 runt:
584 426 91 58 vt
629 426 136 58 btuns
720 426 167 58 Thomas,
842 426 152 58 doctor
948 426 197 58 subtilis,
1099 426 76 58 &
1130 426 136 58 btuns
1205 426 61 58 Bo

490 473 203 57 nauentura:
649 473 130 57 licet
736 473 130 57 dicat
822 473 159 57 aliquid
938 473 87 57 in
982 473 188 57 solutione
1112 473 159 57 quaestio-

499 521 114 52 nis:
570 521 171 52 scilicet
699 521 114 52 quod
770 521 114 52 deus
842 521 129 52 facit
927 521 143 52 animas
1027 521 186 52 trepidare
1156 521 114 52 timore

508 562 100 50 ybi
565 562 100 50 non
622 562 100 50 est
679 562 143 50 timor:
779 562 114 50 quod
850 562 128 50 nobis
936 562 100 50 non
993 562 157 50 placet,
1107 562 100 50 non
1150 562 114 50 aliter

502 603 200 56 posuerunt
655 603 200 56 potentias
809 603 215 56 sensitiuas
979 603 108 56 cum
1040 603 138 56 anima
1117 603 154 56 separata

492 658 97 52 ad
540 658 209 52 patiendum
701 658 80 52 a
733 658 177 52 calore.
862 658 129 52 ltem
942 658 161 52 nostri
1055 658 129 52 mali
1135 658 161 52 angeli
1232 658 48 52 &

501 694 184 58 daemones
639 694 199 58 tentantes
792 694 107 58 non
853 694 153 58 habent
961 694 138 58 ignem
1053 694 153 58 secum:
1160 694 77 58 &
1176 694 107 58 tamen

489 739 183 64 semper
598 739 220 64 puniuntur.

487 804 115 84 â‹
533 804 229 84 Restat
694 804 275 84 deuenire
900 804 138 84 ad
969 804 206 84 modum
1083 804 184 84 docto-

497 882 111 47 rum
561 882 207 47 communem,
720 882 111 47 qui
784 882 143 47 nobis
879 882 143 47 solus
975 882 175 47 apparet
1086 882 191 47 rationabi-

501 924 127 54 lis.
581 924 143 54 Modus
676 924 111 54 est
739 924 143 54 iste.
835 924 191 54 Daemones
977 924 79 54 &
1009 924 159 54 animae
1104 924 175 54 separatae

493 969 176 48 realiter
625 969 132 48 erunt
714 969 88 48 in
758 969 117 48 igne
831 969 117 48 post
904 969 117 48 diem
978 969 176 48 iudicii:
1110 969 73 48 &
1139 969 117 48 nunc
1198 969 88 48 sunt

492 1015 104 43 ibi
552 1015 179 43 plurimi,
686 1015 104 43 non
746 1015 119 43 enim
820 1015 179 43 opinamur
955 1015 104 43 cum
1014 1015 239 43 asserentibus
1193 1015 90 43 spi-

498 1062 119 57 ritus
577 1062 92 57 non
630 1062 106 57 esse
696 1062 79 57 in
736 1062 106 57 loco
802 1062 106 57 nisi
868 1062 92 57 per
920 1062 158 57 operari.
1039 1062 92 57 nam
1092 1062 158 57 spiritus
1198 1062 79 57 isti

496 1100 170 55 appetunt
623 1100 212 55 libertatem.
793 1100 71 55 &
821 1100 113 55 esse
892 1100 184 55 vbicumque
1033 1100 155 55 locorum
1146 1100 99 55 eis
1188 1100 85 55 pla-

508 1146 147 48 cebit:
611 1146 103 48 non
670 1146 177 48 possunt.
803 1146 103 48 sed
862 1146 118 48 deus
935 1146 103 48 hos
994 1146 162 48 detinet
1112 1146 88 48 in
1156 1146 118 48 illo
1215 1146 74 48 lo-

498 1193 116 55 co:
564 1193 149 55 sicut
663 1193 149 55 anima
762 1193 116 55 mea
828 1193 116 55 non
894 1193 165 55 potest
1009 1193 99 55 ad
1059 1193 149 55 nutum
1141 1193 132 55 corpus

499 1239 189 47 deserere,
645 1239 102 47 non
703 1239 116 47 quod
775 1239 131 47 locus
862 1239 102 47 eis
920 1239 174 47 repugnet
1051 1239 87 47 ex
1094 1239 145 47 natura
1181 1239 102 47 loci.

497 1280 110 49 nam
560 1280 141 49 ignis
654 1280 94 49 ex
701 1280 110 49 sua
763 1280 157 49 natura
873 1280 110 49 non
936 1280 141 49 magis
1030 1280 235 49 disconuenit
1202 1280 78 49 il-

497 1324 95 57 lis
552 1324 190 57 spiritibus
701 1324 108 57 quam
768 1324 108 57 aer.
836 1324 95 57 sed
890 1324 135 57 habent
985 1324 122 57 nolle
1066 1324 163 57 detineri
1188 1324 81 57 in
1215 1324 68 57 hoc

496 1369 147 59 loco.
593 1369 130 59 quia
675 1369 179 59 nitimur
805 1369 98 59 in
854 1369 179 59 vetitum
985 1369 163 59 semper
1082 1369 196 59 cupimusque

495 1413 177 47 negata.
624 1413 177 47 quomodo
752 1413 145 47 licet
849 1413 225 47 Aristoteli
1026 1413 145 47 esset
1106 1413 177 47 voluptuo-

494 1459 93 50 sum
547 1459 133 50 libere
640 1459 119 50 stare
719 1459 80 50 in
759 1459 212 50 bibliotheca:
932 1459 119 50 tamen
1011 1459 80 50 si
1051 1459 119 50 esset
1131 1459 80 50 ei
1158 1459 119 50 vetitum

495 1505 135 52 abire
585 1505 105 52 sub
645 1505 135 52 poena
735 1505 165 52 mortis:
855 1505 135 52 stare
944 1505 90 52 in
989 1505 120 52 illa
1064 1505 135 52 esset
1139 1505 135 52 poenale

505 1545 88 48 Et
549 1545 147 48 potest
653 1545 118 48 dari
726 1545 177 48 exemplum
859 1545 88 48 de
903 1545 133 48 Semei
991 1545 103 48 ex.
1050 1545 118 48 iii.
1124 1545 147 48 Regum.
1212 1545 74 48 ii.

499 1594 102 55 cui
558 1594 160 55 vetitum
674 1594 117 55 erat
747 1594 218 55 pertransire
922 1594 189 55 torrentem
1068 1594 160 55 Cedron.
1184 1594 87 55 Ad
1213 1594 73 55 nol

505 1634 85 51 le
547 1634 128 51 autem
633 1634 214 51 naturaliter
804 1634 171 51 sequitur
932 1634 199 51 tristitia.
1089 1634 100 51 Nam
1146 1634 85 51 vt
1188 1634 100 51 ait
1231 1634 57 51 di

499 1684 103 45 uus
558 1684 191 45 Augustini
705 1684 103 45 xv.
764 1684 88 45 de
808 1684 176 45 ciuitate
940 1684 103 45 dei
998 1684 117 45 cap.
1072 1684 117 45 xxv.
1131 1684 161 45 tristitia

501 1731 113 49 est
565 1731 97 49 de
614 1731 113 49 his
678 1731 145 49 rebus
775 1731 129 49 quae
856 1731 145 49 nobis
952 1731 226 49 nolentibus
1114 1731 161 49 accidunt

495 1771 103 57 sed
554 1771 176 57 daemones
686 1771 147 57 nolunt
789 1771 118 57 deum
863 1771 132 57 esse,
951 1771 73 57 &
980 1771 103 57 eum
1039 1771 118 57 odio
1113 1771 147 57 habent
1201 1771 88 57 quia

510 1809 106 55 eos
570 1809 151 55 punit.
676 1809 106 55 nam
737 1809 182 55 superbia
873 1809 136 55 eorum
964 1809 106 55 qui
1025 1809 91 55 te
1070 1809 167 55 oderunt
1176 1809 106 55 ascen

505 1857 106 55 dit
565 1857 166 55 semper.
686 1857 151 55 inquit
791 1857 271 55 psalmographus.
1018 1857 166 55 psalmo.
1123 1857 151 55 lxxxviii

497 1905 81 51 &
529 1905 97 51 vt
578 1905 194 51 apparet,
723 1905 178 51 seipsum
853 1905 129 51 odit
933 1905 210 51 damnatus:
1095 1905 146 51 velut
1176 1905 113 51 Hanni

499 1944 99 53 bal
556 1944 99 53 vel
612 1944 128 53 Cato.
698 1944 99 53 Nam
754 1944 227 53 Apocalypsis.
939 1944 99 53 ix.
996 1944 170 53 dicitur.
1124 1944 85 53 Et
1166 1944 85 53 in
1195 1944 85 53 die-

500 1990 96 50 bus
555 1990 123 50 illis
637 1990 164 50 quaerent
760 1990 150 50 homines
870 1990 137 50 mortem
965 1990 68 50 &
993 1990 96 50 non
1047 1990 178 50 inuenient
1184 1990 109 50 eam:
1239 1990 41 50 &

499 2032 244 50 desiderabunt
697 2032 137 50 mori:
789 2032 76 50 &
819 2032 153 50 fugiet
926 2032 122 50 mors
1002 2032 92 50 ab
1048 2032 122 50 eis.
1124 2032 122 50 ltem
1185 2032 92 50 mors

495 2082 176 47 depascet
628 2082 118 47 eos.
701 2082 132 47 psal.
789 2082 162 47 xlviii.
907 2082 191 47 Displicet
1054 2082 147 47 quoque
1157 2082 103 47 eis
1201 2082 88 47 pec-

508 2121 123 53 casse
591 2121 151 53 ratione
700 2121 137 53 poenae
796 2121 110 53 quam
865 2121 192 53 patiuntur.
1016 2121 123 53 Istae
1098 2121 137 53 igitur
1180 2121 96 53 noli-

497 2170 133 51 tiones
590 2170 66 51 &
616 2170 186 51 tristitiae
762 2170 172 51 sequentes
895 2170 199 51 naturaliter
1054 2170 119 51 illas
1120 2170 159 51 nolitiones

496 2218 124 50 sunt
574 2218 140 50 poena
667 2218 186 50 inferni.
807 2218 140 50 Poena
901 2218 155 50 quidem
1009 2218 171 50 inferni
1134 2218 155 50 potest
1227 2218 62 50 ca

514 2259 85 46 bi
556 2259 99 46 pro
613 2259 155 46 omnibus
725 2259 127 46 istis
810 2259 197 46 copulatim,
965 2259 99 46 vel
1021 2259 183 46 aliquibus
1148 2259 141 46 istorum.

501 2303 192 49 Assumptis
649 2303 133 49 autem
737 2303 206 49 corporibus
899 2303 118 49 post
973 2303 118 49 diem
1046 2303 162 49 iudicii
1149 2303 133 49 patien-

495 2352 102 47 tur
554 2352 160 47 dolores
670 2352 87 47 in
714 2352 175 47 corpore:
845 2352 189 47 calefient
991 2352 73 47 &
1020 2352 204 47 frigefient
1180 2352 102 47 vt.
1224 2352 58 47 su

497 2396 158 52 perius
608 2396 189 52 diximus.
749 2396 79 52 &
781 2396 110 52 non
844 2396 126 52 modo
923 2396 95 52 ab
970 2396 110 52 vno
1033 2396 189 52 elemento
1175 2396 110 52 sed
1222 2396 63 52 ab

513 2441 160 48 omnibus.
633 2441 107 48 hinc
699 2441 146 48 Sapien.
806 2441 80 48 v.
846 2441 160 48 dicitur.
965 2441 160 48 Pugnabit
1085 2441 93 48 cum
1139 2441 107 48 illo
1192 2441 93 48 orbis

503 2473 156 57 terrarum
620 2473 130 57 contra
711 2473 195 57 insensatos.
867 2473 130 57 lIbunt
957 2473 156 57 directae
1074 2473 182 57 emissiones
1204 2473 78 57 ful-

501 2525 147 50 gurum:
604 2525 74 50 &
634 2525 162 50 tanquam
752 2525 74 50 a
781 2525 118 50 bene
855 2525 162 50 curuato
973 2525 118 50 arcu
1046 2525 147 50 nubium
1135 2525 147 50 extermi-

515 2569 178 50 nabuntur:
652 2569 69 50 &
680 2569 82 50 ad
721 2569 137 50 certum
817 2569 123 50 locum
899 2569 192 50 insilient.
1050 2569 82 50 Et
1091 2569 69 50 a
1118 2569 151 50 petrosa
1214 2569 69 50 ira

502 2612 145 57 plenae
603 2612 188 57 mittentur
747 2612 202 57 grandines:
906 2612 72 57 &
935 2612 188 57 candescet
1080 2612 87 57 in
1123 2612 130 57 illos
1195 2612 87 57 aqua

495 2655 154 62 maris:
603 2655 77 62 &
634 2655 170 62 fiumina
757 2655 216 62 concurrent
927 2655 185 62 duriter.
1050 2655 232 62 Psalmographus

501 2703 134 67 quoque
594 2703 107 67 ait.
661 2703 120 67 Pluet
741 2703 120 67 super
821 2703 187 67 peccatores
969 2703 160 67 laqueos,
1089 2703 134 67 ignis,
1182 2703 67 67 &
1196 2703 80 67 sul

1349 285 105 61 hur,
1415 285 66 61 &
1441 285 158 61 spiritus
1560 285 198 61 procellarum
1718 285 66 61 /
1744 285 105 61 pars
1810 285 145 61 calicis
1915 285 132 61 eorum.
2007 285 119 61 psal.
2073 285 53 61 x.

1342 341 86 47 bi
1385 341 115 47 erit
1457 341 144 47 fletus
1557 341 72 47 &
1586 341 158 47 stridor
1701 341 172 47 dentium.
1830 341 144 47 Matth.
1931 341 129 47 viii.
2017 341 101 47 hoc
2060 341 72 47 est

1335 388 176 52 commotio
1467 388 161 52 capitis
1584 388 73 52 &
1614 388 190 52 oculorum.
1760 388 132 52 nihil
1848 388 117 52 enim
1921 388 205 52 resoluetur
2067 388 59 52 ab

1328 428 172 61 oculis.
1453 428 109 61 Sed
1516 428 78 61 &
1547 428 187 61 ethnicis
1688 428 125 61 deus
1766 428 250 61 manifestauit
1969 428 141 61 istos
2047 428 78 61 cru

1334 471 144 47 ciatus
1434 471 216 47 infernales.
1607 471 115 47 hinc
1679 471 144 47 Virgi.
1779 471 101 47 vi.
1837 471 158 47 Aeneid.
1937 471 173 47 sententias

1331 516 175 48 Homeri,
1458 516 238 48 Pythagorae,
1649 516 206 48 Platonis,
1807 516 79 48 &
1839 516 175 48 veterum
1950 516 175 48 insequens

1331 560 156 49 dicit.
1440 560 187 49 Respicit
1580 560 156 49 Aeneas
1689 560 171 49 subito,
1814 560 78 49 &
1845 560 109 49 sub
1907 560 124 49 rupe
1969 560 156 49 sinistra

1330 604 150 50 Moenia
1435 604 120 50 lata
1510 604 135 50 videt
1600 604 180 50 triplici
1735 604 210 50 circundata
1900 604 135 50 muro:
1990 604 120 50 Quae
2050 604 60 50 ra

1335 659 133 50 pidus
1424 659 162 50 flammis
1542 659 133 50 ambit
1630 659 221 50 torrentibus
1807 659 133 50 amnis
1895 659 192 50 Tartareus
2028 659 88 50 Phle

1338 699 146 52 geton:
1441 699 205 52 torquetque
1602 699 176 52 sonantia
1734 699 132 52 saxa.
1821 699 132 52 Porta
1909 699 161 52 aduersa
2012 699 102 52 igens

1331 744 109 54 &c.
1394 744 78 54 &
1425 744 218 54 paulopost.
1596 744 125 54 Hinc
1674 744 187 54 exaudiri
1814 744 171 54 gemitus
1939 744 78 54 &
1970 744 140 54 saeua
2048 744 78 54 so-

1334 783 109 57 nare
1403 783 164 57 Verbera.
1525 783 96 57 tum
1580 783 150 57 stridor
1689 783 123 57 ferri
1771 783 191 57 tractaeque
1921 783 164 57 catenae.
2044 783 82 57 Et
2071 783 55 57 de

1336 828 102 65 mum
1395 828 219 65 concludendo
1570 828 88 65 de
1614 828 146 65 poenis
1717 828 161 65 inferni
1834 828 102 65 non
1892 828 132 65 minus
1980 828 117 65 vere
2038 828 88 65 quam

1353 870 146 52 pulchre
1459 870 133 52 dicit.
1552 870 93 52 Non
1605 870 106 52 mihi
1671 870 80 52 si
1711 870 146 52 linguae
1818 870 133 52 centum
1911 870 106 52 sint
1977 870 133 52 oraque
2057 870 66 52 ce-

1339 922 108 46 tum:
1407 922 136 46 Ferrea
1502 922 108 46 vox:
1570 922 122 46 omnes
1651 922 163 46 scelerum
1773 922 203 46 comprendere
1936 922 149 46 formas,
2031 922 95 46 Omnia

1346 964 166 49 poenarum
1471 964 194 49 percurrere
1624 964 153 49 nominia
1735 964 153 49 possem.
1846 964 83 49 vt
1887 964 180 49 addiscant
2026 964 125 49 illud

1342 1012 171 42 eiusdem.
1470 1012 157 42 Discite
1584 1012 185 42 iustitiam
1726 1012 142 42 moniti
1826 1012 71 42 &
1854 1012 100 42 non
1911 1012 157 42 temnere
2011 1012 114 42 diuos.

1334 1051 109 57 nam
1397 1051 186 57 cuilibet
1536 1051 155 57 vtenti
1645 1051 171 57 ratione
1769 1051 109 57 per
1831 1051 264 57 inspirationem
2033 1051 78 57 men

1338 1094 113 59 tis
1403 1094 194 59 internam
1548 1094 81 59 /
1580 1094 146 59 palam
1677 1094 113 59 est
1742 1094 194 59 tyrannos
1888 1094 81 59 &
1920 1094 146 59 malos
2001 1094 129 59 puniri

1349 1139 130 67 post
1430 1139 130 67 hanc
1495 1139 130 67 vitam.

1333 1188 114 71 â‹
1379 1188 137 71 Ex
1447 1188 250 71 omnibus
1629 1188 319 71 praedictis
1879 1188 182 71 pono
1970 1188 137 71 hanc

1349 1245 240 49 conclusionem.
1547 1245 170 49 Daemones
1674 1245 71 49 &
1702 1245 141 49 animae
1801 1245 184 49 puniuntur
1942 1245 85 49 eo
1985 1245 113 49 modo
2055 1245 99 49 quo

1344 1297 127 47 dictum
1433 1297 101 47 est,
1496 1297 89 47 per
1547 1297 114 47 nolle
1623 1297 89 47 &c.
1673 1297 152 47 Probatur
1787 1297 177 47 conclusio.
1926 1297 127 47 certum
2015 1297 89 47 est
2053 1297 63 47 eas

1348 1344 170 48 perpetuo
1475 1344 156 48 puniri,
1589 1344 128 48 iuxta
1674 1344 199 48 sententiam
1830 1344 170 48 iudicis.
1958 1344 142 48 Matth.
2043 1344 85 48 xxv.

1351 1380 84 51 te
1393 1380 182 51 maledicti
1533 1380 84 51 in
1575 1380 126 51 ignem
1659 1380 168 51 aeternum
1784 1380 98 51 qui
1840 1380 154 51 paratus
1952 1380 98 51 est
1994 1380 126 51 diabolo

1347 1423 81 57 &
1379 1423 179 57 angelis
1509 1423 146 57 eius.
1607 1423 114 57 sed
1671 1423 162 57 nullus
1785 1423 146 57 modus
1882 1423 227 57 reprobatus
2045 1423 81 57 est

1341 1472 232 47 conveniens:
1526 1472 77 47 &
1557 1472 139 47 omnia
1650 1472 124 47 bene
1727 1472 201 47 saluantur
1882 1472 108 47 per
1943 1472 139 47 istum
2021 1472 108 47 modum

1348 1513 124 59 quem
1425 1513 232 59 insequimur.
1610 1513 108 59 Nec
1672 1513 185 59 sufficit
1811 1513 185 59 theologo
1950 1513 170 59 dicere:
2058 1513 77 59 pu-

1336 1557 185 51 niuntur,
1474 1557 108 51 sed
1536 1557 185 51 nescimus
1675 1557 216 51 explicare,
1845 1557 185 51 quomodo.
1984 1557 139 51 sicut
2061 1557 77 51 fre

1346 1603 150 55 quenter
1456 1603 150 55 aliquid
1565 1603 137 55 scimus
1661 1603 219 55 incontracte:
1839 1603 68 55 &
1866 1603 123 55 tamen
1948 1603 123 55 illud
2017 1603 109 55 contra

1346 1647 113 54 cte
1410 1647 113 54 nos
1475 1647 161 54 fugit.
1587 1647 113 54 sed
1652 1647 193 54 theologi
1797 1647 113 54 est
1861 1647 145 54 aliis
1958 1647 129 54 dare
2022 1647 113 54 modum

1342 1691 244 58 possibilitatis
1546 1691 95 58 rei
1600 1691 81 58 de
1641 1691 122 58 fide,
1722 1691 108 58 spe,
1790 1691 68 58 &
1803 1691 163 58 charitate.

1336 1740 114 82 â‹
1382 1740 228 82 Contra
1541 1740 182 82 hanc
1655 1740 365 82 conclusionem
1929 1740 205 82 argumen

1341 1802 103 63 tor
1400 1802 118 63 sic.
1474 1802 89 63 Si
1518 1802 177 63 daemones
1651 1802 74 63 &
1681 1802 148 63 animae
1784 1802 192 63 separatae
1931 1802 162 63 habeant
2035 1802 89 63 poe-

1347 1852 110 54 nam
1410 1852 110 54 per
1473 1852 142 54 actus
1568 1852 221 54 voluntatis
1742 1852 79 54 &
1773 1852 221 54 tristitiam
1931 1852 189 54 sequentem:

1349 1900 171 52 possunt
1474 1900 140 52 omnem
1567 1900 155 52 poenam
1676 1900 78 52 a
1707 1900 93 52 se
1753 1900 202 52 remouere:
1909 1900 109 52 cum
1971 1900 140 52 nihil
2048 1900 78 52 sit

1350 1940 134 56 magis
1440 1940 90 56 in
1484 1940 149 56 nostra
1589 1940 194 56 potestate
1738 1940 119 56 quam
1813 1940 119 56 ipsa
1887 1940 194 56 voluntas:
2036 1940 75 56 &
2051 1940 75 56 po-

1341 1996 168 49 tentiae
1463 1996 213 49 rationales
1630 1996 168 49 valeant
1752 1996 91 49 ad
1798 1996 198 49 opposita.
1950 1996 107 49 ix.
1996 1996 137 49 metaphy

1351 2027 145 52 sicae.
1452 2027 73 52 &
1481 2027 160 52 secundo
1597 2027 116 52 peri
1670 2027 203 52 hermenias.
1829 2027 73 52 &
1858 2027 102 52 sic
1916 2027 160 52 redibit
2018 2027 102 52 peior

1334 2088 141 44 error
1428 2088 126 44 quam
1507 2088 204 44 Origenis:
1664 2088 110 44 cum
1727 2088 110 44 mox
1789 2088 173 44 possint
1915 2088 141 44 omnem
1993 2088 126 44 poenam

1335 2122 189 56 euandere.
1481 2122 87 56 In
1524 2122 131 56 super
1612 2122 102 56 cum
1670 2122 174 56 infernus
1801 2122 102 56 vel
1859 2122 131 56 ignis
1946 2122 102 56 non
1990 2122 145 56 repugnet

1339 2158 164 59 spiritui
1462 2158 82 59 ex
1503 2158 137 59 natura
1599 2158 96 59 sua
1654 2158 109 59 plus
1722 2158 109 59 quam
1791 2158 150 59 florida
1900 2158 137 59 tempe:
1982 2158 137 59 spiritus

1345 2218 153 50 possunt
1457 2218 126 50 velle
1540 2218 112 50 esse
1610 2218 84 50 in
1652 2218 126 50 igne:
1736 2218 70 50 &
1763 2218 98 50 ita
1819 2218 98 50 non
1875 2218 112 50 erit
1945 2218 98 50 eis
1987 2218 139 50 poenale.

1344 2250 91 57 â‹
1380 2250 127 57 Pro
1453 2250 164 57 primo
1562 2250 236 57 argumento
1744 2250 145 57 nota
1834 2250 145 57 quod
1925 2250 145 57 vnus
1998 2250 127 57 modus

1336 2297 137 53 tenet
1427 2297 122 53 hanc
1504 2297 153 53 poenam
1610 2297 168 53 causari
1732 2297 76 53 a
1763 2297 122 53 solo
1839 2297 122 53 deo:
1915 2297 76 53 &
1946 2297 137 53 nullo
2037 2297 122 53 modo

1341 2343 74 44 a
1371 2343 178 44 damnato.
1504 2343 104 44 sed
1564 2343 89 44 de
1608 2343 104 44 hoc
1668 2343 89 44 in
1712 2343 163 44 materia
1831 2343 89 44 de
1876 2343 238 44 perpetuitate
2054 2343 74 44 bea

1335 2386 203 54 titudinis:
1495 2386 102 54 vbi
1553 2386 131 54 eadem
1640 2386 160 54 materia
1757 2386 145 54 iterum
1858 2386 189 54 occurret.
2003 2386 131 54 Verum
2076 2386 58 54 di

1342 2428 85 66 co
1384 2428 156 66 pronunc
1498 2428 113 66 quod
1568 2428 170 66 causatur
1696 2428 85 66 ab
1738 2428 127 66 ipsis
1823 2428 170 66 damnatis
1937 2428 198 66 partialiter:

1344 2479 102 47 nec
1403 2479 102 47 est
1461 2479 132 47 situm
1549 2479 88 47 in
1593 2479 132 47 eorum
1681 2479 190 47 facultate
1827 2479 132 47 illos
1915 2479 132 47 actus
1988 2479 146 47 deserere

1348 2521 104 55 vel
1408 2521 208 55 remittere.
1571 2521 193 55 Potentiae
1719 2521 134 55 autem
1808 2521 208 55 rationales
1972 2521 148 55 valent
2076 2521 89 55 ad

1346 2561 187 56 opposita
1487 2561 140 56 causa
1580 2561 140 56 prima
1674 2561 234 56 concurrente
1861 2561 109 56 cum
1923 2561 218 56 influentia
2079 2561 62 56 ge

1348 2611 138 51 nerali
1445 2611 97 51 vti
1500 2611 110 51 nunc
1569 2611 193 51 concurrit.
1720 2611 97 51 sed
1776 2611 83 51 si
1817 2611 179 51 spanliter
1955 2611 138 51 moueat
2038 2611 97 51 volun

1339 2655 138 50 tatem
1431 2655 92 50 ad
1477 2655 214 50 eliciendum
1645 2655 138 50 actum
1737 2655 107 50 vel
1798 2655 260 50 continuandum:
2012 2655 107 50 non
2058 2655 77 50 est

1346 2701 139 71 situm
1438 2701 93 71 in
1485 2701 201 71 facultate
1639 2701 216 71 voluntatis
1809 2701 124 71 suos
1887 2701 139 71 actus
1964 2701 170 71 deserere.
