2306 3326
243 330 249 60 celebrandas.
446 330 125 60 xxx.
524 330 156 60 missas
633 330 109 60 pro
695 330 109 60 se:
758 330 78 60 &
789 330 140 60 plato
867 330 140 60 totidem

237 388 73 45 &
267 388 132 45 nihil
355 388 117 45 siat
428 388 103 45 pro
487 388 176 45 platone:
619 388 103 45 sed
677 388 103 45 pro
736 388 147 45 sorte:
839 388 147 45 sortes
927 388 73 45 ci-

238 432 110 52 tius
307 432 220 52 liberabitur.
485 432 165 52 alioquin
609 432 178 52 suffragia
746 432 82 52 ei
787 432 96 52 non
829 432 178 52 prodessent.

235 471 83 55 â‹
269 471 99 55 Ad
318 471 166 55 primum
434 471 132 55 nego
517 471 132 55 quod
600 471 149 55 orans
699 471 116 55 pro
765 471 215 55 defunctis
914 471 83 55 com

225 526 178 43 trauenit
359 526 193 43 iustitiae
508 526 178 43 diuinae:
641 526 119 43 quia
716 526 119 43 deus
790 526 178 43 decreuit
909 526 89 43 hand

232 569 138 47 animam
329 569 152 47 purgari
440 569 97 47 per
495 569 138 47 ignem:
592 569 111 47 nisi
661 569 152 47 aliquis
772 569 97 47 pro
827 569 83 47 ea
869 569 125 47 oret,
938 569 69 47 nec

226 616 141 50 malum
320 616 125 50 erit
398 616 219 50 impunitum:
570 616 125 50 quia
648 616 125 50 iste
726 616 141 50 orans
820 616 172 50 patitur
929 616 78 50 poe

230 656 119 47 nam
298 656 119 47 pro
366 656 153 47 amico
468 656 119 47 non
536 656 187 47 potente
672 656 204 47 sibiipsi
808 656 187 47 subuenire

232 699 100 50 Ad
282 699 199 50 secundum
432 699 133 50 nego
515 699 100 50 de
565 699 183 50 praemio
698 699 249 50 essentiali.
897 699 100 50 de
931 699 66 50 ad

237 744 235 52 celeratione
426 744 141 52 autem
520 744 94 52 ad
567 744 188 52 gloriam,
708 744 78 52 &
739 744 94 52 ad
786 744 188 52 habendam
912 744 94 52 glo-

236 780 131 57 riam
318 780 262 57 essentialem,
531 780 197 57 concedo.
678 780 82 57 &
711 780 115 57 quo
777 780 98 57 ad
826 780 115 57 hoc
875 780 131 57 condi-

232 828 101 52 tio
289 828 158 52 diuitis
404 828 101 52 est
462 828 144 52 melior
563 828 115 52 quam
635 828 187 52 pauperis:
779 828 72 52 &
807 828 173 52 habentis
923 828 86 52 mul-

238 880 107 44 tos
299 880 153 44 amicos
406 880 107 44 pro
468 880 92 44 se
514 880 184 44 orantes.
651 880 138 44 iuxta
743 880 138 44 illud
835 880 123 44 Iob.
897 880 107 44 Mise-

225 918 153 51 remini
332 918 123 51 mei:
409 918 214 51 miseremini
577 918 107 51 mei
638 918 77 51 /
669 918 153 51 saltem
776 918 107 51 vos
837 918 138 51 amici
914 918 92 51 mei:

238 968 114 52 quia
309 968 129 52 manus
395 968 143 52 domini
495 968 157 52 tetigit
609 968 100 52 me.
666 968 114 52 Iob.
738 968 114 52 xix.
809 968 186 52 Obiicies.
938 968 71 52 er-

243 1011 89 52 go
288 1011 103 52 non
347 1011 177 52 sufficit
480 1011 133 52 velle
568 1011 192 52 celebrare
716 1011 103 52 pro
775 1011 148 52 aliquo
879 1011 89 52 ad
908 1011 89 52 libe

231 1055 156 43 randum
341 1055 141 43 illum
435 1055 78 43 a
466 1055 234 43 purgatorio.
653 1055 109 43 vel
716 1055 94 43 si
763 1055 219 43 requiratur
919 1055 94 43 exe-

242 1095 160 54 quutio
354 1095 112 54 quo
418 1095 96 54 ad
466 1095 128 54 hoc:
546 1095 192 54 sequitur
689 1095 128 54 haec
769 1095 224 54 conclusio.
929 1095 80 54 Me-

231 1138 118 49 lius
305 1138 103 49 est
364 1138 147 49 habere
467 1138 221 49 sacrificium
644 1138 206 49 presbyteri
806 1138 192 49 celeriter
938 1138 74 49 ce-

229 1182 184 54 lebrantis
371 1182 85 54 vt
413 1182 85 54 in
456 1182 156 54 Gallia,
569 1182 113 54 quam
640 1182 99 54 diu
697 1182 213 54 celebrantis
867 1182 85 54 vt
910 1182 85 54 in
938 1182 71 54 Sco

233 1226 101 50 tia
290 1226 101 50 vel
348 1226 188 50 Hispania:
493 1226 116 50 quia
565 1226 87 50 in
608 1226 116 50 fine
681 1226 145 50 missae
782 1226 130 50 solum
868 1226 116 50 iste
926 1226 87 50 libe

230 1271 184 54 rabitur.
368 1271 169 54 ponamus
490 1271 123 54 quod
567 1271 215 54 celebratio
736 1271 138 54 vnius
828 1271 153 54 missae
920 1271 92 54 libe

236 1316 129 64 rabit
322 1316 158 64 aliquem
436 1316 72 64 a
465 1316 215 64 purgatorio.
637 1316 86 64 In
680 1316 129 64 super
766 1316 143 64 melius
867 1316 115 64 erit
924 1316 86 64 habe

231 1361 151 59 statim
337 1361 121 59 post
412 1361 166 59 mortem.
533 1361 166 59 ccclxv.
654 1361 151 59 missas
759 1361 106 59 qui
820 1361 151 59 habere
910 1361 106 59 pres-

226 1400 187 52 byterum
362 1400 204 52 quotidie
515 1400 255 52 celebrantem
720 1400 119 52 per
788 1400 170 52 annum.
890 1400 119 52 Patet

240 1448 160 57 quoniam
357 1448 87 57 si
400 1448 102 57 tot
458 1448 145 57 missae
560 1448 116 57 hunc
633 1448 218 57 liberabunt:
807 1448 131 57 omnes
879 1448 131 57 celebra

225 1494 108 60 tae
286 1494 108 60 mox
348 1494 124 60 post
425 1494 154 60 mortem
533 1494 108 60 eum
595 1494 232 60 liberabunt:
780 1494 124 60 quae
858 1494 93 60 si
888 1494 124 60 succes

228 1540 123 44 siue
304 1540 138 44 fiant
396 1540 77 44 /
427 1540 107 44 non
488 1540 107 44 ita
549 1540 123 44 cito
626 1540 230 44 liberabunt.
795 1540 214 44 Respondetur.

226 1583 217 47 requiritur
396 1583 139 47 actus
489 1583 201 47 exterior:
643 1583 77 47 &
674 1583 186 47 caeteris
814 1583 170 47 paribus
922 1583 93 47 mis-

229 1626 91 48 sa
274 1626 167 48 impigre
396 1626 228 48 celebrantis
578 1626 106 48 est
639 1626 167 48 melior.
761 1626 106 48 sed
821 1626 152 48 crebro
913 1626 106 48 caete

225 1676 95 47 ra
273 1676 127 47 sunt
352 1676 190 47 imparia:
494 1676 127 47 quia
573 1676 190 47 deuotius
715 1676 142 47 alter
810 1676 190 47 sacerdos
937 1676 79 47 ce-

229 1715 190 58 lebrat:
367 1715 87 58 &
402 1715 156 58 plura
506 1715 173 58 dicit.
627 1715 242 58 quapropter
817 1715 190 58 neutrum
938 1715 87 58 mo-

225 1751 130 59 dum
300 1751 259 59 reprobamus
503 1751 204 59 dummodo
652 1751 148 59 bene
744 1751 148 59 fiat
837 1751 167 59 iuxta
929 1751 93 59 com

229 1803 248 48 suetudinem
424 1803 230 48 regionis.
601 1803 106 48 Ad
654 1803 212 48 secundum
813 1803 141 48 dico
901 1803 159 48 argu-

232 1850 172 52 mentum
352 1850 257 52 concludente
558 1850 120 52 quo
626 1850 103 52 ad
678 1850 274 52 liberationem
901 1850 86 52 a
918 1850 103 52 poe-

227 1897 109 48 na:
290 1897 109 48 sed
352 1897 109 48 non
414 1897 171 48 oportet
538 1897 124 48 esse
615 1897 171 48 melius:
740 1897 109 48 cum
802 1897 202 48 possibile
941 1897 78 48 sit

237 1937 160 46 mereri
349 1937 128 46 plus
429 1937 96 46 de
477 1937 176 46 praemio
605 1937 224 46 essentiali
782 1937 224 46 celebrando
942 1937 80 46 per

225 1981 169 45 annum:
343 1981 118 45 vel
411 1981 169 45 obitum
529 1981 253 45 instituendo
731 1981 118 45 seu
799 1981 202 45 fundando
951 1981 101 45 in

226 2023 183 54 maiorem
359 2023 183 54 gloriam
492 2023 133 54 dei.
575 2023 116 54 sed
642 2023 183 54 neutrum
775 2023 183 54 istorum
891 2023 133 54 alteri

225 2064 264 61 praeferimus:
440 2064 132 61 quia
523 2064 198 61 vtrumque
671 2064 116 61 est
737 2064 149 61 bonum
836 2064 116 61 suo
902 2064 149 61 modo.

230 2112 80 50 â‹
262 2112 177 50 Secundo
391 2112 209 50 arguitur.
552 2112 257 50 Apocalypsis.
761 2112 161 50 xiiii.
857 2112 161 50 dicitur.

234 2155 154 50 Opera
337 2155 137 50 enim
422 2155 188 50 illorum
559 2155 222 50 sequuntur
730 2155 171 50 illos.
850 2155 137 50 ergo
935 2155 120 50 non

226 2200 183 52 iuuantur
363 2200 168 52 alienis
485 2200 198 52 operibus.
637 2200 122 52 ltem
713 2200 244 52 Ecclesiasti.
911 2200 107 52 ix.
957 2200 61 52 di

233 2246 144 53 citur
329 2246 96 53 de
377 2246 176 53 mortuis
504 2246 128 53 quod
584 2246 112 53 non
648 2246 160 53 habent
760 2246 160 53 partem
871 2246 96 53 in
903 2246 112 53 opere

240 2287 124 58 quod
317 2287 108 58 sub
379 2287 124 58 sole
456 2287 185 58 geritur.
595 2287 170 58 Insuper
718 2287 124 58 mala
796 2287 139 58 opera
873 2287 139 58 viuorum

236 2333 114 52 non
301 2333 179 52 possunt
431 2333 163 52 nocere
545 2333 195 52 mortuis:
691 2333 130 52 quia
772 2333 163 52 nullus
870 2333 146 52 punitur

236 2373 130 59 bis.
317 2373 130 59 ergo
398 2373 113 59 nec
463 2373 130 59 bona
544 2373 146 59 opera
641 2373 113 59 eis
705 2373 194 59 prodesse
835 2373 162 59 possunt.

240 2419 90 59 â‹
276 2419 108 59 Ad
330 2419 180 59 primum
455 2419 162 59 dicit
563 2419 180 59 beatus
689 2419 269 59 Augustinus:
904 2419 90 59 &
922 2419 90 59 ma-

241 2473 140 52 gister
339 2473 154 52 allegat
451 2473 84 52 in
493 2473 154 52 litera,
605 2473 112 52 quod
676 2473 126 52 opera
760 2473 126 52 facta
844 2473 98 52 pro
886 2473 126 52 mortuis

233 2513 189 56 dicuntur
375 2513 142 56 opera
470 2513 158 56 eorum:
580 2513 205 56 inquantum
738 2513 205 56 meruerunt
896 2513 95 56 in
927 2513 95 56 vita

250 2556 83 58 vt
292 2556 97 58 pro
347 2556 97 58 eis
402 2556 166 58 fierent.
527 2556 69 58 &
554 2556 97 58 hoc
609 2556 124 58 nihil
692 2556 124 58 aliud
775 2556 97 58 est
831 2556 111 58 quam
886 2556 138 58 decedere

237 2596 91 60 in
282 2596 167 60 gratia,
404 2596 76 60 &
435 2596 91 60 in
480 2596 152 60 debito
587 2596 167 60 poenae.
708 2596 91 60 Ad
754 2596 198 60 secundum.
906 2596 107 60 hoc
952 2596 76 60 est

239 2641 150 55 verum
340 2641 100 55 ad
390 2641 217 55 augmentum
557 2641 184 55 gloriae
691 2641 117 55 vel
758 2641 201 55 gratiae.
908 2641 100 55 Ad
941 2641 84 55 ter

246 2692 128 47 tium
326 2692 176 47 dicitur
454 2692 128 47 quod
533 2692 128 47 deus
613 2692 176 47 pronior
741 2692 112 47 est
805 2692 96 47 ad
837 2692 192 47 miserendum

241 2735 110 72 quam
310 2735 193 72 puniendum.
461 2735 69 72 â‹
489 2735 110 72 Nunc
558 2735 179 72 concludam
695 2735 138 72 paucis
791 2735 83 72 ea
833 2735 110 72 quai
901 2735 96 72 hac
943 2735 83 72 pri

1062 326 79 65 ma
1101 326 185 65 quaestione
1247 326 238 65 diximuscilicet
1446 326 106 65 quod
1512 326 159 65 possumus
1631 326 132 65 mereri
1711 326 132 65 liberati

1066 388 113 48 onem
1136 388 141 48 poenae
1235 388 225 48 existentibus
1418 388 85 48 in
1461 388 197 48 purgatorio
1616 388 99 48 qui
1672 388 99 48 non
1714 388 127 48 possunt

1064 435 178 46 seipsos
1193 435 178 46 iuuare.
1323 435 97 46 Ad
1371 435 113 46 hoc
1436 435 243 46 probationes
1630 435 226 46 adduximus.
1791 435 49 46 &

1076 474 151 59 probatur
1190 474 114 59 adhuc
1266 474 88 59 per
1316 474 114 59 glos.
1392 474 76 59 i.
1430 474 76 59 ad
1468 474 126 59 Thess.
1556 474 114 59 iiii.
1632 474 114 59 super
1707 474 101 59 illo
1758 474 88 59 verbo

1072 523 153 57 nolumus
1183 523 111 57 vos)
1253 523 70 57 &
1281 523 97 57 per
1337 523 167 57 Augustgi
1462 523 84 57 in
1504 523 167 57 sermodoe
1629 523 84 57 de
1671 523 139 57 verbis
1754 523 84 57 apo-

1069 565 137 57 stoli.
1165 565 96 57 Sed
1220 565 82 57 si
1261 565 137 57 alicui
1358 565 96 57 vel
1412 565 178 57 aliquibus
1550 565 124 57 omnem
1632 565 151 57 fructum
1728 565 110 57 operis

1062 610 93 49 mei
1115 610 159 49 applicem
1234 610 66 49 /
1261 610 66 49 &
1287 610 93 49 pro
1340 610 106 49 illo
1406 610 159 49 praecise
1526 610 146 49 faciam:
1632 610 93 49 non
1685 610 133 49 mereor
1764 610 80 49 ali-

1074 650 121 63 quid
1149 650 91 63 de
1195 650 227 63 liberatione
1376 650 151 63 poenae
1482 650 106 63 quo
1542 650 91 63 ad
1587 650 181 63 meipsum:
1723 650 121 63 nisi
1784 650 60 63 ab

1057 699 110 43 ter
1120 699 110 43 non
1183 699 141 43 egeat
1277 699 141 43 tanto
1371 699 172 43 fructu.
1496 699 110 43 nam
1558 699 110 43 sic
1621 699 157 43 oratio
1731 699 110 43 mea
1778 699 78 43 mi-

1077 741 79 57 ni
1116 741 172 57 proficit:
1249 741 106 57 quia
1315 741 92 57 est
1367 741 159 57 intentio
1486 741 92 57 mea
1539 741 238 57 interpretatiua
1737 741 106 57 quod
1790 741 53 57 in

1074 785 92 54 me
1120 785 169 54 redeat,
1243 785 108 54 vbi
1304 785 184 54 expresse
1442 785 154 54 alteri
1550 785 108 54 non
1611 785 230 54 applicatur.
1780 785 77 54 Du-

1065 829 140 54 randus
1163 829 126 54 tamen
1247 829 126 54 dicit
1331 829 112 54 quod
1401 829 98 54 non
1457 829 140 54 possum
1555 829 140 54 alteri
1653 829 140 54 mereri
1737 829 112 54 libera

1075 875 140 49 tionem
1173 875 140 49 culpae
1271 875 182 49 venialis,
1411 875 112 49 nisi
1480 875 126 49 culpa
1564 875 140 49 fuerit
1662 875 126 49 prius
1732 875 112 49 remis-

1068 922 109 49 sa.
1131 922 109 49 Hoc
1193 922 124 49 puto
1271 922 171 49 falsum,
1395 922 78 49 &
1426 922 124 49 dico
1504 922 249 49 consequenter
1706 922 93 49 ad
1737 922 109 49 dicta

1074 962 123 62 quod
1151 962 138 62 culpa
1243 962 185 62 venialem
1381 962 169 62 remitti
1504 962 92 62 in
1551 962 154 62 infemo
1658 962 138 62 nihil
1735 962 108 62 aliud

1068 1003 88 56 est
1119 1003 100 56 quam
1181 1003 126 56 poenam
1269 1003 113 56 illic
1345 1003 100 56 pati
1407 1003 88 56 pro
1458 1003 113 56 illa:
1533 1003 63 56 &
1558 1003 88 56 hoc
1608 1003 163 56 sufficit.
1734 1003 63 56 &
1759 1003 63 56 a
1772 1003 75 56 for-

1079 1051 129 51 tiore
1165 1051 86 51 in
1208 1051 216 51 purgatorio.
1381 1051 86 51 Si
1424 1051 144 51 igitur
1524 1051 115 51 pati
1596 1051 101 51 pro
1654 1051 129 51 culpa
1726 1051 129 51 veniali

1068 1095 103 56 est
1127 1095 147 56 culpam
1230 1095 177 56 venialem
1363 1095 133 56 tolli
1451 1095 88 56 in
1495 1095 118 56 alio
1569 1095 177 56 saeculo:
1702 1095 88 56 me
1731 1095 118 56 rogan-

1075 1135 85 54 te
1117 1135 99 54 pro
1174 1135 212 54 diminutione
1343 1135 141 54 illius
1442 1135 141 54 poenae
1541 1135 127 54 poena
1626 1135 198 54 delebitur:
1767 1135 85 54 acsi

1073 1187 146 47 esset
1170 1187 146 47 poena
1268 1187 228 47 respondens
1447 1187 114 47 vni
1512 1187 163 47 culpae
1625 1187 179 47 mortali
1739 1187 114 47 prius

1069 1224 85 64 in
1111 1224 99 64 via
1168 1224 185 64 dimissae.
1310 1224 170 64 Vlterius
1438 1224 114 64 dico
1509 1224 99 64 non
1566 1224 114 64 esse
1637 1224 185 64 prudentem
1765 1224 85 64 quim

1068 1273 227 61 seneglecto
1246 1273 211 61 suffragia
1409 1273 114 61 sua
1474 1273 179 61 mortuis
1587 1273 179 61 applicat.

1066 1332 383 95 Distinctionis
1359 1332 496 95 Quadragesimaequintae

1250 1428 292 95 Quaestio
1444 1428 243 95 Secunda.

1470 1511 331 84 Rosequendo
1731 1511 166 84 ma-

1475 1576 163 64 teriam
1589 1576 277 64 suffragiorum,
1801 1576 65 64 se

1484 1623 169 59 tundo
1597 1623 262 59 quaeremus:
1784 1623 75 59 An

1489 1667 217 53 sacrificium
1662 1667 101 53 vel
1720 1667 130 53 missa
1792 1667 72 53 di-

1489 1714 74 63 cta
1532 1714 74 63 pro
1574 1714 148 63 pilurlibus
1690 1714 106 63 tantum
1753 1714 106 63 cuilibus

1483 1750 106 67 eorum
1554 1750 117 67 prosit
1636 1750 129 67 quantum
1730 1750 70 67 si
1765 1750 82 67 pro
1800 1750 59 67 pau

1465 1800 176 59 scioribus
1600 1800 230 59 celebraretur.
1789 1800 68 59 â‹
1802 1800 54 59 Re

1464 1845 182 59 spondetur
1604 1845 182 59 negatiue,
1729 1845 140 59 probatur

1087 1893 172 47 conclusio.
1222 1893 86 47 nam
1271 1893 111 47 valor
1345 1893 123 47 missae
1431 1893 86 47 est
1480 1893 148 47 finitus.
1591 1893 98 47 modo
1653 1893 123 47 quando
1739 1893 135 47 finitum
1825 1893 49 47 di

1080 1936 131 51 uiditur
1175 1936 72 51 in
1211 1936 119 51 plures
1295 1936 119 51 partes
1378 1936 131 51 aequas:
1474 1936 107 51 tanto
1545 1936 155 51 quaelibet
1664 1936 131 51 illarum
1748 1936 107 51 partium

1090 1987 95 52 est
1145 1987 163 52 minutior
1267 1987 136 52 quanto
1363 1987 82 52 in
1403 1987 136 52 plures
1499 1987 177 52 diuiditur
1635 1987 150 52 partes.
1744 1987 122 52 patet
1812 1987 54 52 ex

1091 2028 183 51 emplariter
1235 2028 170 51 pertiendo
1366 2028 183 51 continuum:
1510 2028 157 51 qualibet
1628 2028 105 51 enim
1694 2028 131 51 quinta
1785 2028 105 51 qua-

1083 2068 131 42 libet
1171 2068 145 42 quarta
1272 2068 160 42 eiusdem
1389 2068 174 42 continui
1519 2068 102 42 est
1577 2068 145 42 minor:
1679 2068 73 42 &
1708 2068 102 42 sic
1766 2068 87 42 de
1795 2068 73 42 se-

1085 2116 98 54 xta
1141 2116 167 54 respectu
1266 2116 167 54 quintae.
1392 2116 126 54 Forte
1476 2116 139 54 dicis.
1573 2116 153 54 virtute
1685 2116 139 54 operis
1768 2116 98 54 opera

1077 2157 90 56 ti
1122 2157 135 56 valor
1212 2157 150 56 missae
1318 2157 105 56 est
1378 2157 196 56 infinitus
1528 2157 75 56 &
1558 2157 226 56 indeficiens
1724 2157 105 56 pelat

1085 2198 70 56 &
1113 2198 97 56 sic
1169 2198 195 56 aequaliter
1322 2198 195 56 applicatur
1475 2198 167 56 pluribus
1600 2198 70 56 &
1628 2198 153 56 paucis.
1740 2198 84 56 vt
1781 2198 84 56 si
1809 2198 56 56 es

1083 2245 111 45 set
1147 2245 127 45 vnus
1226 2245 175 45 cumulus
1353 2245 207 45 infinitus
1512 2245 175 45 lapidum
1639 2245 207 45 pedalium:
1783 2245 79 45 mul

1076 2287 82 66 ti
1117 2287 68 66 &
1145 2287 123 66 pauci
1226 2287 136 66 finiti
1322 2287 177 66 capientes
1459 2287 177 66 portiones
1595 2287 136 66 aequas
1691 2287 96 66 num
1745 2287 109 66 quam
1800 2287 68 66 pos

1086 2327 103 50 sent
1151 2327 116 50 illos
1228 2327 142 50 lapides
1332 2327 116 50 omnes
1409 2327 155 50 auferre:
1526 2327 65 50 &
1552 2327 155 50 infiniti
1668 2327 142 50 homines
1771 2327 78 50 si
1797 2327 65 50 es-

1084 2377 120 47 sent
1159 2377 165 47 possent
1279 2377 180 47 auferre,
1413 2377 75 47 &
1443 2377 150 47 semper
1548 2377 209 47 remanerent
1697 2377 165 47 infiniti.

1093 2421 181 58 Quicquid
1229 2421 106 58 sit
1289 2421 91 58 de
1335 2421 197 58 ablatione
1486 2421 166 58 lapidum
1607 2421 227 58 infinitorum
1788 2421 76 58 /
1804 2421 60 58 le

1073 2468 194 47 infiniti
1219 2468 178 47 homines
1348 2468 178 47 possent
1478 2468 162 47 aliquo
1591 2468 130 47 modo
1672 2468 210 47 auferendo

1089 2514 105 49 omnes
1160 2514 140 49 tollere,
1265 2514 82 49 non
1312 2514 94 49 erit
1370 2514 94 49 idem
1429 2514 70 49 in
1464 2514 164 49 proposito.
1593 2514 82 49 nam
1640 2514 70 49 si
1675 2514 117 49 essent
1745 2514 117 49 infiniti

1086 2557 121 47 mundi
1166 2557 94 47 vel
1220 2557 148 47 homines
1328 2557 161 47 infiniti
1449 2557 81 47 in
1489 2557 121 47 eodem
1570 2557 134 47 mundo:
1664 2557 148 47 quilibs
1758 2557 94 47 paruu

1082 2603 101 54 lus
1139 2603 202 54 mundatetur
1298 2603 87 54 ab
1342 2603 202 54 originali,
1501 2603 72 54 &
1530 2603 159 54 haberet
1646 2603 159 54 gratiam
1747 2603 101 54 bapti

1078 2638 156 57 smalem.
1192 2638 185 57 similiter
1334 2638 85 57 si
1377 2638 142 57 essent
1476 2638 171 57 infiniti
1604 2638 142 57 adulti
1690 2638 156 57 venientes

1076 2688 85 49 ad
1118 2688 199 49 baptismum:
1274 2688 142 49 omnium
1374 2688 156 49 illorum
1487 2688 142 49 poenae
1586 2688 113 49 post
1643 2688 213 49 detestationem

1080 2732 133 81 essent
1173 2732 173 81 purgatae.
1306 2732 67 81 &
1333 2732 93 81 ita
1386 2732 80 81 in
1426 2732 173 81 infinitis
1559 2732 120 81 sicut
1639 2732 146 81 paucis.
1745 2732 80 81 Et
1772 2732 93 81 quam
