2355 3316
456 316 175 86 arguitur
587 316 218 86 auctoritate
762 316 218 86 Aristotelis
937 316 87 86 in
980 316 102 86 suo
1038 316 131 86 libro
1126 316 87 86 de
1155 316 58 86 mi

461 377 128 71 moria
546 377 71 71 &
574 377 255 71 reminiscentia,
787 377 170 71 dicentis
914 377 170 71 memoriam
1042 377 113 71 esse
1098 377 128 71 praesen

465 423 161 71 tationem
585 423 121 71 primi
666 423 188 71 sensitiui:
813 423 67 71 &
840 423 80 71 si
880 423 94 71 sit
934 423 228 71 intellectiui,
1122 423 94 71 hoc
1162 423 67 71 est

465 470 101 67 per
522 470 188 67 accidens.
667 470 232 67 Respondetur.
856 470 217 67 Aristoteles
1029 470 130 67 vidit
1116 470 101 67 pro
1160 470 72 67 hoc

463 515 127 65 statu
548 515 85 65 in
590 515 99 65 quo
646 515 141 65 eramus
745 515 113 65 (nam
816 515 85 65 de
858 515 113 65 alio
929 515 127 65 parum
1013 515 141 65 nouit)
1112 515 113 65 quod
1183 515 85 65 in

462 566 203 56 tellectus
619 566 110 56 non
681 566 172 56 poterat
807 566 141 56 exire
900 566 94 56 in
947 566 235 56 operationes
1119 566 110 56 memo-

458 606 121 67 riae
533 606 256 67 intellectiuae
744 606 121 67 sine
820 606 166 67 memoria
940 606 211 67 sensitiua.
1091 606 136 67 quomodo

459 647 204 59 alteratio
616 647 157 59 organi
726 647 173 59 impedit
852 647 141 59 actus
946 647 204 59 memoriae.
1088 647 141 59 ideoque

460 702 120 62 hoc
511 702 155 62 dicebat

456 745 102 79 ⁋
496 745 245 79 Arguitur
680 745 204 79 contra
823 745 245 79 vtramque
987 745 245 79 conclusio-

461 802 117 62 nem
528 802 167 62 simul.
645 802 150 62 Actus
745 802 217 62 memorandi
911 802 117 62 non
978 802 150 62 habet
1061 802 167 62 obiectum

469 853 112 64 ergo
539 853 141 64 nullus
638 853 98 64 est
694 853 141 64 talis,
792 853 225 64 consequentia
975 853 141 64 tenet:
1073 853 112 64 quia
1130 853 98 64 omnis

469 894 128 61 actus
554 894 85 61 in
597 894 157 61 aliquod
711 894 171 61 obiectum
839 894 157 61 fertur.
953 894 199 61 Antecedens
1096 894 142 61 probatur

465 942 137 63 quoniam
564 942 87 63 vel
614 942 112 63 ipsum
688 942 87 63 est
738 942 87 63 res
788 942 149 63 sensata:
899 942 87 63 vel
949 942 112 63 actus
1024 942 199 63 praeteritus.
1173 942 62 63 sed

461 981 88 61 non
512 981 126 61 potest
600 981 101 61 dari
663 981 113 61 vnum,
738 981 88 61 nec
788 981 151 61 alterum.
901 981 138 61 igitur.
1002 981 63 61 ⁋
1027 981 201 61 Respondetur.
1178 981 50 61 ha

456 1028 131 58 bitus
544 1028 189 58 productus
689 1028 73 58 a
718 1028 160 58 notitia
835 1028 160 58 actuali
951 1028 102 58 rei
1010 1028 131 58 alias
1082 1028 146 58 cognitae

466 1070 194 73 producit
611 1070 194 73 notitiam
757 1070 259 73 abstractiuam
967 1070 113 73 cum
1032 1070 194 73 potentia
1161 1070 65 73 in

463 1124 193 52 absentia
608 1124 193 52 obiecti.
752 1124 113 52 nam
817 1124 177 52 habitus
945 1124 145 52 vicem
1042 1124 177 52 obiecti
1171 1124 97 52 in

462 1159 103 71 hoc
521 1159 177 71 supplet:
654 1159 118 71 quia
728 1159 103 71 non
787 1159 148 71 aliter
891 1159 162 71 species
1009 1159 103 71 vel
1068 1159 162 71 habitus
1171 1159 74 71 po-

461 1208 140 56 nitur
555 1208 93 56 in
601 1208 187 56 memoria.
741 1208 109 56 sed
804 1208 140 56 actus
897 1208 202 56 memorandi
1052 1208 171 56 proprie
1161 1208 78 56 est

464 1262 159 51 iudicium
583 1262 106 51 quod
649 1262 119 51 actum
729 1262 66 51 &
755 1262 93 51 rem
808 1262 159 51 sensatam
927 1262 119 51 habet
1007 1262 93 51 pro
1060 1262 146 51 obiecto
1153 1262 79 51 per-

475 1293 140 58 tiali:
573 1293 70 58 &
601 1293 196 58 complexum.
755 1293 84 58 vt
797 1293 140 58 iudico
894 1293 112 58 quod
964 1293 140 58 audiui
1062 1293 154 58 priorem
1160 1293 84 58 Sor-

465 1334 134 64 bonae
555 1334 224 64 disputantem
734 1334 90 64 in
778 1334 104 64 die
838 1334 179 64 veneris.
972 1334 119 64 loco
1047 1334 134 64 verbi
1122 1334 119 64 iudico

467 1384 177 59 dicimus
595 1384 177 59 memini,
724 1384 193 59 recordor
869 1384 80 59 /
901 1384 112 59 vel
965 1384 145 59 scio.
1061 1384 129 59 modo
1126 1384 112 59 istud

467 1426 171 60 iudicium
595 1426 128 60 habet
680 1426 185 60 complexum
822 1426 100 60 pro
879 1426 171 60 obiecto.
1007 1426 128 60 sicut
1093 1426 114 60 hic,
1150 1426 85 60 scio

469 1469 191 60 triangulum
619 1469 136 60 habere
715 1469 123 60 tres.
797 1469 123 60 habet
879 1469 123 60 etiam
961 1469 96 60 pro
1015 1469 150 60 obiecto
1111 1469 136 60 partiali

464 1529 129 54 actum
549 1529 143 54 sensus
649 1529 100 54 vel
706 1529 228 54 intellectus,
892 1529 71 54 &
921 1529 157 54 priorem
1035 1529 186 54 Sorbonae:
1163 1529 86 54 quia

468 1559 131 61 notum
556 1559 117 61 est,
629 1559 87 61 ad
673 1559 204 61 quodcumque
833 1559 131 61 actus
920 1559 190 61 potentiae
1052 1559 190 61 terminetur:

482 1603 110 62 llud
551 1603 110 62 dici
620 1603 165 62 obiectum
744 1603 124 62 eius.
827 1603 124 62 sicut
909 1603 124 62 alias
992 1603 83 62 de
1033 1603 152 62 obiecto
1130 1603 110 62 scien-

474 1652 123 59 tiae
551 1652 77 59 &
581 1652 139 59 fidei
674 1652 185 59 diximus,
813 1652 92 59 de
859 1652 169 59 obiecto
982 1652 200 59 propinquo
1136 1652 77 59 &
1152 1652 92 59 remo

469 1691 101 63 to,
526 1691 101 63 nec
584 1691 159 63 oportet
699 1691 101 63 hic
757 1691 130 63 aliam
843 1691 245 63 difficultatem
1045 1691 159 63 facere.
1161 1691 72 63 ⁋
1175 1691 72 63 Sed

479 1740 140 58 contra
577 1740 98 58 hoc
633 1740 182 58 arguitur.
773 1740 98 58 Per
829 1740 126 58 illud
913 1740 140 58 sensus
1011 1740 98 58 non
1067 1740 140 58 potest
1151 1740 84 58 habi

472 1780 87 60 re
516 1780 131 60 actum
603 1780 203 60 memorandi,
763 1780 145 60 contra
864 1780 145 60 primam
966 1780 247 60 conclusionem.
1155 1780 87 60 quia

475 1840 123 44 actus
557 1840 136 44 sensus
653 1840 96 44 non
707 1840 136 44 potest
803 1840 136 44 habere
898 1840 123 44 actum
980 1840 177 44 potentiae
1117 1840 96 44 pro
1158 1840 96 44 obie-

473 1875 120 61 cto.
548 1875 225 61 Respondetur
728 1875 165 61 negando
848 1875 195 61 sequelam.
998 1875 75 61 &
1028 1875 90 61 ad
1058 1875 195 61 probationem

479 1929 110 44 nego
548 1929 110 44 quod
617 1929 138 44 sensus
713 1929 96 44 non
768 1929 138 44 potest
865 1929 138 44 habere
961 1929 124 44 actum
1044 1929 138 44 sensus
1140 1929 96 44 pro
1181 1929 69 44 ob-

475 1958 147 64 iecto.
578 1958 103 64 nam
637 1958 176 64 sensatio
769 1958 103 64 est
827 1958 161 64 extensa
945 1958 73 64 &
974 1958 132 64 cadit
1062 1958 103 64 sub
1106 1958 147 64 obiectum

475 2011 152 48 sensus:
586 2011 97 48 non
641 2011 111 48 enim
710 2011 124 48 solum
793 2011 193 48 sensibilia
945 2011 152 48 sensuum
1056 2011 193 48 exteriorum
1194 2011 55 48 ca

480 2049 118 58 dunt
554 2049 103 58 sub
613 2049 177 58 obiectum
746 2049 148 58 sensus
849 2049 192 58 communis:
997 2049 103 58 sed
1056 2049 133 58 etiam
1130 2049 118 58 sensa-

476 2092 144 58 tiones
577 2092 130 58 ipsae
663 2092 217 58 exteriores:
836 2092 130 58 iuxta
923 2092 217 58 Aristotelem
1096 2092 159 58 secundo
1197 2092 58 58 de

475 2139 140 54 anima.
573 2139 112 54 quia
643 2139 84 54 se
684 2139 126 54 habet
768 2139 126 54 sicut
852 2139 154 54 centrum
964 2139 154 54 circuli
1075 2139 84 54 ad
1117 2139 140 54 sensus
1201 2139 56 54 ex

485 2182 172 56 teriores
613 2182 100 56 qui
671 2182 114 56 sunt
742 2182 86 56 in
785 2182 272 56 circunferentia:
1014 2182 72 56 a
1042 2182 143 56 quibus
1143 2182 86 56 ad
1171 2182 86 56 sen-

482 2225 95 59 sum
537 2225 164 59 communem
660 2225 191 59 deferuntur
810 2225 95 59 per
864 2225 164 59 species.
987 2225 95 59 Sed
1041 2225 123 59 verum
1123 2225 95 59 est
1164 2225 82 59 quod

479 2271 139 60 actus
571 2271 232 60 intellectus
757 2271 139 60 nullo
850 2271 124 60 modo
928 2271 155 60 potest
1036 2271 124 60 esse
1098 2271 155 60 obiectum

487 2315 169 58 alicuius
613 2315 155 58 sensus.
726 2315 127 58 licet
810 2315 211 58 aestimatiua
979 2315 84 58 in
1021 2315 127 58 bruto
1105 2315 112 58 quae
1162 2315 98 58 commu

481 2368 125 46 niter
564 2368 194 46 cogitatiua
717 2368 83 46 in
759 2368 139 46 homine
856 2368 166 46 vocatur,
981 2368 153 46 eliciat
1078 2368 180 46 intentiones

489 2398 215 66 insensatas
657 2398 92 66 ex
704 2398 200 66 speciebus
857 2398 200 66 sensatis.
1010 2398 92 66 vt
1056 2398 123 66 ouis
1133 2398 92 66 ex
1164 2398 92 66 spe-

493 2459 97 44 cie
549 2459 153 44 sensata
660 2459 125 44 lupi,
743 2459 153 44 specien
854 2459 194 44 insensatam
1006 2459 222 44 inimicitiae:
1187 2459 69 44 &
1201 2459 55 44 ex

488 2489 132 57 specie
580 2489 145 57 sensata
685 2489 105 57 ouis
751 2489 66 57 /
778 2489 145 57 speciem
883 2489 171 57 amicitiae
1015 2489 145 57 elicit.
1120 2489 92 57 sed
1160 2489 92 57 illuc

489 2541 121 52 solum
569 2541 134 52 arguit
663 2541 201 52 nobilitatem
824 2541 134 52 illius
918 2541 174 52 potentiae
1052 2541 188 52 sensitiuae
1186 2541 67 52 qua

482 2577 125 64 data
560 2577 109 64 est
623 2577 218 64 animalibus
794 2577 94 64 ad
841 2577 187 64 fugienda
981 2577 172 64 nociua,
1106 2577 78 64 &
1137 2577 94 64 ad
1168 2577 94 64 pro-

486 2630 220 69 sequenda
632 2630 147 69 amica.

485 2675 111 83 ⁋
529 2675 244 83 Secundo
707 2675 288 83 arguitur.
928 2675 200 83 Illud
1039 2675 222 83 iudicium

495 2744 131 69 prior
583 2744 175 69 Sorbonae
714 2744 218 69 disputauit:
889 2744 102 69 vel
947 2744 146 69 Sortes
1049 2744 131 69 fuit:
1136 2744 102 69 non
1180 2744 87 69 pro

1297 326 149 64 ducitur
1406 326 68 64 a
1433 326 149 64 notitia
1542 326 203 64 abstractiua
1704 326 122 64 sola,
1786 326 109 64 quod
1854 326 176 64 probatur:
1976 326 81 64 quia

1288 376 158 56 alioquin
1406 376 184 56 propositio
1551 376 118 56 esset
1629 376 92 56 per
1682 376 79 56 se
1721 376 118 56 nota:
1800 376 79 56 cu
1840 376 118 56 omnis
1905 376 158 56 propositio

1294 433 133 43 cuius
1383 433 177 43 iudicium
1516 433 177 43 causatur
1649 433 74 43 a
1678 433 162 43 notitia
1796 433 207 43 terminorum
1944 433 118 43 abstra

1292 467 124 58 ctiua
1375 467 96 58 vel
1430 467 193 58 intuitiua,
1581 467 96 58 sit
1636 467 96 58 per
1691 467 83 58 se
1733 467 124 58 nota.
1815 467 165 58 Assensus
1939 467 110 58 enim
1994 467 69 58 non

1304 516 138 52 potest
1401 516 166 52 generari
1525 516 110 52 nisi
1594 516 138 52 aliquo
1691 516 152 52 istorum
1801 516 166 52 modorum:
1925 516 97 52 vel
1980 516 83 52 ex
2008 516 55 52 so

1298 549 93 63 la
1345 549 202 63 intuitiua
1500 549 171 63 notitia
1625 549 233 63 terminorum:
1811 549 233 63 quemadmodum
1982 549 93 63 gene

1299 600 129 50 ratur
1385 600 173 50 assensus
1514 600 244 50 propositionis
1716 600 230 50 contingentis
1902 600 201 50 euidentis:

1294 641 106 56 vel
1355 641 91 56 ex
1400 641 167 56 assensu
1522 641 243 56 antecedentis
1719 641 167 56 prioris
1841 641 76 56 &
1871 641 182 56 bonitate
1993 641 76 56 con

1293 686 220 55 sequentiae:
1469 686 103 55 vel
1528 686 88 55 ex
1572 686 191 55 quacumque
1718 686 161 55 notitia
1836 686 220 55 terminorum:
1997 686 73 55 hoc

1299 730 99 61 est
1356 730 128 61 rerum
1441 730 255 61 significatarum
1653 730 99 61 per
1710 730 184 61 terminos:
1851 730 71 61 &
1880 730 99 61 sic
1936 730 99 61 est
1979 730 99 61 assen

1301 776 96 65 sus
1356 776 233 65 propositionis
1548 776 96 65 per
1603 776 82 65 se
1644 776 137 65 notae.
1740 776 96 65 vel
1795 776 137 65 quarto
1891 776 96 65 per
1932 776 137 65 imperium

1306 820 204 56 voluntatis.
1470 820 95 56 sed
1524 820 123 56 nullo
1606 820 163 56 istorum.
1729 820 123 56 iiii.
1810 820 150 56 modorum
1906 820 163 56 generatur.

1299 865 143 55 Forte
1394 865 159 55 dicis.
1506 865 111 55 hic
1569 865 206 55 assensus,
1728 865 143 55 prior
1823 865 191 55 Sorbonae
1950 865 127 55 dispu-

1304 906 107 65 tat,
1370 906 187 65 causabatur
1517 906 80 65 ex
1557 906 147 65 notitia
1664 906 120 65 rerum
1744 906 240 65 significatarum
1944 906 93 65 per
1985 906 93 65 extre

1302 959 111 47 ma:
1365 959 79 47 &
1397 959 127 47 ille
1476 959 190 47 assensus
1619 959 190 47 actualis
1761 959 174 47 euidens
1888 959 158 47 genuit
1983 959 95 47 vnum

1296 998 194 53 habitum,
1441 998 113 53 qui
1506 998 161 53 quidem
1618 998 177 53 habitus
1747 998 194 53 inclinat
1893 998 97 53 in
1925 998 161 53 assensum

1290 1045 166 53 istius,
1411 1045 136 53 prior
1502 1045 181 53 Sorbonae
1638 1045 227 53 disputauit:
1819 1045 166 53 tempore
1925 1045 151 53 disputa-

1300 1094 149 48 tionis
1404 1094 149 48 lapso.
1509 1094 149 48 Contra
1613 1094 104 48 hoc
1673 1094 149 48 arguo.
1777 1094 179 48 assensus
1896 1094 179 48 propositio

1307 1141 92 42 nis
1360 1141 79 42 de
1399 1141 184 42 praeterito
1544 1141 66 42 &
1570 1141 79 42 de
1610 1141 171 42 praesenti
1742 1141 132 42 specie
1834 1141 158 42 differut
1952 1141 158 42 secundum

1303 1176 165 57 communem
1427 1176 219 57 neotericorum
1605 1176 165 57 scholam:
1728 1176 110 57 quia
1797 1176 151 57 numquam
1906 1176 151 57 iudicia
2002 1176 69 57 pro

1299 1219 226 62 positionum
1476 1219 113 62 non
1541 1219 242 62 synonymarum
1735 1219 129 62 sunt
1816 1219 178 62 eiusdem
1929 1219 161 62 speciei.

1305 1262 118 56 modo
1379 1262 163 56 ratione
1498 1262 192 56 copularum
1646 1262 252 56 propositiones
1853 1262 133 56 ipsae
1942 1262 104 56 non
1986 1262 89 56 sunt

1305 1317 211 46 synonymae,
1470 1317 120 46 quae
1546 1317 120 46 sunt
1621 1317 165 46 obiecta
1741 1317 196 46 propinqua
1891 1317 135 46 horum
1967 1317 120 46 assen-

1307 1362 129 49 suum.
1392 1362 129 49 Forte
1478 1362 143 49 dicis,
1578 1362 100 49 non
1636 1362 214 49 disconuenit
1807 1362 157 49 habitum
1921 1362 157 49 aliquem
2036 1362 86 49 in

1305 1397 159 55 clinare
1420 1397 188 55 immediate
1565 1397 87 55 in
1609 1397 130 55 actum
1696 1397 174 55 alterius
1826 1397 159 55 speciei
1942 1397 87 55 ab
1986 1397 116 55 actu
2044 1397 43 55 a

1310 1442 107 63 quo
1371 1442 183 63 emersit.
1508 1442 76 63 &
1538 1442 107 63 sic
1599 1442 107 63 non
1660 1442 213 63 inconvenit
1828 1442 168 63 habitum
1935 1442 152 63 causatum

1305 1483 89 64 ex
1350 1483 162 64 assensu
1468 1483 162 64 actuali
1586 1483 89 64 de
1630 1483 192 64 praesenti
1777 1483 162 64 istius,
1895 1483 133 64 prior
1969 1483 118 64 Sorbo-

1309 1528 99 54 nae
1366 1528 184 54 disputat,
1507 1528 184 54 inclinate
1649 1528 85 54 in
1692 1528 170 54 assensum
1819 1528 170 54 actualem
1947 1528 142 54 illius
2032 1528 57 54 de

1306 1574 203 63 praeterito:
1469 1574 149 63 quamuis
1577 1574 108 63 illi
1645 1574 95 63 duo
1699 1574 163 63 assensus
1821 1574 163 63 actuales
1943 1574 135 63 specie
2024 1574 68 63 dif

1309 1614 155 63 ferant:
1421 1614 98 63 cum
1478 1614 155 63 habeant
1590 1614 126 63 eadem
1674 1614 155 63 obiecta
1787 1614 155 63 remota:
1899 1614 98 63 hoc
1955 1614 98 63 est
1998 1614 98 63 eadem

1311 1674 178 45 extrema,
1444 1674 74 45 &
1474 1674 104 45 res
1533 1674 237 45 significatas
1726 1674 104 45 per
1785 1674 104 45 ea.
1844 1674 178 45 Obiicio.
1978 1674 118 45 ergo
2037 1674 59 45 ha

1311 1715 132 50 bitus
1399 1715 175 50 causatus
1531 1715 88 50 ex
1574 1715 161 50 assensu
1691 1715 161 50 istius,
1808 1715 117 50 mula
1881 1715 102 50 est
1925 1715 161 50 sterilis:

1315 1749 99 59 vel
1371 1749 142 59 animal
1471 1749 99 59 est
1527 1749 184 59 risibile:
1669 1749 184 59 inclinare
1811 1749 156 59 poterit
1924 1749 85 59 in
1952 1749 142 59 assensum

1313 1804 130 46 istius
1404 1804 182 46 immediate:
1547 1804 104 46 omne
1612 1804 130 46 animal
1703 1804 91 46 est
1755 1804 169 46 risibile:
1885 1804 91 46 vel
1937 1804 65 46 i
1963 1804 117 46 omnis
2028 1804 65 46 mu-

1308 1840 77 62 la
1347 1840 90 62 est
1398 1840 168 62 sterilis,
1527 1840 103 62 quod
1592 1840 90 62 non
1644 1840 90 62 est
1695 1840 168 62 dicendum.
1824 1840 65 62 ⁋
1850 1840 206 62 Respondetur.
2005 1840 90 62 tenem

1321 1883 80 60 do
1361 1883 93 60 cum
1414 1883 160 60 antiquis
1534 1883 107 60 quod
1600 1883 160 60 assensus
1720 1883 226 60 propositionis
1907 1883 80 60 de
1933 1883 160 60 praeterito

1319 1937 69 55 &
1347 1937 83 55 de
1388 1937 179 55 praesenti
1526 1937 110 55 sint
1595 1937 151 55 eiusdem
1705 1937 165 55 speciei:
1829 1937 193 55 argumentum
1980 1937 124 55 esset
2049 1937 55 55 ex

1318 1975 171 52 tinctum,
1446 1975 86 52 vt
1489 1975 128 52 inter
1574 1975 185 52 arguendum
1717 1975 143 52 dictum
1817 1975 114 52 est.
1888 1975 100 52 Ego
1945 1975 128 52 autem
2031 1975 100 52 non

1316 2013 168 66 libenter
1442 2013 154 66 dicerem
1554 2013 112 66 quod
1624 2013 154 66 habitus
1736 2013 154 66 aliquis
1848 2013 196 66 acquisitus
1988 2013 112 66 incli-

1317 2071 110 49 nat
1380 2071 204 49 immediate
1537 2071 94 49 in
1584 2071 141 49 actum
1678 2071 188 49 alterius
1819 2071 172 49 speciei
1944 2071 94 49 ab
1991 2071 125 49 actu
2054 2071 47 49 a

1319 2118 119 49 quo
1387 2118 204 49 emersit.
1540 2118 136 49 quia
1625 2118 136 49 illo
1710 2118 187 49 admisso
1847 2118 119 49 das
1915 2118 136 49 mihi
1983 2118 119 49 modum

1318 2144 211 68 sustinendi
1484 2144 121 68 quod
1559 2144 121 68 vnus
1635 2144 166 68 habitus
1755 2144 166 68 simplex
1876 2144 211 68 inclinabit
2042 2144 90 68 in

1324 2200 205 58 quoscumque
1485 2200 132 58 actus
1573 2200 146 58 specie
1675 2200 234 58 differentes.
1865 2200 88 58 Et
1909 2200 102 58 sic
1967 2200 102 58 non
2011 2200 88 58 opor

1323 2241 106 55 tet
1384 2241 243 55 multiplicare
1581 2241 167 55 habitus
1703 2241 152 55 specie
1809 2241 213 55 distinctos
1976 2241 91 55 ab
2007 2241 91 55 acti

1323 2282 107 60 bus
1384 2282 153 60 specie
1491 2282 229 60 distinctis:
1674 2282 138 60 licet
1766 2282 122 60 homo
1842 2282 153 60 possit
1949 2282 153 60 habere
2041 2282 61 60 re

1324 2335 162 57 fugium,
1442 2335 162 57 dicendo
1560 2335 118 57 quod
1634 2335 162 57 habitus
1751 2335 103 57 qui
1810 2335 103 57 est
1869 2335 118 57 vsus
1943 2335 74 57 &
1958 2335 147 57 fruitio:

1326 2369 152 62 vtpote
1432 2369 213 62 acquisitus
1600 2369 91 62 ex
1645 2369 122 62 tali
1722 2369 137 62 actu,
1813 2369 152 62 diligo
1919 2369 152 62 Sortem
2011 2369 91 62 pro-

1326 2412 118 68 pter
1400 2412 133 68 deum.
1489 2412 177 68 inclinat
1622 2412 192 68 immediate
1770 2412 89 68 in
1814 2412 222 68 dilectionem
1977 2412 118 68 Sortis

1319 2462 108 60 qui
1380 2462 108 60 est
1442 2462 185 60 alterius
1581 2462 170 60 speciei
1704 2462 93 60 ab
1750 2462 123 60 actu
1827 2462 108 60 quo
1889 2462 154 60 diligo
1982 2462 123 60 Sortem

1326 2507 160 62 propter
1443 2507 131 62 deum.
1530 2507 160 62 Pronunc
1647 2507 146 62 igitur
1749 2507 116 62 dico
1821 2507 146 62 aliter
1923 2507 87 62 ad
1952 2507 146 62 argumen-

1333 2548 111 64 tum:
1402 2548 111 64 quod
1472 2548 125 64 sicut
1555 2548 153 64 notitia
1666 2548 180 64 intuitiua
1805 2548 194 64 extremorum
1957 2548 83 64 de
1985 2548 125 64 prsenti

1328 2603 158 48 causat
1439 2603 190 48 iudicium
1582 2603 174 48 euidens
1708 2603 95 48 de
1756 2603 253 48 enunciatione
1962 2603 143 48 vnius
2041 2603 63 48 ex

1327 2636 140 57 tremi
1421 2636 93 57 de
1467 2636 140 57 alio:
1560 2636 109 57 sic
1622 2636 171 57 notitia
1746 2636 233 57 abstractiua
1917 2636 186 57 extremorum

1324 2683 90 59 ab
1369 2683 120 59 illa
1444 2683 194 59 intuitiua
1593 2683 179 59 prodiens
1727 2683 164 59 generat
1847 2683 179 59 iudicium
1967 2683 134 59 euidens

1322 2731 91 74 de
1367 2731 213 74 praeterito
1535 2731 91 74 de
1580 2731 228 74 enuciatione
1762 2731 137 74 vnius
1854 2731 167 74 extremi
1975 2731 91 74 de
2006 2731 106 74 reli
