2316 3315
927 539 185 94 lrca
1043 539 185 94 hanc
1135 539 93 94 di

941 620 244 60 stinctionem
1120 620 114 60 septi

945 669 87 61 mam
994 669 162 61 quaeritur
1106 669 125 61 quaestio

938 710 173 57 vnica.
1059 710 104 57 An
1093 710 138 57 confir

946 754 135 56 matio
1036 754 105 56 sit
1081 754 150 56 sacramen

939 799 108 58 tum
1000 799 215 58 iterabile.
1154 799 77 58 Pro

943 846 183 58 solutione
1084 846 113 58 nota
1140 846 85 58 quod

943 890 217 56 confirmatio
1116 890 101 56 hic
1160 890 72 56 non

941 934 148 57 capitur
1048 934 94 57 pro
1089 934 148 57 constanti

938 975 216 58 firmitate
1105 975 100 58 in
1138 975 100 58 bono

950 1020 234 64 quemadmodum
1122 1020 109 64 dici-

939 1061 105 65 mus
999 1061 120 65 quod
1074 1061 151 65 sancti
1180 1061 90 65 in

951 1111 148 55 patria
1055 1111 119 55 sunt
1114 1111 119 55 confir

462 1157 141 48 mati:
556 1157 109 48 sed
619 1157 172 48 quomodo
744 1157 188 48 capiatur
884 1157 172 48 patebit
1010 1157 94 48 ex
1041 1157 203 48 definitione

460 1205 127 50 eius.
544 1205 240 50 Institutionis
742 1205 197 50 congruitas
897 1205 85 50 ex
939 1205 99 50 hoc
995 1205 141 50 patet:
1094 1205 99 50 nam
1136 1205 99 50 sicut

451 1247 85 45 in
493 1247 113 45 vita
564 1247 170 45 naturali
691 1247 127 45 vltra
776 1247 226 45 generationem
959 1247 99 45 per
1016 1247 113 45 quam
1087 1247 113 45 vita
1143 1247 99 45 acqui

460 1290 140 53 ritur:
558 1290 197 53 requiritur
713 1290 112 53 alia
783 1290 126 53 actio
867 1290 98 53 per
923 1290 112 53 quam
993 1290 112 53 homo
1064 1290 84 53 ad
1092 1290 140 53 perfecta

458 1337 200 48 quantitatem
618 1337 200 48 perducatur:
778 1337 93 48 sic
831 1337 147 48 praeter
938 1337 200 48 spiritualem
1085 1337 147 48 generatio

461 1381 104 53 nem:
526 1381 104 53 quae
591 1381 91 53 fit
643 1381 78 53 in
682 1381 169 53 baptismo:
812 1381 91 53 per
863 1381 104 53 quam
928 1381 104 53 vita
993 1381 195 53 acquiritur:
1136 1381 104 53 requi-

462 1422 113 49 ritur
538 1422 101 49 alia
601 1422 113 49 actio
677 1422 227 49 sacramentalis:
866 1422 88 49 per
916 1422 101 49 quam
979 1422 101 49 vita
1042 1422 189 49 spiritualis
1194 1422 76 49 ad

463 1471 176 50 perfectam
599 1471 176 50 veritatem
734 1471 189 50 deducitur:
882 1471 68 50 &
909 1471 95 50 hoc
963 1471 95 50 fit
1017 1471 95 50 per
1058 1471 189 50 confirmatio-

468 1508 105 49 nem:
533 1508 79 49 in
573 1508 92 49 qua
625 1508 157 49 spiritus
743 1508 144 49 sanctus
847 1508 118 49 datur
926 1508 79 49 ad
965 1508 170 49 perfectum
1096 1508 118 49 robur
1174 1508 65 49 /
1188 1508 65 49 se-

464 1557 136 52 cundum
559 1557 122 52 illud
641 1557 81 52 de
681 1557 244 52 consecratione.
885 1557 108 52 dis.
952 1557 81 52 v.
993 1557 122 52 Omnes
1074 1557 149 52 fideles
1169 1557 68 52 per

460 1602 131 52 manus
548 1602 232 52 impositionem
736 1602 218 52 episcoporum
910 1602 174 52 spiritum
1041 1602 160 52 sanctum
1142 1602 102 52 acci-

472 1647 111 51 pere
541 1647 153 51 debent:
652 1647 83 51 vt
694 1647 125 51 pleni
777 1647 194 51 christiani
930 1647 222 51 efficiantur.
1096 1647 153 51 Praeterea

460 1696 83 48 ad
502 1696 124 48 actum
584 1696 97 48 qui
640 1696 124 48 habet
722 1696 179 48 specialem
861 1696 248 48 difficultatem,
1068 1696 110 48 opus
1137 1696 97 48 est
1178 1696 69 48 spe

463 1739 112 49 ciali
537 1739 174 49 adiutorio:
674 1739 87 49 sed
724 1739 137 49 praeter
824 1739 224 49 difficultatem,
1010 1739 100 49 quae
1073 1739 87 49 est
1122 1739 75 49 in
1147 1739 100 49 creden

472 1779 84 49 do:
520 1779 84 49 est
568 1779 156 49 specialis
688 1779 180 49 difficultas
832 1779 168 49 confitendi
964 1779 108 49 fidem
1036 1779 132 49 tempore
1120 1779 120 49 persecu-

464 1825 138 53 tionis:
565 1825 101 53 quia
628 1825 113 53 fides
703 1825 101 53 sola
766 1825 88 53 non
816 1825 151 53 sufficit
930 1825 113 53 coram
1005 1825 163 53 saeuiente
1118 1825 126 53 tyranno.

498 1866 105 54 Sed
558 1866 90 54 ne
603 1866 90 54 in
648 1866 135 54 vmbra
738 1866 225 54 transeamus:
917 1866 150 54 restat
1022 1866 195 54 quaerere:
1157 1866 90 54 quae

476 1919 97 42 res
531 1919 97 42 sit
587 1919 221 42 confirmatio.
766 1919 83 42 Et
807 1919 110 42 quia
876 1919 166 42 ponentes
1001 1919 193 42 relationes
1139 1919 110 42 reales

468 1956 189 52 distingui
614 1956 73 52 a
643 1956 131 52 rebus
730 1956 204 52 absolutis,
891 1956 146 52 habent
993 1956 116 52 suum
1065 1956 131 52 modum
1138 1956 102 52 dicen

479 2000 97 52 di:
535 2000 70 52 &
563 2000 181 52 nominales
702 2000 167 52 plerique
827 2000 97 52 non
882 2000 236 52 intelligentes
1077 2000 97 52 sua
1119 2000 125 52 princi-

470 2046 100 55 pia:
533 2046 126 55 dicunt
621 2046 100 55 quod
684 2046 88 55 est
734 2046 88 55 res
784 2046 176 55 transiens:
923 2046 88 55 sic
973 2046 188 55 procedendum
1123 2046 88 55 est
1161 2046 88 55 sicut

464 2093 93 49 in
511 2093 202 49 baptismo.
666 2093 233 49 Confirmatio
853 2093 109 49 est
915 2093 171 49 vnctio.
1039 2093 109 49 vel
1101 2093 124 49 ergo
1163 2093 78 49 vn-

477 2132 119 51 ctio
552 2132 149 51 ibidem
656 2132 179 51 supponit
790 2132 104 51 pro
850 2132 119 51 oleo
925 2132 75 51 &
955 2132 164 51 balsamo
1074 2132 149 51 simul:
1163 2132 90 51 con-

463 2175 167 53 notando
584 2175 137 53 verba
675 2175 76 53 &
706 2175 243 53 intentionem:
903 2175 106 53 vel
964 2175 106 53 pro
1024 2175 152 53 verbis
1131 2175 76 53 &
1146 2175 106 53 balsa

467 2220 92 50 mo:
519 2220 92 50 vel
572 2220 92 50 pro
625 2220 92 50 his
677 2220 158 50 omnibus:
796 2220 105 50 vnum
861 2220 105 50 enim
927 2220 132 50 dandum
1019 2220 105 50 est.
1085 2220 79 50 Et
1124 2220 118 50 iuxta
1190 2220 66 50 il-

468 2266 78 51 la
507 2266 104 51 quae
572 2266 104 51 dixi
638 2266 78 51 in
677 2266 78 51 de
716 2266 170 51 baptismo,
846 2266 144 51 dicitur
951 2266 104 51 quod
1016 2266 91 51 est
1068 2266 117 51 oleum
1147 2266 65 51 &
1160 2266 78 51 bal-

465 2315 154 46 samum.
572 2315 92 46 Et
619 2315 108 46 sic
680 2315 216 46 definitur.
880 2315 231 46 Confirmatio
1065 2315 108 46 est
1111 2315 139 46 chrisma

473 2353 246 51 sanctificatum
675 2353 159 51 positum
791 2353 87 51 in
834 2353 145 51 fronte
935 2353 130 51 signo
1022 2353 159 51 crucis,
1137 2353 87 51 ab
1166 2353 87 51 epi-

473 2401 144 45 scopo
569 2401 160 45 vtente
681 2401 144 45 forma
777 2401 160 45 debita
888 2401 80 45 &
920 2401 240 45 intentionem
1096 2401 144 45 habente

480 2444 157 54 faciendi
598 2444 105 54 quod
663 2444 157 54 ecclesia
781 2444 157 54 intendit
898 2444 157 54 respectu
1016 2444 170 54 generati:
1146 2444 78 54 si
1173 2444 78 54 vsus

479 2485 146 53 fuisset
585 2485 159 53 ratione,
704 2485 120 53 semel
784 2485 239 53 consentientis,
983 2485 66 53 &
1010 2485 93 53 non
1063 2485 133 53 postea
1143 2485 106 53 dissen

476 2531 164 49 tientis:
599 2531 96 49 vel
654 2531 150 49 nunquam
763 2531 164 49 rationem
886 2531 178 49 habentis.
1023 2531 96 49 Vel
1077 2531 96 49 sic
1132 2531 68 49 &
1146 2531 109 49 melius

479 2574 182 57 innitendo
619 2574 182 57 breuitati
759 2574 84 57 in
801 2574 266 57 definitionibus.
1025 2574 210 57 Confirmatio
1179 2574 70 57 est

470 2621 171 53 chrisma
595 2621 280 53 sanctificatum:
828 2621 109 53 quo
890 2621 202 53 episcopus
1045 2621 171 53 inungit
1154 2621 93 53 rege

476 2665 172 53 neratum
602 2665 94 53 in
649 2665 172 53 fronte:
774 2665 94 53 ad
821 2665 141 53 cuius
915 2665 250 53 inuocationem
1118 2665 125 53 deus
1181 2665 78 53 dat

481 2711 125 44 robur
564 2711 194 44 accipienti
717 2711 194 44 sustinendi
870 2711 83 44 in
911 2711 153 44 publico
1022 2711 139 44 fidem.
1119 2711 97 44 Non
1161 2711 83 44 curo

473 2757 82 52 an
514 2757 110 52 haec
583 2757 178 52 definitio
720 2757 205 52 conuertatur
884 2757 96 52 cum
939 2757 164 52 definito
1062 2757 96 52 pro
1117 2757 110 52 omni
1172 2757 68 52 tem

464 2805 140 58 pore.
558 2805 172 58 Ponitur
683 2805 187 58 chrisma:
823 2805 109 58 non
885 2805 140 58 genus
979 2805 109 58 sed
1041 2805 125 58 loco
1104 2805 140 58 generis

1293 388 88 61 vt
1337 388 175 61 videatur
1468 388 117 61 quae
1541 388 102 61 res
1600 388 102 61 sit
1658 388 233 61 confirmatio.
1848 388 175 61 reliquae
1964 388 117 61 parti-

1289 444 119 57 culae
1368 444 105 57 sunt
1434 444 211 57 differentiae
1605 444 237 57 accidentariae.
1803 444 105 57 deus
1868 444 119 57 autem
1934 444 132 57 quamquam

1283 487 110 45 dat
1346 487 158 45 robur:
1457 487 142 45 talis
1551 487 142 45 tamen
1646 487 221 45 roboratus:
1820 487 95 45 ex
1867 487 189 45 socordia
1993 487 79 45 po-

1285 539 123 52 test
1362 539 231 52 succumbere.
1546 539 108 52 sed
1608 539 154 52 citius
1715 539 231 52 confirmatus
1900 539 154 52 potest
1992 539 77 52 re-

1286 576 159 51 sistere
1401 576 116 51 quam
1474 576 101 51 non
1531 576 231 51 confirmatus:
1719 576 116 51 quia
1792 576 174 51 auxilium
1922 576 145 51 habet.
2009 576 72 51 Po-

1288 631 133 46 nitur
1377 631 266 46 sanctificatum:
1599 631 118 46 quia
1673 631 163 46 materia
1791 631 118 46 quae
1865 631 133 46 habet
1939 631 133 46 specia-

1290 664 102 48 lem
1349 664 190 48 ministrum
1495 664 102 48 est
1554 664 205 48 benedicta,
1715 664 88 48 vt
1759 664 117 48 hic,
1832 664 88 48 in
1876 664 161 48 ordine,
1993 664 88 48 in
2022 664 59 48 ex

1283 710 145 53 trema
1380 710 210 53 vnctione,
1541 710 81 53 &
1573 710 242 53 poenitentia
1767 710 113 53 quo
1832 710 97 53 ad
1864 710 210 53 sacerdotem:

1290 754 77 59 &
1320 754 169 59 materia
1444 754 92 59 in
1490 754 216 59 sacramento
1659 754 246 59 eucharistiae
1859 754 108 59 est
1906 754 169 59 benedicta

1294 797 92 53 ob
1340 797 214 53 contentum.
1507 797 107 53 sed
1568 797 107 53 hoc
1629 797 107 53 non
1690 797 214 53 requiritur
1858 797 92 53 in
1904 797 183 53 baptismo
2026 797 46 53 &

1289 843 237 49 matrimonio:
1479 843 110 49 vbi
1542 843 142 49 laici
1636 843 79 49 &
1668 843 221 49 presbyteri
1841 843 126 49 sunt
1904 843 174 49 ministri.

1298 888 149 55 lstud
1398 888 249 55 sacramentum
1597 888 116 55 est
1663 888 100 55 de
1713 888 216 55 praecepto
1879 888 166 55 quando
1978 888 100 55 homo

1297 933 105 48 est
1357 933 90 48 in
1402 933 180 48 periculo
1536 933 269 48 persecutionis:
1761 933 75 48 &
1791 933 150 48 potest
1895 933 150 48 haberi
1985 933 90 48 mini

1292 977 122 50 ster:
1374 977 108 50 quia
1441 977 163 50 effectus
1563 977 95 50 est
1618 977 217 50 necessarius:
1794 977 108 50 puta
1861 977 176 50 confiteri
1983 977 95 50 fidem

1300 1021 88 46 in
1344 1021 177 46 publico:
1477 1021 74 46 &
1507 1021 88 46 ad
1551 1021 103 46 hoc
1610 1021 206 46 opitulatur
1772 1021 236 46 confirmatio.
1948 1021 133 46 igitur.

1295 1069 69 51 &
1323 1069 97 51 hoc
1378 1069 83 51 si
1420 1069 111 51 illi
1489 1069 222 51 constiterit.
1669 1069 152 51 Possunt
1780 1069 125 51 fieri
1863 1069 152 51 similes
1960 1069 111 51 ratio-

1300 1112 107 53 nes
1361 1112 153 53 contra
1468 1112 123 53 hanc
1545 1112 184 53 materiam
1683 1112 138 53 sicut
1775 1112 153 53 contra
1882 1112 214 53 baptismum:
2035 1112 46 53 &

1298 1162 155 47 petunt
1407 1162 155 47 easdem
1516 1162 233 47 solutiones.
1702 1162 202 47 propterea
1857 1162 140 47 inane
1950 1162 109 47 est
1996 1162 78 47 re-

1303 1199 179 53 censere.
1437 1199 134 53 Forma
1527 1199 134 53 huius
1616 1199 209 53 sacramenti
1780 1199 119 53 est.
1854 1199 134 53 signo
1944 1199 104 53 vel
1989 1199 89 53 con-

1305 1242 133 50 signo
1394 1242 89 50 te
1438 1242 133 50 signo
1527 1242 163 50 sanctae
1646 1242 148 50 crucis
1749 1242 89 50 in
1794 1242 148 50 nomine
1897 1242 148 50 patris
2001 1242 74 50 &
2016 1242 59 50 fi

1299 1288 105 57 lii
1359 1288 75 57 &
1389 1288 180 57 spiritus
1525 1288 150 57 sancti
1630 1288 135 57 Amen.
1720 1288 135 57 Tales
1810 1288 135 57 autem
1885 1288 196 57 propositio-

1299 1333 112 48 nes
1363 1333 128 48 sunt
1443 1333 255 48 concedendae:
1650 1333 239 48 Sacramentum
1826 1333 255 48 confirmationis

1303 1375 122 55 fuit
1379 1375 91 55 in
1424 1375 152 55 pyxide
1531 1375 198 55 episcopi.
1683 1375 182 55 ponderat
1820 1375 122 55 vnam
1896 1375 167 55 libram.
2002 1375 76 55 sa-

1298 1422 205 50 cramentum
1456 1422 284 50 confirmationis
1693 1422 158 50 creuit
1803 1422 95 50 in
1850 1422 158 50 horto,
1961 1422 110 50 nec
2008 1422 79 50 hoc

1301 1465 109 57 est
1364 1465 140 57 magis
1457 1465 187 57 absonum:
1597 1465 125 57 quam
1675 1465 140 57 illud
1769 1465 202 57 concedere
1924 1465 93 57 in
1955 1465 125 57 funda-

1302 1517 133 50 mento
1391 1517 148 50 illius
1495 1517 222 50 relationis.
1672 1517 222 50 Confirmatio
1850 1517 104 50 est
1909 1517 104 50 res
1969 1517 148 50 perma-

1310 1555 144 49 nens.
1406 1555 144 49 tamen
1502 1555 112 49 non
1567 1555 112 49 ita
1631 1555 112 49 diu
1695 1555 144 49 manet
1791 1555 241 49 confirmatio
1968 1555 112 49 sicut

1312 1602 175 53 chrisma.
1443 1602 146 53 Patet:
1545 1602 116 53 quia
1618 1602 131 53 illud
1706 1602 160 53 chrisma
1822 1602 102 53 non
1880 1602 102 53 est
1924 1602 160 53 confirma-

1304 1642 101 58 tio
1361 1642 115 58 nisi
1433 1642 158 58 tempore
1548 1642 216 58 prolationis
1721 1642 187 58 verborum:
1865 1642 86 58 vt
1908 1642 115 58 ante
1966 1642 115 58 dictum

1303 1693 108 47 est
1364 1693 92 47 de
1410 1693 200 47 baptismo:
1564 1693 123 47 quia
1641 1693 215 47 deficiente
1810 1693 246 47 connotatione
1995 1693 92 47 ter-

1303 1728 122 56 mini
1379 1728 198 56 positiui:
1532 1728 168 56 deficit
1654 1728 122 56 eius
1730 1728 214 56 suppositio
1898 1728 183 56 mediante
2020 1728 61 56 co

1296 1777 119 54 pula
1371 1777 90 54 de
1415 1777 209 54 praesenti:
1580 1777 134 54 sicut
1669 1777 179 54 scribens
1803 1777 179 54 supponit
1938 1777 104 54 pro
1983 1777 104 54 homi-

1306 1825 90 51 ne
1351 1825 105 51 sed
1411 1825 105 51 non
1471 1825 165 51 semper.
1591 1825 165 51 Materia
1711 1825 135 51 autem
1801 1825 210 51 chrismatis
1966 1825 105 51 est
2011 1825 60 51 bo

1299 1868 96 52 na
1347 1868 80 52 &
1379 1868 192 52 congrua:
1523 1868 128 52 quia
1603 1868 240 52 confirmatus
1796 1868 144 52 debet
1892 1868 160 52 habere
1988 1868 96 52 mun-

1312 1909 142 48 ditiam
1411 1909 71 48 /
1440 1909 213 48 charitatem:
1611 1909 71 48 &
1639 1909 128 48 bonam
1724 1909 142 48 famam:
1824 1909 85 48 vt
1867 1909 114 48 bene
1924 1909 156 48 roberetur

1303 1955 87 48 in
1347 1955 131 48 fide.
1434 1955 131 48 Oleum
1521 1955 131 48 autem
1608 1955 102 48 est
1666 1955 145 48 liquor
1768 1955 145 48 multum
1869 1955 131 48 leuis
1956 1955 73 48 &
1971 1955 116 48 ascen-

1312 1998 114 56 dit.
1383 1998 142 56 testes
1482 1998 114 56 sunt
1553 1998 170 56 pauperes
1681 1998 184 56 studentes
1823 1998 184 56 Parisiis.
1964 1998 99 56 qui
2007 1998 71 56 con

1296 2041 178 58 sumpto
1421 2041 143 58 oleo
1510 2041 107 58 in
1563 2041 196 58 lampade
1706 2041 178 58 quando
1831 2041 160 58 ferme
1920 2041 160 58 candela

1311 2087 247 46 extinguitur
1508 2087 214 46 infundunt
1673 2087 165 46 aquam:
1788 2087 99 46 vt
1837 2087 148 46 oleum
1919 2087 165 46 superna-

1303 2135 134 50 tet:
1387 2135 83 50 &
1420 2135 200 50 copiosum
1570 2135 150 50 lumen
1671 2135 200 50 habeant:
1821 2135 150 50 iuxta
1904 2135 184 50 parabolam

1309 2176 199 46 Matthaei.
1462 2176 123 46 xxv.
1538 2176 199 46 Prudentes
1692 2176 184 46 virgines
1830 2176 214 46 acceperunt
1983 2176 107 46 oleum

1310 2219 97 53 in
1358 2219 146 53 vasis
1456 2219 130 53 suis
1537 2219 114 53 cum
1602 2219 244 53 lampadibus.
1797 2219 195 53 Balsamum
1943 2219 130 53 vero
2008 2219 81 53 est

1300 2264 133 46 boni
1384 2264 183 46 odoris.
1517 2264 117 46 sic
1583 2264 250 46 confirmatus
1783 2264 150 46 bonae
1883 2264 150 46 famae
1966 2264 117 46 debet

1309 2309 125 48 esse:
1393 2309 70 48 &
1420 2309 97 48 non
1476 2309 153 48 foetere
1588 2309 139 48 vitiis
1685 2309 84 48 in
1727 2309 139 48 oculis
1824 2309 167 48 aliorum:
1950 2309 125 48 iuxta
2019 2309 70 48 il-

1310 2352 110 52 lud
1373 2352 188 52 secundae
1514 2352 94 52 ad
1561 2352 204 52 Corinthi.
1718 2352 110 52 xi.
1780 2352 172 52 Curisti
1906 2352 141 52 bonus
1984 2352 94 52 odor

1312 2398 154 51 sumus.
1420 2398 93 51 Et
1466 2398 139 51 sicut
1559 2398 170 51 pugiles
1682 2398 216 51 inunguntur
1852 2398 93 51 vt
1899 2398 185 51 facilius
2022 2398 62 51 re

1317 2444 175 45 sistant
1444 2444 191 45 inimico:
1588 2444 111 45 sic
1651 2444 255 45 confirmandi.
1858 2444 175 45 Chrisma
1970 2444 111 45 autem

1314 2484 169 56 ponitur
1436 2484 92 56 in
1482 2484 169 56 fronte:
1605 2484 92 56 vt
1651 2484 92 56 ab
1697 2484 215 56 accipiente
1865 2484 138 56 fides
1942 2484 138 56 Christi

1316 2537 242 45 praedicetur
1509 2537 129 45 sine
1590 2537 274 45 erubescentia.
1815 2537 97 45 De
1847 2537 242 45 consecratione

1308 2577 165 53 distin.
1428 2577 90 53 v.
1473 2577 211 53 Nouissime.
1639 2577 75 53 &
1669 2577 135 53 capio
1759 2577 211 53 praedicare
1925 2577 105 53 pro
1970 2577 120 53 tueri:

1311 2623 118 52 quod
1385 2623 178 52 foeminis
1518 2623 133 52 sicut
1607 2623 192 52 praelatis
1755 2623 133 52 iuxta
1844 2623 222 52 capacitatem
2007 2623 74 52 con

1312 2665 153 55 uenit:
1419 2665 122 55 quae
1495 2665 259 55 confirmantur:
1709 2665 137 55 licet
1800 2665 183 55 secundum
1922 2665 168 55 doctrinam

1310 2709 194 54 apostoli.
1459 2709 90 54 i.
1504 2709 90 54 ad
1549 2709 164 54 Timoth.
1669 2709 90 54 ii
1713 2709 105 54 non
1773 2709 149 54 debent
1878 2709 149 54 docere
1982 2709 90 54 in
2012 2709 75 54 pu-

1310 2756 160 55 blico.
1422 2756 96 55 Et
1470 2756 240 55 quemadmodum
1662 2756 176 55 triplex
1790 2756 128 55 erat
1870 2756 160 55 status
1966 2756 112 55 eorum

1311 2799 103 65 qui
1370 2799 265 65 ingrediebantur
1591 2799 147 65 terram
1694 2799 250 65 promissionis:
1901 2799 177 65 scilicet
2018 2799 74 65 in
