2280 3292
239 307 189 73 nouacula
381 307 236 73 vniformiter
569 307 126 73 mota
648 307 141 73 sicut
742 307 94 73 b.
789 307 110 73 per
852 307 141 73 totam
946 307 110 73 ho-

241 365 97 52 ram
297 365 223 52 praeteritam:
478 365 125 52 simus
561 365 97 52 nos
617 365 84 52 in
659 365 111 52 fine
728 365 139 52 horae:
826 365 70 52 &
854 365 111 52 tunc
910 365 97 52 primo

241 409 83 52 c,
283 409 97 52 non
338 409 111 52 sit.
408 409 181 52 quaeritur
547 409 83 52 an
588 409 139 52 medium
686 409 167 52 complete
811 409 97 52 sit
866 409 153 52 diuisum
963 409 42 52 a

242 455 93 52 c.
288 455 201 52 nouacula:
442 455 93 52 an
488 455 170 52 aliquid
612 455 185 52 remaneat
751 455 231 52 diuidendum,
936 455 108 52 non

230 496 200 56 secundum:
384 496 123 56 quia
461 496 123 56 vnum
538 496 154 56 mobile
646 496 170 56 obtusum
769 496 154 56 nullam
862 496 154 56 reperiet

231 542 219 47 resistentia
407 542 88 47 in
451 542 132 47 medio
538 542 117 47 quod
611 542 190 47 diuidebat
758 542 88 47 c.
801 542 190 47 nouacula.
933 542 73 47 nam

226 577 86 56 si
269 577 158 56 aliquam
384 577 202 56 reperiret:
542 577 158 56 dabitur
657 577 187 56 longitudo
801 577 115 56 sine
859 577 144 56 latitudi

234 629 90 50 ne
279 629 75 50 &
309 629 241 50 profunditate
505 629 90 50 in
550 629 211 50 substantia
716 629 196 50 corporea.
866 629 90 50 Si
897 629 105 50 conce

234 667 107 60 das
295 667 137 60 totum
386 667 152 60 medium
493 667 122 60 esse
569 667 167 60 diuisum
691 667 76 60 a
721 667 91 60 c.
767 667 198 60 nouacula:
904 667 91 60 quia

232 720 198 45 medietates
387 720 198 45 separantur
542 720 71 45 a
571 720 183 45 seinuicem
712 720 71 45 /
740 720 71 45 &
768 720 113 45 sunt
839 720 85 45 in
867 720 127 45 instant

226 763 205 49 terminante
388 763 147 49 horam,
490 763 117 49 quod
564 763 191 49 sufficit:
711 763 176 49 Obiicio.
843 763 103 49 hoc
887 763 117 49 medium

228 811 105 51 est
288 811 180 51 complete
423 811 180 51 diuisum:
558 811 120 51 ergo
632 811 90 51 ab
677 811 150 51 aliquo
782 811 150 51 agente
887 811 105 51 est
932 811 75 51 com

231 848 128 52 plete
316 848 171 52 diuisum,
444 848 100 52 non
501 848 71 52 a
530 848 85 52 c.
573 848 100 52 cum
630 848 85 52 in
672 848 171 52 instanti
801 848 199 52 terminante
943 848 57 52 ho

225 898 102 54 ram
284 898 102 54 non
342 898 117 54 sit.
416 898 161 54 Similis
533 898 176 54 obiectio
664 898 146 54 potest
767 898 132 54 fieri
855 898 88 54 de
884 898 117 54 calefa

235 934 127 65 ctiuo
320 934 113 65 quod
390 934 170 65 producit
518 934 198 65 successiue
673 934 155 65 calorem
786 934 99 65 vtr
843 934 170 65 quatuor:
956 934 42 65 &

219 975 91 64 in
264 975 183 64 instanti
401 975 107 64 quo
462 975 137 64 calor
554 975 91 64 vt
599 975 167 64 quatuor
721 975 137 64 primo
812 975 122 64 est:
873 975 122 64 calefa

231 1020 137 60 ctiuum
327 1020 96 60 non
382 1020 110 60 est:
451 1020 96 60 iam
506 1020 124 60 calor
589 1020 82 60 vt
630 1020 151 60 quatuor
740 1020 96 60 est
795 1020 179 60 productus
918 1020 69 60 com

245 1068 138 51 plete.
342 1068 151 51 petatur
452 1068 151 51 quomodo
562 1068 165 51 complete
685 1068 96 51 sit
740 1068 193 51 productus.
892 1068 83 51 Si
919 1068 69 51 ibi

227 1117 228 51 tergiuerseris
414 1117 107 51 quod
481 1117 121 51 calor
562 1117 121 51 prope
642 1117 121 51 agens
723 1117 161 51 producit
843 1117 107 51 vnum
897 1117 94 51 alium

227 1157 163 60 calorem:
350 1157 68 60 &
377 1157 163 60 secundus
499 1157 122 60 calor
581 1157 163 60 producit
703 1157 163 60 tertium,
825 1157 68 60 &
852 1157 95 60 sic
893 1157 95 60 conse

215 1203 174 53 quenter:
345 1203 174 53 capiatur
475 1203 116 53 vnum
548 1203 232 53 albefactiuum
736 1203 101 53 vbi
794 1203 174 53 effectus
925 1203 101 53 non

225 1252 195 57 coadiuuat
375 1252 150 57 causam
480 1252 90 57 ad
525 1252 225 57 producendum
705 1252 180 57 reliquum
825 1252 165 57 effectum.

224 1288 211 65 Respondetur.
395 1288 158 65 sufficit
514 1288 105 65 quod
579 1288 158 65 effectus
698 1288 92 65 sit
751 1288 79 65 in
790 1288 158 65 instanti
896 1288 105 65 termi-

231 1333 121 58 nante
311 1333 148 58 tempus:
419 1333 108 58 quia
486 1333 94 58 non
540 1333 189 58 requiritur
688 1333 189 58 existentia
836 1333 135 58 ipsius
917 1333 81 58 agen

224 1375 107 68 tis.
291 1375 67 68 &
317 1375 187 68 conceditur
465 1375 107 68 quod
531 1375 120 68 illud
612 1375 134 68 medium
706 1375 94 68 est
759 1375 147 68 diuisum
853 1375 147 68 complete:

221 1423 65 66 &
247 1423 78 66 c.
286 1423 117 66 ipsum
364 1423 182 66 diuidebat.
508 1423 91 66 Non
560 1423 117 66 tamen
638 1423 156 66 sequitur
755 1423 104 66 quod
821 1423 130 66 vnquam
899 1423 91 66 Plato

218 1465 164 74 habebit
338 1465 194 74 albedinem
487 1465 90 74 vt
532 1465 164 74 quatuor
651 1465 239 74 informatiue:
846 1465 105 74 vel
890 1465 90 74 quod

217 1509 156 67 habeat
327 1509 172 67 meritum
451 1509 109 67 vel
514 1509 203 67 demeritum
670 1509 94 67 vt
716 1509 187 67 quatuor:
857 1509 109 67 sed
903 1509 94 67 eius

213 1553 160 80 anima
320 1553 196 80 meritum
463 1553 107 80 vt
516 1553 196 80 quatuor
641 1553 178 80 habebit.

260 1633 367 95 Distinctionis
540 1633 453 95 Quadragesimaesextae

381 1697 289 85 Quaestio
574 1697 241 85 Secunda.

528 1785 254 85 Ecundo
705 1785 279 85 probare
883 1785 101 85 co

549 1850 167 66 nabimur
670 1850 121 66 quod
746 1850 121 66 deus
807 1850 182 66 inaequali-

552 1899 87 64 ter
601 1899 161 64 merentes,
725 1899 173 64 aequaliter
849 1899 136 64 praemiet.

539 1944 113 62 Pro
604 1944 113 62 quo
668 1944 178 62 ponatur
798 1944 129 62 quod
879 1944 97 62 in
911 1944 81 62 hoc

537 1985 179 59 instanti
671 1985 149 59 Sortes
775 1985 179 59 incipiat
895 1985 89 59 mere

521 2033 95 61 lri
576 2033 95 61 per
630 2033 190 61 remotionem
780 2033 82 61 de
821 2033 177 61 praesenti
943 2033 41 61 &

498 2063 249 68 ulpositionem
700 2063 93 68 de
747 2063 171 68 futuro:
871 2063 78 68 &
887 2063 93 68 Pla-

200 2121 93 53 to
247 2121 202 53 immediate
403 2121 125 53 post
481 2121 156 53 Sortem
590 2121 187 53 incipiat
730 2121 171 53 mereri:
854 2121 78 53 &
870 2121 109 53 conti

212 2165 112 56 nuo
276 2165 208 56 mereantur
436 2165 240 56 vniformiter
628 2165 112 56 per
692 2165 128 56 vnam
772 2165 144 56 horam
852 2165 128 56 dempto

216 2206 199 58 principio
369 2206 183 58 merendi:
506 2206 183 58 decedant
644 2206 92 58 in
690 2206 122 58 fine
766 2206 153 58 horae.
858 2206 122 58 Deinde

208 2255 105 59 sic
268 2255 196 59 arguitur.
419 2255 151 59 Sortes
524 2255 75 59 &
554 2255 136 59 Plato
645 2255 241 59 inaequaliter
825 2255 151 59 merentur

203 2299 124 63 quia
281 2299 155 63 Sortes
390 2299 171 63 incipit
514 2299 155 63 mereri
623 2299 124 63 ante
700 2299 186 63 Platonem
840 2299 93 63 ex
871 2299 109 63 hypo-

207 2344 126 51 thesi:
296 2344 63 51 &
321 2344 113 51 tamen
396 2344 176 51 aequaliter
535 2344 227 51 praemiabuntur.
724 2344 101 51 Quod
787 2344 164 51 probatur:
900 2344 76 51 quia

202 2384 88 59 si
246 2384 249 59 inaequaliter:
451 2384 102 59 hoc
510 2384 102 59 est
568 2384 161 59 propter
685 2384 176 59 excessum
817 2384 146 59 meriti
905 2384 73 59 Sor

196 2429 102 62 tis
255 2429 131 62 super
342 2429 160 62 meritum
458 2429 189 62 Platonis.
603 2429 102 62 sed
661 2429 102 62 hoc
719 2429 116 62 non:
791 2429 116 62 quia
864 2429 87 62 si
893 2429 87 62 Sor-

206 2474 115 63 tes
271 2474 198 63 mereatur
420 2474 132 63 pure
502 2474 231 63 successiue
683 2474 115 63 cum
749 2474 198 63 Platone:
881 2474 99 63 ambo

202 2516 188 68 incipiunt
346 2516 145 68 mereri
448 2516 101 68 per
506 2516 116 68 idem
578 2516 159 68 instans
694 2516 87 68 in
737 2516 101 68 quo
795 2516 145 68 sumus.
882 2516 87 68 ldem

197 2564 113 59 est
261 2564 97 59 si
310 2564 161 59 subito
423 2564 226 59 mereantur.
600 2564 145 59 Forte
697 2564 145 59 negas
794 2564 129 59 vnum
858 2564 113 59 posse

195 2607 156 66 mereri
304 2607 124 66 post
382 2607 140 66 alium
506 2607 109 66 Sed
569 2607 187 66 quaestio
709 2607 202 66 proposita
849 2607 124 66 depen-

205 2644 105 62 det
265 2644 90 62 ex
310 2644 135 62 illo:
400 2644 90 62 an
444 2644 120 62 vnus
519 2644 165 62 angelus
639 2644 150 62 possit
744 2644 194 62 immediate
878 2644 90 62 post

192 2696 137 81 alium
283 2696 183 81 produci,
420 2696 122 81 quod
496 2696 183 81 tangitur
633 2696 91 81 ab
679 2696 198 81 aliquibus
816 2696 152 81 doctori

1068 314 118 67 bus.
1142 314 148 67 Primum
1245 314 133 67 illud
1334 314 207 67 aperiemus,
1496 314 118 67 quia
1570 314 118 67 erit
1644 314 133 67 scala
1717 314 133 67 dissol-

1073 362 159 55 uendae
1184 362 238 55 quaestionis
1375 362 238 55 propositae.
1566 362 159 55 postea
1677 362 95 55 ad
1709 362 143 55 argumen

1072 410 122 53 tum
1141 410 280 53 descendemus.
1369 410 175 53 Ocltam
1491 410 227 53 existimat
1649 410 192 53 implicare

1082 452 286 69 contradictionem
1323 452 120 69 vnam
1398 452 105 69 rem
1458 452 135 69 posse
1548 452 165 69 produci
1653 452 196 69 impartibili

1078 503 107 50 ter
1139 503 122 50 post
1215 503 152 50 aliam.
1322 503 76 50 &
1352 503 198 50 propterea
1505 503 137 50 negat
1596 503 152 50 beatam
1688 503 152 50 virginem

1065 549 137 48 posse
1156 549 137 48 stare
1247 549 91 48 in
1293 549 167 48 peccato
1414 549 197 48 originali
1566 549 106 48 per
1626 549 121 48 vnum
1687 549 152 48 instans:

1068 588 80 52 &
1100 588 209 52 immediate
1260 588 128 52 post
1341 588 144 52 illud
1437 588 176 52 gratiam
1565 588 144 52 posse
1662 588 193 52 infundi,
1790 588 48 52 &

1068 639 178 54 peccatum
1202 639 149 54 dilui,
1306 639 89 54 si
1351 639 149 54 gratia
1455 639 149 54 raptim
1559 639 223 54 infundatur.
1737 639 104 54 hoc
1782 639 59 54 te

1061 684 114 52 net
1126 684 98 52 in
1175 684 261 52 Quodlibetis.
1387 684 212 52 Gregorius
1550 684 147 52 autem
1631 684 212 52 Ariminensis

1067 722 204 54 opinatur
1220 722 221 54 possibile
1390 722 136 54 vnum
1475 722 187 54 angelum
1611 722 153 54 posse
1696 722 153 54 produci

1064 767 114 50 post
1135 767 128 50 alium
1220 767 199 50 immediate:
1376 767 99 50 sed
1433 767 85 50 no
1476 767 114 50 esse
1547 767 185 50 possibile
1689 767 114 50 quod
1746 767 85 50 tres

1070 817 215 42 producantur
1242 817 115 42 post
1314 817 86 42 se
1357 817 172 42 inuicem.
1486 817 101 42 sic
1544 817 172 42 opinatus
1673 817 101 42 est
1730 817 86 42 in
1759 817 72 42 suo

1069 857 153 49 primo.
1176 857 168 49 Volumus
1298 857 168 49 probare
1421 857 122 49 duas
1497 857 245 49 conclusiones
1696 857 153 49 contra
1788 857 61 49 di

1068 899 94 56 cta
1121 899 134 56 eorum.
1242 899 121 56 Prior
1323 899 175 56 conclusio
1457 899 108 56 est.
1525 899 175 56 possibile
1659 899 94 56 est
1713 899 94 56 deo
1753 899 81 56 pro-

1061 942 161 53 ducere
1173 942 129 53 vnum
1254 942 177 53 angelum
1382 942 129 53 post
1463 942 145 53 alium
1559 942 225 53 immediate:
1736 942 80 53 &
1752 942 80 53 per

1054 991 232 50 consequens
1237 991 116 50 non
1303 991 199 50 implicat
1452 991 315 50 contradictionem
1700 991 133 50 beatam

1062 1035 178 50 virginem
1195 1035 178 50 stetisse
1329 1035 89 50 in
1373 1035 163 50 peccato
1492 1035 192 50 originali
1640 1035 104 50 per
1699 1035 118 50 vnum
1773 1035 89 50 in

1056 1075 154 50 stans,
1163 1075 77 50 &
1194 1075 169 50 gratiam
1317 1075 92 50 ei
1363 1075 169 50 infundi
1486 1075 169 50 subito.
1640 1075 169 50 Secunda
1748 1075 92 50 con-

1059 1119 165 59 clusio.
1179 1119 120 59 deus
1254 1119 150 59 potest
1359 1119 120 59 tres
1434 1119 165 59 angelos
1555 1119 195 59 producere
1705 1119 120 59 post
1765 1119 60 59 se

1053 1161 185 59 inuicem.
1222 1161 139 59 Prior
1315 1161 200 59 conclusio
1469 1161 200 59 probatur.
1623 1161 185 59 producat
1746 1161 93 59 deus

1049 1205 97 57 in
1097 1205 113 57 hoc
1162 1205 193 57 instanti
1307 1205 161 57 corpus
1419 1205 225 57 luminosum,
1596 1205 129 57 quod
1677 1205 145 57 ponat
1774 1205 97 57 in

1061 1257 146 52 medio
1158 1257 130 52 bene
1240 1257 211 52 disposito
1402 1257 98 52 ad
1451 1257 244 52 susceptione
1646 1257 195 52 luminis:
1776 1257 49 52 &

1057 1300 105 61 non
1117 1300 195 61 concutrat
1267 1300 120 61 deus
1342 1300 105 61 cum
1402 1300 120 61 sole
1478 1300 90 61 in
1523 1300 105 61 hoc
1583 1300 180 61 instanti
1718 1300 90 61 ad
1748 1300 75 61 pro

1050 1340 203 64 ductionem
1207 1340 188 64 luminis,
1347 1340 109 64 sed
1410 1340 203 64 immediate
1566 1340 125 64 post
1644 1340 109 64 hoc
1691 1340 141 64 instans

1054 1391 210 64 concurrat:
1219 1391 120 64 tunc
1294 1391 120 64 ante
1369 1391 195 64 quodlibet
1520 1391 165 64 instans
1640 1391 165 64 sequens
1745 1391 75 64 pro

1049 1433 193 56 ducetur
1189 1433 193 56 lument&
1329 1433 123 56 hoc
1399 1433 193 56 subito.
1539 1433 245 56 supponimus
1714 1433 123 56 autem

1054 1483 192 51 creaturam
1202 1483 133 51 posse
1290 1483 148 51 habere
1394 1483 177 51 actionem
1526 1483 89 51 in
1571 1483 192 51 instanti.
1718 1483 103 51 nam
1762 1483 74 51 ita

1049 1519 142 60 tenet
1144 1519 158 60 doctor
1255 1519 127 60 iste
1334 1519 158 60 contra
1445 1519 127 60 quem
1524 1519 221 60 obiicimus.
1698 1519 127 60 ergo
1761 1519 63 60 im

1060 1569 165 48 mediate
1180 1569 120 48 post
1255 1569 240 48 productionem
1450 1569 180 48 corporis
1585 1569 180 48 luminosi
1720 1569 135 48 produ

1056 1609 141 51 citur
1150 1609 141 51 lumen
1244 1609 94 51 in
1291 1609 156 51 medio.
1400 1609 78 51 &
1431 1609 141 51 eodem
1525 1609 125 51 modo
1603 1609 109 51 hoc
1666 1609 156 51 fieret
1760 1609 63 51 si

1043 1654 121 55 deus
1118 1654 227 55 annihilaret
1300 1654 151 55 totale
1406 1654 136 55 lumen
1496 1654 136 55 solis
1587 1654 91 55 in
1632 1654 106 55 hoc
1678 1654 151 55 instanti

1060 1701 103 60 per
1119 1701 162 60 vltimum
1237 1701 162 60 instans
1355 1701 103 60 sui
1414 1701 133 60 esse:
1502 1701 221 60 relinquendo
1679 1701 133 60 solem
1752 1701 74 60 con

1050 1747 153 48 cursui
1157 1747 138 48 solum
1249 1747 199 48 naturali,
1402 1747 77 48 &
1433 1747 199 48 immediate
1587 1747 123 48 post
1663 1747 107 48 hoc
1709 1747 123 48 concur

1049 1786 129 62 rendo
1135 1786 100 62 cum
1192 1786 129 62 sole.
1278 1786 115 62 ergo
1349 1786 86 62 si
1392 1786 129 62 agens
1478 1786 172 62 naturale
1607 1786 100 62 hoc
1664 1786 143 62 potest
1750 1786 72 62 cum

1045 1825 169 71 concursu
1172 1825 99 71 dei
1228 1825 183 71 generali:
1369 1825 70 71 a
1397 1825 169 71 fortiore
1524 1825 99 71 hoc
1580 1825 113 71 deus
1651 1825 141 71 potest
1735 1825 85 71 face

1048 1881 100 57 re.
1105 1881 157 57 Insuper
1219 1881 128 57 nihil
1304 1881 100 57 est
1361 1881 185 57 tollendum
1503 1881 71 57 a
1532 1881 171 57 potentia
1660 1881 100 57 dei
1703 1881 128 57 absolu-

1054 1925 91 56 ta
1099 1925 121 56 nisi
1175 1925 167 56 constet
1296 1925 136 56 illud
1387 1925 243 56 impossibile,
1584 1925 106 56 vel
1630 1925 197 56 auctoritate

1047 1964 259 59 irrefragabili
1260 1964 228 59 scripturae,
1443 1964 107 59 vel
1503 1964 183 59 ratione.
1640 1964 107 59 sed
1686 1964 137 59 neutrum

1041 2013 167 54 ostendi
1162 2013 167 54 potest.
1283 2013 106 54 nam
1344 2013 212 54 scripturam
1511 2013 182 54 adducere
1647 2013 106 54 non
1693 2013 136 54 potest.

1044 2053 182 60 rationes
1180 2053 136 60 etiam
1271 2053 106 60 non
1332 2053 167 60 affert,
1453 2053 106 60 nos
1514 2053 136 60 tamen
1605 2053 197 60 afferemus
1741 2053 76 60 eas

1047 2100 127 64 quae
1126 2100 143 64 nobis
1221 2100 222 64 occurrunt,
1396 2100 127 64 quae
1475 2100 143 64 omnes
1570 2100 222 64 soluentur.
1760 2100 63 64 Se

1052 2147 147 52 cunda
1149 2147 212 52 conclusio
1312 2147 212 52 probatur.
1475 2147 195 52 producat
1622 2147 130 52 deus
1703 2147 98 52 in
1736 2147 81 52 hoc

1043 2183 203 67 instanti
1196 2183 187 67 angelum
1331 2183 102 67 a.
1382 2183 220 67 immediate
1552 2183 119 67 per
1603 2183 220 67 aduersarium

1049 2236 148 58 potest
1153 2236 192 58 producere
1301 2236 163 58 angelum
1419 2236 89 58 b.
1464 2236 104 58 ita
1523 2236 118 58 quod
1597 2236 148 58 primum
1686 2236 133 58 instans

1051 2280 140 51 ingeli
1149 2280 84 51 a.
1191 2280 98 51 sit
1247 2280 154 51 vltimum
1360 2280 154 51 instans
1472 2280 98 51 non
1528 2280 112 51 esse
1598 2280 140 51 angeli
1697 2280 84 51 b.
1739 2280 70 51 &
1753 2280 70 51 non

1042 2326 105 45 est
1102 2326 135 45 maior
1192 2326 135 45 ratio
1282 2326 120 45 quod
1357 2326 150 45 potest
1463 2326 120 45 deus
1538 2326 195 45 producere
1673 2326 135 45 angelun

1042 2364 118 60 post
1116 2364 89 60 a.
1160 2364 207 60 immediate,
1323 2364 118 60 quam
1397 2364 148 60 posset
1501 2364 192 60 producere
1648 2364 89 60 c.
1678 2364 133 60 angelum

1035 2411 216 60 immediate
1201 2411 133 60 ante
1284 2411 116 60 hoc
1351 2411 199 60 instans,
1500 2411 100 60 in
1550 2411 116 60 quo
1616 2411 182 60 suppono
1732 2411 83 60 nos

1043 2450 142 66 esse.
1138 2450 126 66 ergo
1216 2450 189 66 habentur
1358 2450 126 66 tres
1437 2450 157 66 angeli
1547 2450 189 66 producti
1688 2450 126 66 post
1751 2450 63 66 se

1030 2494 196 62 inuicem
1155 2494 214 62 immediate.

1074 2544 200 106 Contra
1214 2544 220 106 priorem
1374 2544 320 106 conclusionem
1635 2544 140 106 sic
1695 2544 120 106 argu

1037 2632 176 53 mentor.
1165 2632 192 53 Secundus
1309 2632 176 53 angelus
1437 2632 96 53 in
1484 2632 144 53 nullo
1580 2632 192 53 instanti
1708 2632 112 53 imme-

1039 2663 119 66 diate
1118 2663 106 66 post
1184 2663 92 66 hoc
1237 2663 145 66 instans
1342 2663 79 66 d.
1382 2663 198 66 producitur:
1540 2663 92 66 cum
1593 2663 132 66 nullum
1685 2663 106 66 tale
1738 2663 79 66 sit.

1032 2716 117 77 nam
1099 2716 201 77 quolibet
1250 2716 201 77 instanti
1400 2716 150 77 huius
1500 2716 150 77 horae
1601 2716 134 77 dato
1684 2716 134 77 post
1751 2716 67 77 de
