2300 3304
448 314 170 73 instans
571 314 93 73 in
617 314 108 73 quo
679 314 154 73 sumus:
787 314 139 73 verum
880 314 108 73 est
942 314 170 73 dicere.
1066 314 77 73 b
1081 314 139 73 angelus

451 376 83 56 in
493 376 139 56 aliquo
590 376 167 56 instanti
715 376 139 56 priore
813 376 125 56 fuit:
896 376 111 56 ergo
966 376 209 56 conseruatur
1119 376 97 56 solum

454 420 101 55 cum
511 420 216 55 conseruatio
684 420 101 55 per
742 420 101 55 hoc
799 420 72 55 a
828 420 216 55 productione
1001 420 187 55 separetur
1131 420 86 55 quod

449 473 217 47 praesupponit
626 473 95 47 rem
680 473 203 47 praefuisse.
843 473 149 47 Insuper
951 473 81 47 si
992 473 95 47 des
1046 473 108 47 vnum
1100 473 122 47 instans

445 511 89 51 in
490 511 104 51 quo
549 511 209 51 producitur
713 511 104 51 cum
773 511 134 51 prius
862 511 149 51 fuerit
967 511 75 51 b
996 511 179 51 angelus:
1116 511 104 51 debes

449 554 141 48 dicere
548 554 113 48 quod
618 554 99 48 ego
675 554 113 48 nunc
746 554 184 48 producor,
887 554 99 48 cum
943 554 99 48 non
1000 554 141 48 obstet
1099 554 85 48 me
1127 554 99 48 prae-

457 598 146 57 fuisse
559 598 87 57 ad
603 598 102 57 nuc
661 598 175 57 produci.
792 598 73 57 ⁋
821 598 87 57 Ad
865 598 146 57 primum
967 598 116 57 dico
1040 598 116 57 quod
1113 598 102 57 b.t
1171 598 87 57 in

448 641 195 55 stantanee
598 641 210 55 producitur
763 641 330 55 syncategorematice,
1049 641 105 55 hoc
1109 641 105 55 est
1154 641 60 55 in

442 687 189 50 infinitum
588 687 189 50 propinque
734 687 87 50 d.
777 687 189 50 instanti:
923 687 73 50 &
952 687 87 50 in
996 687 131 50 nullo
1069 687 160 50 instanti-

445 727 218 63 producitur
617 727 94 63 de
664 727 140 63 nouo:
757 727 78 63 &
788 727 94 63 in
835 727 187 63 quolibet
976 727 187 63 instanti
1116 727 94 63 in
1147 727 78 63 quo

448 776 95 54 est
503 776 218 54 conseruatur.
680 776 95 54 sed
735 776 109 54 dato
803 776 109 54 quod
871 776 82 54 in
912 776 123 54 nullo
993 776 164 54 instanti
1116 776 136 54 produ-

443 821 138 53 catur,
540 821 83 53 vt
581 821 83 53 tu
623 821 138 53 capis:
720 821 152 53 habetur
830 821 83 53 in
872 821 180 53 sententia
1010 821 111 53 quod
1079 821 111 53 ante
1134 821 83 53 quod

454 867 137 49 libet
545 867 167 49 instans
667 867 167 49 futurum
788 867 122 49 post
864 867 228 49 productione
1047 867 91 49 a.
1092 867 152 49 angeli
1183 867 46 49 b

443 909 161 50 angelus
560 909 132 50 erit:
648 909 73 50 &
678 909 102 50 sic
736 909 205 50 producitur
897 909 190 50 immediate
1043 909 117 50 post
1117 909 117 50 hoc.
1175 909 44 50 &

448 955 101 53 cum
505 955 101 53 non
563 955 145 53 habeat
665 955 159 53 partes,
780 955 101 53 non
838 955 145 53 potest
940 955 203 53 successiue
1084 955 145 53 produci:

448 993 134 51 licet
537 993 134 51 anima
626 993 238 51 intellectiua
819 993 208 51 successiue
983 993 148 51 possit
1072 993 163 51 materiam-

445 1040 201 48 informare:
603 1040 72 48 &
631 1040 158 48 angelus
746 1040 230 48 partibiliter
933 1040 215 48 pertransire
1105 1040 101 48 hoc
1148 1040 72 48 spa

453 1088 113 52 tium,
529 1088 88 52 nec
579 1088 125 52 mirum:
666 1088 88 52 cum
716 1088 88 52 tam
766 1088 138 52 materia
866 1088 100 52 quam
929 1088 138 52 spatium
1029 1088 138 52 habeant
1116 1088 113 52 partes.

454 1127 75 51 &
484 1127 104 51 sic
544 1127 164 51 habemus
663 1127 224 51 propositum.
842 1127 104 51 Nec
902 1127 104 51 est
961 1127 194 51 luctandum
1111 1127 90 51 in
1140 1127 90 51 ter-

445 1171 150 54 minis.
550 1171 105 54 nam
610 1171 150 54 quidam
715 1171 150 54 doctor
820 1171 135 54 putat
910 1171 135 54 illud
1000 1171 180 54 euacuare
1120 1171 105 54 diffi

460 1219 182 52 cultatem:
600 1219 98 52 sed
656 1219 98 52 non
713 1219 126 52 satis
797 1219 211 52 considerat.
965 1219 84 52 Ex
1007 1219 98 52 hoc
1064 1219 126 52 patet
1134 1219 98 52 solu-

449 1269 116 43 tio
516 1269 99 43 ad
565 1269 215 43 secundum.
731 1269 83 43 ⁋
764 1269 182 43 Secundo
897 1269 232 43 argumentor
1079 1269 99 43 ad
1112 1269 116 43 idem.

445 1305 200 54 Producat
595 1305 133 54 deus
679 1305 100 54 b.
729 1305 183 54 angelum
862 1305 217 54 immediate
1029 1305 133 54 post
1112 1305 100 54 a.
1146 1305 83 54 vel

464 1348 141 54 potest
563 1348 183 54 producere
704 1348 85 54 e.
746 1348 155 54 angelum
859 1348 183 54 immediate
1000 1348 113 54 post
1071 1348 85 54 b.
1113 1348 99 54 vel
1155 1348 71 54 non

458 1399 87 56 si
501 1399 130 56 dicas
588 1399 159 56 primum:
703 1399 101 56 vel
761 1399 72 56 e
790 1399 202 56 producitur
949 1399 188 56 immediate
1093 1399 116 56 post
1166 1399 87 56 a.
1195 1399 43 56 &

454 1439 97 50 sic
510 1439 97 50 non
565 1439 194 50 producitur
718 1439 111 50 post
787 1439 83 50 b.
829 1439 139 50 contra
926 1439 139 50 casum.
1024 1439 83 50 Si
1065 1439 97 50 non
1107 1439 125 50 potest:

460 1481 163 56 Contra.
578 1481 148 56 potest
682 1481 192 56 producere
830 1481 177 56 secundum
963 1481 163 56 angelum
1066 1481 163 56 immediate

447 1527 115 61 post
519 1527 158 61 primum.
634 1527 101 61 sed
692 1527 202 61 existentia
850 1527 144 61 tertii
951 1527 144 61 angeli
1052 1527 101 61 non
1095 1527 144 61 impedit.

460 1569 156 54 igitur.
573 1569 170 54 Insuper,
701 1569 113 54 post
772 1569 85 54 b.
814 1569 142 54 potest
914 1569 184 54 producere
1056 1569 85 54 e.
1098 1569 71 54 &
1127 1569 99 54 non
1169 1569 71 54 est

466 1620 147 47 dabile
569 1620 162 47 instans
687 1620 118 47 post
760 1620 88 47 b.
805 1620 118 47 quin
878 1620 132 47 inter
966 1620 132 47 illud
1055 1620 162 47 instans
1172 1620 74 47 &
1187 1620 44 47 b

467 1656 136 62 possit
563 1656 177 62 producere
699 1656 82 62 e.
740 1656 150 62 igitur.
849 1656 68 62 ⁋
876 1656 218 62 Respondetur,
1053 1656 95 62 non
1108 1656 95 62 est
1149 1656 95 62 possi

462 1704 117 51 bile
536 1704 117 51 quod
609 1704 176 51 producat
740 1704 88 51 e.
784 1704 190 51 immediate
931 1704 117 51 post
1004 1704 88 51 b.
1048 1704 146 51 stante
1136 1704 102 51 produ

458 1750 159 59 ctione
570 1750 96 59 b.
617 1750 207 59 immediate
776 1750 127 59 post
856 1750 96 59 a.
904 1750 96 59 vt
951 1750 223 59 argumentum
1111 1750 127 59 tangit

455 1792 102 59 Non
514 1792 116 59 enim
586 1792 145 59 potest
688 1792 189 59 producere
834 1792 116 59 tres
906 1792 160 59 angelos
1008 1792 233 59 qualitercumque

464 1836 120 63 post
539 1836 90 63 se
584 1836 165 63 inuicem
705 1836 90 63 vt
750 1836 165 63 opinor.
870 1836 196 63 Productio
1020 1836 105 63 aut
1081 1836 150 63 tertii
1171 1836 60 63 an

460 1878 111 67 geli
529 1878 97 67 non
585 1878 97 67 est
640 1878 138 67 causa:
737 1878 83 67 vt
778 1878 124 67 patet
861 1878 83 67 ex
902 1878 193 67 probatione
1054 1878 166 67 secundae
1165 1878 69 67 con

456 1927 206 52 clusionis:
618 1927 103 52 sed
677 1927 118 52 quia
751 1927 133 52 nulla
839 1927 133 52 esset
928 1927 192 52 prioritas
1075 1927 162 52 secundi
1178 1927 59 52 ad

469 1981 151 45 tertium
579 1981 178 45 immediate
716 1981 110 45 post
785 1981 82 45 b.
826 1981 137 45 Potest
922 1981 123 45 tamen
1004 1981 178 45 producere
1141 1981 82 45 e.
1168 1981 69 45 an-

467 2025 134 47 gelum.
560 2025 94 47 sed
614 2025 94 47 non
667 2025 94 47 est
721 2025 174 47 possibile
855 2025 107 47 quod
922 2025 67 47 a
949 2025 187 47 producatur
1096 2025 80 47 in
1136 2025 94 47 hoc
1189 2025 80 47 in

466 2059 141 56 stanti
565 2059 99 56 vel
621 2059 127 56 illo:
705 2059 70 56 &
734 2059 85 56 b.
776 2059 183 56 immediate
917 2059 113 56 post
987 2059 85 56 a.
1030 2059 70 56 &
1058 2059 85 56 e.
1086 2059 155 56 immediate

481 2103 111 51 post
550 2103 83 51 b.
592 2103 83 51 vt
634 2103 180 51 possibile
772 2103 180 51 modificet
911 2103 125 51 illam
994 2103 139 51 totam.
1091 2103 97 51 Sed
1132 2103 111 51 contra

472 2147 96 51 hoc
527 2147 137 51 dicis.
623 2147 150 51 ponatur
732 2147 109 51 quod
800 2147 109 51 hora
869 2147 137 51 futura
965 2147 178 51 diuidatur
1101 2147 82 51 in
1129 2147 109 51 partes

477 2195 267 56 proportionales
700 2195 74 56 /
729 2195 193 56 minoribus
878 2195 208 56 terminatis
1041 2195 89 56 ad
1086 2195 89 56 d.
1115 2195 119 56 istans

466 2236 89 64 in
511 2236 103 64 quo
570 2236 148 64 simus:
673 2236 74 64 &
703 2236 89 64 in
747 2236 133 64 prima
835 2236 133 64 parte
924 2236 251 64 proportionali
1131 2236 148 64 produ-

467 2289 98 46 cat
523 2289 112 46 deus
593 2289 112 46 vnum
663 2289 168 46 angelum:
789 2289 84 46 in
831 2289 154 46 secunda
943 2289 140 46 alium:
1041 2289 84 46 in
1083 2289 140 46 tertia
1167 2289 70 46 ter

470 2326 118 55 tium:
549 2326 66 55 &
575 2326 92 55 sic
628 2326 92 55 per
680 2326 118 55 omnes
759 2326 132 55 partes
851 2326 237 55 proportionales
1049 2326 118 55 horae
1114 2326 132 55 futurae:

476 2370 96 53 iam
531 2370 110 53 deus
600 2370 110 53 post
669 2370 82 53 a.
710 2370 96 53 qui
765 2370 192 53 producitur
916 2370 82 53 in
957 2370 96 53 hoc
1012 2370 165 53 instanti
1136 2370 82 53 d.
1164 2370 82 53 pro-

472 2415 124 52 ducit
555 2415 110 52 duos
624 2415 110 52 post
692 2415 96 52 se.
748 2415 83 52 Et
789 2415 110 52 idem
858 2415 138 52 potest
954 2415 110 52 pont
1023 2415 83 52 si
1064 2415 83 52 b.
1105 2415 69 52 &
1133 2415 83 52 c.
1160 2415 83 52 ange

473 2465 88 49 li
517 2465 103 49 sic
576 2465 88 49 se
620 2465 162 49 habeant
738 2465 118 49 quod
811 2465 88 49 b.
855 2465 206 49 producatur
1017 2465 88 49 in
1061 2465 147 49 maxima
1149 2465 103 49 parte

474 2506 274 55 proportionali:
702 2506 91 55 in
748 2506 183 55 subdupla
885 2506 91 55 ad
930 2506 137 55 illam
1022 2506 244 55 annihiletur,
1204 2506 46 55 &

475 2555 196 55 producatur
629 2555 84 55 e.
671 2555 84 55 in
713 2555 140 55 tertia
811 2555 126 55 parte
894 2555 210 55 annihiletur
1062 2555 84 55 b.
1104 2555 70 55 &
1118 2555 126 55 recreel

479 2592 80 61 e.
519 2592 66 61 &
545 2592 93 61 sic
598 2592 93 61 per
651 2592 120 61 omnes
731 2592 133 61 partes
824 2592 239 61 proportionales
1023 2592 120 61 vnius
1103 2592 133 61 horae:
1183 2592 66 61 iam

473 2639 209 54 immediate
634 2639 129 54 post
714 2639 80 54 a
746 2639 225 54 producitur
923 2639 96 54 b.
971 2639 80 54 &
1003 2639 209 54 immediate
1148 2639 96 54 posi

477 2683 89 44 b.
522 2683 208 44 producitur
685 2683 89 44 e,
729 2683 119 44 quod
804 2683 134 44 patet
893 2683 104 44 per
952 2683 208 44 exponentes
1115 2683 89 44 de
1145 2683 104 44 (ime-

480 2730 168 65 diate).
602 2730 229 65 Respondetur
785 2730 213 65 concedendo
952 2730 137 65 illas
1028 2730 229 65 propositiones

1287 312 178 73 quinimo
1416 312 211 73 immediate
1579 312 130 73 post
1660 312 97 73 a.
1708 312 195 73 producit
1854 312 130 73 deus
1935 312 130 73 tres
2000 312 65 73 :-

1298 370 159 61 quatuor
1413 370 72 61 /
1442 370 72 61 &
1471 370 202 61 infinitos.
1629 370 202 61 Argumentum
1788 370 130 61 autem
1875 370 101 61 est
1918 370 144 61 sophisma

1296 417 117 66 quia
1370 417 88 66 be
1413 417 102 66 non
1472 417 132 66 magis
1560 417 190 66 praecedit
1706 417 88 66 e,
1750 417 117 66 quam
1823 417 161 66 contra.
1940 417 132 66 cuius
2013 417 59 66 op

1290 461 194 58 positum
1414 461 229 58 intendimus.

1285 513 102 79 ⁋
1325 513 205 79 Contra
1469 513 246 79 secundam
1653 513 327 79 conclusionem
1919 513 184 79 argu-

1287 580 179 51 mentor.
1417 580 196 51 Producat
1564 580 130 51 deus
1645 580 98 51 c.
1694 580 179 51 angelum
1825 580 212 51 immediate
1971 580 98 51 ante

1282 618 83 58 a.
1324 618 124 58 probo
1407 618 111 58 quod
1476 618 97 58 hoc
1531 618 180 58 implicet.
1669 618 97 58 iam
1724 618 83 58 in
1766 618 69 58 d
1793 618 166 58 instanti
1918 618 124 58 verum
1987 618 69 58 est

1293 663 148 54 dicere.
1400 663 81 54 c.
1440 663 148 54 angelus
1548 663 148 54 incipit
1656 663 121 54 esse,
1736 663 108 54 quia
1804 663 94 54 non
1857 663 108 54 fuit
1925 663 81 54 ab
1951 663 108 54 aeter-

1282 711 102 49 no.
1341 711 102 49 sed
1399 711 102 49 hoc
1457 711 116 49 non:
1529 711 116 49 quia
1602 711 102 49 nec
1660 711 102 49 per
1718 711 145 49 primum
1819 711 160 49 instans
1935 711 102 49 sui
1979 711 87 49 esse

1282 752 97 54 cum
1338 752 139 54 fuerit
1435 752 111 54 ante
1504 752 97 54 de.
1559 752 166 54 instans:
1684 752 97 54 nec
1739 752 97 54 per
1795 752 152 54 vltimum
1906 752 152 54 instans
2003 752 69 54 non

1283 798 123 48 esse:
1365 798 109 48 quia
1434 798 123 48 illud
1516 798 109 48 dari
1584 798 96 48 non
1639 798 150 48 potest.
1748 798 82 48 vt
1789 798 123 48 patet
1857 798 205 48 intelligenti,

1282 837 118 52 Immo
1356 837 177 52 sequitur
1489 837 118 52 quod
1563 837 89 52 c.
1608 837 163 52 angelus
1726 837 118 52 fuit
1800 837 89 52 in
1844 837 148 52 aliquo
1933 837 133 52 tempore

1289 889 68 49 &
1317 889 81 49 in
1357 889 122 49 nullo
1438 889 149 49 instati
1547 889 135 49 illius
1642 889 176 49 temporis,
1777 889 108 49 quod
1845 889 149 49 videtur
1940 889 135 49 mirabile

1289 928 65 48 &
1315 928 181 48 mirabilius
1457 928 142 48 videtur
1561 928 104 48 quod
1626 928 142 48 aliquid
1729 928 117 48 fuit,
1807 928 65 48 &
1833 928 91 48 num
1885 928 104 48 quam
1949 928 104 48 erit
2014 928 78 48 in

1284 973 136 51 aliquo
1379 973 177 51 instanti:
1515 973 95 51 nec
1570 973 109 51 fuit
1637 973 95 51 nec
1692 973 122 51 erit,
1773 973 109 51 quod
1841 973 122 51 patet
1923 973 81 51 si
1963 973 81 51 c.
1991 973 81 51 dest

1295 1017 93 49 nat
1348 1017 93 49 per
1401 1017 133 49 primum
1494 1017 146 49 instans
1600 1017 93 49 sui
1653 1017 93 49 non
1706 1017 106 49 esse
1773 1017 80 49 in
1812 1017 93 49 hoc
1866 1017 93 49 de.
1919 1017 173 49 instanti.
2038 1017 40 49 &

1297 1066 127 53 eodem
1381 1066 113 53 modo
1452 1066 70 53 b
1480 1066 155 53 angelus
1593 1066 141 53 potest
1692 1066 113 53 esse
1762 1066 70 53 /
1790 1066 70 53 &
1818 1066 85 53 in
1861 1066 127 53 nullo
1931 1066 141 53 instanti

1295 1107 126 49 esse:
1379 1107 70 49 &
1407 1107 112 49 tunc
1477 1107 154 49 petitur
1589 1107 98 49 quo
1645 1107 112 49 modo
1714 1107 196 49 praecessit
1868 1107 98 49 co.
1924 1107 70 49 &
1952 1107 98 49 ita
1994 1107 84 49 ange

1285 1149 99 50 lus
1341 1149 170 50 desinit:
1469 1149 71 50 &
1497 1149 99 50 nec
1554 1149 99 50 per
1611 1149 156 50 vltimum
1724 1149 156 50 instans
1837 1149 127 50 esse,
1922 1149 99 50 nec
1965 1149 113 50 primum

1293 1195 101 52 non
1350 1195 129 52 esse.
1436 1195 86 52 vt
1479 1195 144 52 liquet
1580 1195 86 52 de
1623 1195 86 52 c.
1666 1195 72 52 &
1695 1195 86 52 b.
1738 1195 72 52 ⁋
1766 1195 215 52 Respondetur
1924 1195 144 52 conceden

1301 1239 81 52 do
1342 1239 108 52 quod
1410 1239 81 52 c.
1450 1239 149 52 angelus
1558 1239 149 52 incipit
1666 1239 122 52 esse,
1748 1239 95 52 sed
1802 1239 95 52 per
1856 1239 135 52 nullum
1937 1239 135 52 instans:

1295 1294 101 42 nec
1352 1294 115 42 illa
1424 1294 158 42 diuisio
1539 1294 202 42 instantium
1698 1294 202 42 cuiuslibet
1856 1294 101 42 rei
1899 1294 173 42 possibilis

1291 1331 168 54 originem
1417 1331 182 54 includit:
1558 1331 112 54 quia
1628 1331 98 54 non
1684 1331 182 54 separatur
1824 1331 197 54 adaequatum
1965 1331 98 54 temps

1299 1374 90 53 non
1351 1374 193 53 existentiae
1505 1374 64 53 a
1531 1374 129 53 fronte
1621 1374 64 53 a
1647 1374 142 53 tempore
1750 1374 206 53 existentiae,
1917 1374 90 53 nam
1969 1374 77 53 in
1995 1374 77 53 hora

1297 1423 231 53 praecedente
1481 1423 92 53 c.
1527 1423 169 53 angelus
1650 1423 169 53 incepit
1773 1423 138 53 esse:
1866 1423 77 53 &
1896 1423 154 53 habuit
1989 1423 92 53 vnam

1298 1467 84 53 de
1340 1467 182 53 praesenti
1480 1467 140 53 veram:
1578 1467 84 53 vt
1620 1467 154 53 diximus
1731 1467 98 53 in.
1787 1467 112 53 xvi.
1857 1467 224 53 distinctione
2025 1467 56 53 de

1297 1514 192 49 amissione
1445 1514 177 49 gratiae.
1577 1514 103 49 sed
1636 1514 88 49 si
1680 1514 147 49 maneat
1783 1514 147 49 postea
1887 1514 74 49 /
1916 1514 88 49 d.
1945 1514 133 49 instans

1295 1553 97 56 est
1351 1553 139 56 primum
1448 1553 111 56 eius
1517 1553 111 56 esse
1586 1553 236 56 instantaneum:
1781 1553 97 56 sed
1836 1553 97 56 non
1892 1553 139 56 primum
1975 1553 97 56 sim

1295 1597 183 56 pliciter.
1436 1597 84 56 Et
1478 1597 155 56 concedo
1590 1597 113 56 hanc
1661 1597 239 56 conclusionem.
1858 1597 84 56 c.
1900 1597 155 56 angelus
1999 1597 84 56 fuit

1300 1638 85 49 in
1342 1638 99 49 hac
1399 1638 127 49 hora,
1484 1638 71 49 &
1512 1638 85 49 in
1555 1638 127 49 nullo
1639 1638 170 49 instanti
1767 1638 141 49 illius
1866 1638 198 49 intrinseco
2007 1638 71 49 vel

1302 1682 214 56 extrinseco.
1473 1682 100 56 Nec
1530 1682 157 56 desinit
1644 1682 100 56 per
1701 1682 157 56 vltimum
1815 1682 157 56 instans
1929 1682 128 56 esse:
2001 1682 71 56 sed

1293 1738 107 54 per
1354 1738 153 54 primum
1461 1738 107 54 non
1522 1738 138 54 esse.
1614 1738 107 54 hoc
1676 1738 123 54 enim
1752 1738 107 54 non
1813 1738 107 54 est
1875 1738 138 54 magis
1951 1738 138 54 inconue

1297 1773 130 58 niens
1383 1773 116 58 quam
1456 1773 87 58 de
1499 1773 203 58 inceptione
1658 1773 188 58 contingat
1803 1773 87 58 in
1846 1773 217 58 corruptione
2006 1773 72 58 for

1298 1818 95 61 mae
1353 1818 164 61 secundum
1476 1818 109 61 vnum
1544 1818 123 61 modum
1626 1818 164 61 dicendi.
1748 1818 82 61 vt
1789 1818 82 61 si
1830 1818 123 61 calor
1898 1818 191 61 partibiliter

1307 1862 196 57 producatur
1461 1862 98 57 per
1517 1862 126 57 totam
1601 1862 126 57 horam
1685 1862 224 57 praeteritam,
1867 1862 70 57 &
1895 1862 98 57 iam
1951 1862 126 57 simus
2021 1862 56 57 in

1307 1905 83 57 d.
1349 1905 181 57 instanti,
1488 1905 83 57 in
1530 1905 97 57 quo
1585 1905 139 57 frigus
1683 1905 153 57 maioris
1794 1905 209 57 actiuitatis
1961 1905 111 57 quam
2016 1905 70 57 ca-

1311 1952 91 46 lor
1363 1952 91 46 sit
1415 1952 207 46 resistentiae
1583 1952 194 46 applicetur:
1738 1952 78 46 d,
1777 1952 91 46 non
1828 1952 91 46 est
1880 1952 142 46 vltimum
1971 1952 116 46 instans

1310 1994 127 56 huius
1394 1994 155 56 totalis
1507 1994 169 56 caloris.
1634 1994 70 56 &
1662 1994 99 56 sic
1719 1994 99 56 hic
1775 1994 127 56 calor
1860 1994 99 56 non
1916 1994 155 56 desinit
2015 1994 70 56 per

1310 2037 151 52 vltimum
1420 2037 151 52 instans
1530 2037 124 52 esse:
1613 2037 110 52 quia
1682 2037 110 52 erit
1751 2037 83 52 in
1792 2037 151 52 tempore
1902 2037 165 52 sequenti
2012 2037 69 52 ter

1314 2084 155 53 minato
1423 2084 93 53 ad
1470 2084 109 53 hoc
1532 2084 186 53 instans:
1671 2084 140 53 sicut
1764 2084 124 53 erat
1842 2084 93 53 in
1873 2084 217 53 productione,

1316 2126 157 51 secundum
1434 2126 118 51 illam
1512 2126 118 51 viam,
1591 2126 92 51 nec
1643 2126 118 51 datur
1722 2126 131 51 primum
1814 2126 144 51 instans
1919 2126 92 51 non
1971 2126 105 51 esse
2037 2126 79 51 in

1311 2170 88 50 d.
1355 2170 190 50 instanti.
1501 2170 88 50 An
1545 2170 146 50 possit
1648 2170 117 50 deus
1721 2170 102 50 sic
1779 2170 146 50 facere
1881 2170 102 50 cum
1940 2170 73 50 b
1954 2170 132 50 angelo:

1310 2214 170 54 incertum
1437 2214 113 54 est,
1508 2214 85 54 an
1551 2214 170 54 scilicet
1679 2214 142 54 possit
1778 2214 199 54 corrumpere
1934 2214 128 54 sicut
2019 2214 85 54 c.
2047 2214 43 54 &

1313 2259 113 54 mihi
1384 2259 170 54 interdum
1511 2259 128 54 visum
1597 2259 99 54 est
1653 2259 113 54 quod
1724 2259 156 54 necesse
1838 2259 99 54 est
1880 2259 213 54 conditionali-

1317 2308 106 54 ter,
1383 2308 93 54 hoc
1436 2308 93 54 est
1489 2308 133 54 stante
1582 2308 106 54 casu
1648 2308 80 54 eu
1688 2308 186 54 conseruare
1834 2308 93 54 per
1887 2308 146 54 tempus.
1993 2308 93 54 sic
2033 2308 53 54 le

1305 2350 133 54 gendo
1394 2350 89 54 in
1438 2350 162 54 artibus
1556 2350 89 54 in
1600 2350 162 54 vtroque
1718 2350 133 54 cursu
1807 2350 133 54 ratus
1895 2350 118 54 sum.
1969 2350 103 54 sed
2013 2350 74 54 cum

1302 2396 124 48 sint
1380 2396 187 48 duodecim
1520 2396 140 48 horae
1614 2396 140 48 diei:
1707 2396 202 48 oppositum
1863 2396 171 48 videtur
1972 2396 124 48 ratio-

1307 2435 181 65 nabilius,
1446 2435 83 65 si
1488 2435 167 65 teneamus
1613 2435 97 65 hoc
1668 2435 111 65 quod
1738 2435 139 65 dictum
1835 2435 97 65 est
1891 2435 83 65 de
1932 2435 83 65 c.
1974 2435 111 65 quod
2043 2435 83 65 id

1294 2483 149 58 idem
1388 2483 187 58 tenere
1518 2483 224 58 debeamus
1687 2483 112 58 in
1724 2483 56 58 b

1302 2527 116 83 ⁋
1348 2527 162 83 His
1441 2527 162 83 pro
1533 2527 301 83 argumenti
1765 2527 301 83 solutione
1973 2527 116 83 in-

1317 2587 148 62 sertis
1421 2587 89 62 ad
1465 2587 192 62 argumentu
1613 2587 207 62 principale
1776 2587 89 62 ab
1820 2587 148 62 initio
1909 2587 192 62 quaestionis

1320 2637 220 48 propositum:
1496 2637 147 48 gratia
1599 2637 132 48 cuius
1687 2637 117 48 haec
1761 2637 132 48 pauca
1849 2637 103 48 pro
1907 2637 176 48 analogia
2025 2637 73 48 te-

1316 2681 178 49 tigimus:
1450 2681 149 49 redeo.
1554 2681 74 49 &
1584 2681 119 49 dico
1658 2681 119 49 quod
1732 2681 149 49 Sortes
1836 2681 74 49 &
1866 2681 134 49 Plato
1940 2681 149 49 decedunt

1316 2727 84 71 in
1358 2727 153 71 meritis
1469 2727 209 71 aequalibus:
1636 2727 70 71 &
1664 2727 195 71 aequaliter
1817 2727 251 71 praemiabuntur:
2012 2727 84 71 quia
