2300 3309
444 321 114 90 â‹
490 321 342 90 Distinctio.
763 321 387 90 Quadragesimae
1059 321 160 90 nonae

604 393 279 92 Quaestio
790 393 186 92 Prima.

923 471 210 103 Equitur
1057 471 172 103 distin-

930 555 124 64 ctio
991 555 232 64 quaedragesima

925 604 155 58 nona,
1028 604 103 58 in
1080 604 121 58 qua
1132 604 103 58 magi

945 647 103 58 ter
1004 647 89 58 de
1034 647 192 58 beatitudine

928 692 73 56 &
957 692 174 56 aureolis
1073 692 160 56 loquitur.

940 737 109 56 Nos
1002 737 93 56 in
1048 737 93 56 ea
1079 737 155 56 aliquan-

923 778 174 58 tulum
1019 778 213 58 immorabi-

926 824 131 58 mut:
1008 824 98 58 de
1057 824 164 58 tribus
1155 824 82 58 po-

935 866 165 55 tissimum
1059 866 165 55 dicturi.
1169 866 69 55 Pri

925 913 102 53 mo
976 913 102 53 de
1010 913 222 53 beatitudine

947 957 186 49 pecundo
1083 957 102 49 de
1116 957 119 49 doti-

939 1001 122 57 bus.
1015 1001 153 57 Tertio
1122 1001 92 57 de
1153 1001 76 57 au-

935 1045 157 59 reolis.
1049 1045 129 59 Circa
1121 1045 114 59 primum

448 1092 135 53 xvi.
532 1092 253 53 quaestiones
735 1092 236 53 terminabo.
920 1092 152 53 Primo
1022 1092 202 53 quaeram.
1174 1092 101 53 An

440 1134 150 53 summu
540 1134 150 53 bonum
641 1134 117 53 sit
707 1134 100 53 in
758 1134 150 53 bonis
858 1134 200 53 corporis
1008 1134 117 53 vel
1058 1134 167 53 fortunae

450 1172 181 55 Secundo
581 1172 99 55 in
630 1172 115 55 quo
696 1172 214 55 consistat
860 1172 131 55 vera
942 1172 230 55 beatitudo.
1107 1172 131 55 Tertio

447 1223 175 52 inquiram
579 1223 87 52 de
622 1223 175 52 essentia
753 1223 248 52 beatitudinis:
957 1223 87 52 an
1001 1223 102 52 sit
1059 1223 87 52 in
1103 1223 102 52 vno
1147 1223 87 52 actu

452 1264 96 57 an
500 1264 96 57 in
548 1264 208 57 pluribus.
708 1264 176 57 Quarto.
836 1264 96 57 an
885 1264 128 57 homo
965 1264 240 57 naturaliter
1141 1264 96 57 obie

449 1314 127 53 ctum
528 1314 221 53 beatificum
702 1314 158 53 possit
813 1314 174 53 videre.
939 1314 158 53 Quinto
1050 1314 95 53 an
1082 1314 158 53 beatitu-

450 1362 91 43 do
495 1362 243 43 principalius
692 1362 91 43 in
738 1362 121 43 actu
814 1362 227 43 intellectus
995 1362 76 43 /
1026 1362 91 43 an
1056 1362 182 43 voluntatis

452 1399 213 57 consistat.
619 1399 152 57 Sexto.
726 1399 91 57 an
771 1399 137 57 omnes
863 1399 137 57 summe
954 1399 244 57 beatitudinem
1137 1399 91 57 appi

455 1449 144 50 tant.
551 1449 192 50 Septimo.
695 1449 96 50 an
743 1449 208 50 appetitus
902 1449 272 50 deliberatiuus
1126 1449 96 50 de
1158 1449 80 50 ne-

456 1496 199 46 cessitate
609 1496 168 46 appetat
731 1496 260 46 beatitudinem.
945 1496 168 46 Octauo.
1067 1496 92 46 an
1097 1496 138 46 intelle

446 1542 126 46 ctus
525 1542 173 46 creatus
650 1542 141 46 clare
744 1542 157 46 videns
854 1542 188 46 obiectum
996 1542 220 46 beatificum
1153 1542 78 46 pos

456 1578 107 48 sit
517 1578 107 48 non
578 1578 214 48 delectari.
747 1578 138 48 Nono.
839 1578 92 48 an
885 1578 184 48 voluntas
1023 1578 184 48 respectu
1145 1578 92 48 suae

457 1625 242 51 beatitudinis
653 1625 242 51 efficientiam
850 1625 166 51 habeat.
971 1625 166 51 Decimo.
1092 1625 91 51 an
1122 1625 106 51 beati

447 1673 124 43 tudo
525 1673 78 43 a
556 1673 140 43 beato
650 1673 233 43 partialiter
836 1673 233 43 producatur.
1023 1673 202 43 Vndecimo.
1163 1673 62 43 ar

454 1714 131 56 omnes
542 1714 131 56 beati
629 1714 116 56 sint
702 1714 204 56 aequaliter
862 1714 146 56 beati.
964 1714 204 56 Duodecimo.
1124 1714 87 56 an
1153 1714 73 56 bea

447 1757 147 57 titudo
550 1757 103 57 sit
609 1757 191 57 perpetua.
755 1757 249 57 Decimotertio.
961 1757 88 57 an
1005 1757 161 57 buntudo
1108 1757 117 57 sancto

447 1806 109 45 rum
510 1806 125 45 post
588 1806 280 45 resurrectionem
821 1806 125 45 erit
899 1806 156 45 maior.
1008 1806 249 45 Decimoquarto

460 1856 89 46 an
505 1856 149 46 sensus
609 1856 209 46 exteriores
773 1856 179 46 beatorum
907 1856 134 46 erunt
997 1856 89 46 in
1041 1856 119 46 suis
1101 1856 134 46 actibus

445 1890 102 50 in
496 1890 187 50 patria.
632 1890 289 50 Decimoquinto.
871 1890 102 50 an
922 1890 170 50 videns
1041 1890 136 50 deum
1109 1890 119 50 ipsum

457 1937 262 50 comprehendat.
673 1937 247 50 Decimosexto.
873 1937 123 50 quid
950 1937 108 50 sit
1012 1937 154 50 videre
1120 1937 93 50 in
1151 1937 77 50 vel

459 1977 108 50 bo.
520 1977 263 50 Decimaseptima
737 1977 185 50 quaestio
876 1977 124 50 erit
953 1977 93 50 de
999 1977 124 50 dote
1061 1977 170 50 impassibi

454 2023 184 56 litatis.
592 2023 260 56 Decimaoctaua,
806 2023 92 56 de
852 2023 123 56 dote
929 2023 230 56 agilitatis.
1097 2023 138 56 Decima-

447 2067 122 58 nona
523 2067 91 58 de
568 2067 122 58 dote
644 2067 228 58 claritatis.
827 2067 198 58 Vigesima,
979 2067 91 58 de
1024 2067 122 58 dote
1085 2067 152 58 subtili-

446 2117 157 53 tatis.
556 2117 283 53 Vigesimaprima,
792 2117 94 53 an
839 2117 110 53 duo
902 2117 173 53 corpora
1028 2117 126 53 dura
1091 2117 141 53 possint

452 2156 203 53 immediate
609 2156 94 53 se
656 2156 188 53 tangere.
796 2156 313 53 Vigesimasecunda,
1062 2156 94 53 de
1093 2156 141 53 aureola

456 2202 193 58 virginum.
605 2202 282 58 Vigesimatertia,
843 2202 89 58 de
887 2202 163 58 aureola
1006 2202 193 58 doctorum.
1140 2202 89 58 Vige

453 2245 225 57 simaquarta
630 2245 97 57 de
678 2245 177 57 aureola
807 2245 209 57 martyrum,
968 2245 81 57 &
1001 2245 129 57 quid
1081 2245 97 57 ad
1113 2245 113 57 marty

446 2292 109 51 rium
515 2292 191 51 requiratur
664 2292 68 51 &
692 2292 191 51 sufficiat.
842 2292 259 51 Vigesimaquinta,
1060 2292 136 51 quando
1141 2292 82 51 quii

458 2335 147 48 debeat
561 2335 117 48 pati
634 2335 205 48 martyrium,
795 2335 73 48 &
825 2335 103 48 pro
883 2335 147 48 quibus
986 2335 161 48 causis.
1088 2335 147 48 Vigesima

442 2381 144 54 sexta.
542 2381 86 54 an
585 2381 129 54 actus
672 2381 101 54 cui
729 2381 158 54 debetur
844 2381 172 54 martyrum
973 2381 158 54 aureola
1088 2381 101 54 sit
1131 2381 101 54 prae-

448 2425 173 50 ferendus
577 2425 130 50 actui
664 2425 101 50 cui
721 2425 115 50 haec
794 2425 159 50 aureola
909 2425 101 50 non
967 2425 173 50 debetur.
1082 2425 144 50 Vigesimo

444 2468 174 51 septimo
571 2468 79 51 &
602 2468 158 51 vltimo
713 2468 221 51 inquiremus
887 2468 111 51 sub
950 2468 111 51 qua
1014 2468 174 51 virtute
1124 2468 111 51 actus

449 2514 161 50 martyrii
569 2514 214 50 contineatur.
743 2514 80 50 Vt
783 2514 120 50 istis
864 2514 174 50 absolutis
997 2514 120 50 finem
1064 2514 161 50 imponamus.

443 2569 98 43 quo
499 2569 140 43 ordine
597 2569 112 43 sunt
666 2569 195 43 propositae
820 2569 209 43 quaestiones
988 2569 209 43 attingemus.
1155 2569 70 43 â‹
1169 2569 56 43 Pr

452 2606 84 45 mo
494 2606 140 45 igitur
592 2606 154 45 quaero,
703 2606 84 45 an
745 2606 182 45 felicitas
885 2606 112 45 siue
955 2606 140 45 summum
1052 2606 126 45 bonum
1136 2606 84 45 in
1164 2606 70 45 bo-

459 2648 94 43 nis
512 2648 162 43 corporis
634 2648 94 43 vel
687 2648 162 43 fortunae
809 2648 202 43 inueniatur.
970 2648 94 43 Pro
1024 2648 189 43 quaestione
1159 2648 67 43 ter

443 2683 158 65 minanda
558 2683 101 65 hoc
615 2683 216 65 fundamentum
788 2683 144 65 iacio.
889 2683 130 65 omnes
976 2683 202 65 conveniunt
1134 2683 86 65 in
1163 2683 72 65 hoc

448 2736 110 66 quod
517 2736 124 66 illud
599 2736 110 66 quod
668 2736 96 66 est
723 2736 137 66 maxime
819 2736 206 66 expetibile:
984 2736 96 66 est
1039 2736 165 66 btintudo
1149 2736 82 66 siue

1296 317 174 68 felicitas.
1432 317 87 68 sed
1482 317 74 68 vt
1519 317 136 68 Aristo.
1618 317 74 68 i.
1655 317 174 68 Ethicorum.
1791 317 124 68 dicit,
1878 317 112 68 varii
1953 317 74 68 de
1990 317 87 68 hoc
2039 317 74 68 in

1293 377 94 48 ter
1346 377 80 48 se
1386 377 227 48 dissenserunt.
1573 377 134 48 Aliter
1667 377 107 48 enim
1734 377 134 48 vulgus
1827 377 67 48 /
1854 377 134 48 aliter
1934 377 147 48 sapientes

1296 422 161 59 iudicant.
1420 422 62 59 &
1445 422 99 59 item
1507 422 161 59 sapientes
1631 422 112 59 inter
1705 422 74 59 se
1742 422 87 59 non
1792 422 112 59 omnes
1867 422 186 59 conveniunt.
2016 422 99 59 qua-

1286 467 95 58 re
1334 467 95 58 de
1381 467 110 58 hoc
1444 467 158 58 aliqua
1554 467 95 58 in
1601 467 158 58 lumine
1712 467 189 58 naturali
1853 467 158 58 ponam:
1948 467 126 58 postea

1288 513 102 49 ad
1339 513 153 49 lumen
1441 513 289 49 supernaturale
1679 513 238 49 theologico
1866 513 136 49 more
1934 513 153 49 transi-

1301 557 167 45 turus.
1418 557 150 45 Licet
1518 557 150 45 autem
1619 557 150 45 omnes
1719 557 100 45 in
1769 557 184 45 termino
1886 557 200 45 conueniant

1291 599 123 54 quod
1367 599 184 54 scilicet
1505 599 199 54 beatitudo
1659 599 107 54 sit
1720 599 123 54 quid
1797 599 153 54 maxime
1889 599 199 54 expetibile,

1303 642 72 47 &
1331 642 173 47 optimum:
1462 642 116 47 quae
1534 642 130 47 tamen
1621 642 101 47 res
1678 642 72 47 /
1707 642 116 47 ipsa
1779 642 145 47 foret,
1866 642 217 47 dissenserunt.

1299 691 98 60 de
1348 691 311 60 apparentioribus
1610 691 164 60 aliqua
1724 691 164 60 tangam
1839 691 82 60 /
1871 691 98 60 de
1920 691 147 60 minus
2002 691 82 60 ap-

1307 728 219 64 parentibus
1464 728 188 64 taciturus.

1288 792 117 68 â‹
1334 792 140 68 Et
1405 792 281 68 procedam
1615 792 164 68 mem
1709 792 234 68 bratim
1872 792 164 68 per
1943 792 140 68 con-

1292 851 218 55 clusiones.
1463 851 155 55 quarum
1572 851 140 55 Prima
1665 851 124 55 est.
1743 851 140 55 Licet
1836 851 93 55 in
1883 851 186 55 corporis
2007 851 78 55 vo-

1295 888 173 48 luptate
1421 888 157 48 magnum
1531 888 110 48 sit
1594 888 236 48 desiderium:
1782 888 141 48 tamen
1877 888 94 48 in
1924 888 94 48 ea
1971 888 94 48 in
2002 888 79 48 lu-

1295 933 127 57 mine
1374 933 190 57 naturali
1517 933 143 57 nulla
1612 933 111 57 est
1676 933 174 57 ponenda
1802 933 222 57 felicitas.
1961 933 111 57 Prior

1305 979 120 53 pars
1380 979 135 53 huius
1470 979 241 53 conclusionis
1666 979 150 53 patet.
1771 979 105 53 Nam
1831 979 90 53 in
1876 979 211 53 felicitate
2027 979 60 53 pu

1296 1024 117 45 tata
1369 1024 73 45 a
1399 1024 146 45 multis
1501 1024 73 45 /
1530 1024 146 45 ingens
1633 1024 102 45 est
1691 1024 219 45 desiderium.
1867 1024 102 45 sed
1925 1024 146 45 aliqui
2028 1024 88 45 in

1301 1067 208 52 voluptate
1461 1067 192 52 corporis
1605 1067 240 52 felicitatem
1798 1067 224 52 posuerunt:
1974 1067 96 52 vt
2006 1067 80 52 Eu-

1299 1113 140 47 doxus
1393 1113 109 47 vir
1455 1113 187 47 optimus:
1595 1113 109 47 qui
1657 1113 93 47 vt
1704 1113 171 47 recitat
1828 1113 156 47 Arist.
1937 1113 93 47 x.
1968 1113 109 47 Ethi-

1294 1159 172 56 corum,
1414 1159 155 56 vidit
1518 1159 155 56 omnes
1621 1159 155 56 summe
1725 1159 241 56 voluptatem
1897 1159 190 56 amplectem

1301 1203 101 50 tes
1358 1203 72 50 /
1387 1203 130 50 licet
1474 1203 116 50 ipse
1547 1203 130 50 esset
1634 1203 217 50 temperatus:
1808 1203 203 50 quapropter
1967 1203 87 50 in
1996 1203 87 50 volu

1305 1243 137 51 ptate
1396 1243 229 51 felicitatem
1579 1243 168 51 posuit.
1702 1243 92 51 ac
1747 1243 92 51 si
1793 1243 107 51 sic
1839 1243 244 51 argumentaretur

1300 1293 215 44 Eudoxus.
1461 1293 143 44 Omne
1550 1293 161 44 illud
1658 1293 143 44 quod
1747 1293 161 44 maior
1855 1293 143 44 pars
1926 1293 161 44 hominum

1301 1333 176 51 expetit
1429 1333 80 51 &
1461 1333 240 51 prosequitur
1653 1333 80 51 /
1685 1333 112 51 est
1750 1333 208 51 beatitudo
1910 1333 112 51 vel
1958 1333 128 51 summum

1296 1375 165 47 bonum:
1411 1375 198 47 corporis
1559 1375 198 47 voluptas
1708 1375 115 47 est
1774 1375 231 47 huiusmodi.
1939 1375 148 47 igitur.

1316 1420 69 54 â‹
1344 1420 153 54 Secunda
1455 1420 111 54 pars
1524 1420 222 54 conclusionis
1705 1420 166 54 probatur
1829 1420 111 54 sic.
1899 1420 125 54 nihil
1982 1420 125 54 turpe
2051 1420 42 54 &

1303 1471 201 46 probrosum
1457 1471 108 46 est
1519 1471 217 46 felicitas.
1690 1471 108 46 sed
1751 1471 186 46 corporis
1891 1471 186 46 voluptas
2015 1471 77 46 cre

1296 1515 174 46 berrime
1423 1515 111 46 est
1486 1515 221 46 huiusmodi.
1660 1515 174 46 igitur,
1786 1515 253 46 consequentia
1976 1515 111 46 tenet

1310 1558 119 46 tum
1378 1558 188 46 maiore.
1515 1558 85 46 &
1549 1558 154 46 minor
1651 1558 205 46 probatur
1805 1558 239 46 testimonio
1976 1558 102 46 diui

1297 1600 215 52 Hieronymi
1463 1600 198 52 aduersus
1611 1600 231 52 louinianum
1793 1600 215 52 dicentis.
1941 1600 149 52 Saturi-

1296 1648 119 55 tate
1370 1648 134 55 nimia
1460 1648 223 55 concitantur
1638 1648 149 55 multi:
1742 1648 74 55 &
1772 1648 119 55 quod
1846 1648 178 55 turpiter
1965 1648 119 55 inges-

1299 1692 154 47 serunt
1406 1692 77 47 /
1437 1692 169 47 turpius
1560 1692 185 47 egerunt.
1699 1692 92 47 Et
1745 1692 123 47 idem
1822 1692 123 47 ait.
1899 1692 169 47 Pinguis
2007 1692 77 47 ven

1297 1734 118 59 ter
1365 1734 118 59 non
1432 1734 169 59 gignit
1550 1734 169 59 tenuem
1668 1734 186 59 sensum.
1803 1734 135 59 Hinc
1888 1734 186 59 infamis
2006 1734 84 59 est

1304 1776 83 57 &
1338 1776 217 57 inglorius
1504 1776 267 57 Sardanapalus
1721 1776 183 57 tanquam
1855 1776 217 57 probrosus
2021 1776 100 57 in

1295 1822 111 53 ore
1359 1822 158 53 omnium
1469 1822 79 53 /
1501 1822 111 53 non
1564 1822 143 53 solum
1659 1822 269 53 philosophorum
1881 1822 111 53 sed
1944 1822 79 53 &
1960 1822 111 53 vulgi

1296 1866 80 53 &
1328 1866 129 53 eius
1409 1866 241 53 epitaphium,
1602 1866 113 53 Ede
1666 1866 129 53 bibe
1746 1866 145 53 lude,
1843 1866 97 53 ab
1891 1866 177 53 omnibus
2004 1866 80 53 ex-

1296 1911 223 54 probratur.
1471 1911 207 54 quamobrem
1630 1911 191 54 imperium
1773 1911 223 54 Assyriorum
1948 1911 111 54 tot
1996 1911 79 54 su-

1300 1955 170 47 doribus
1423 1955 155 47 partum
1532 1955 77 47 a
1563 1955 201 47 maioribus
1718 1955 93 47 in
1764 1955 124 47 illo
1842 1955 170 47 monstro
1950 1955 124 47 extin-

1303 1998 119 47 ctum
1377 1998 119 47 est.
1452 1998 193 47 principes
1600 1998 148 47 namque
1704 1998 178 47 indignum
1838 1998 193 47 censebant
1971 1998 104 47 talis

1291 2043 143 50 beluae
1391 2043 172 50 perferre
1519 2043 143 50 iugum.
1620 2043 157 50 Secundo
1734 2043 172 50 arguitur
1863 2043 86 50 ad
1905 2043 129 50 idem.
1977 2043 100 50 nihil

1299 2093 119 56 quod
1373 2093 104 56 est
1433 2093 178 56 communis
1567 2093 134 56 causa
1656 2093 178 56 morborum
1790 2093 74 56 /
1819 2093 104 56 est
1879 2093 149 56 summum
1968 2093 104 56 bonum

1292 2131 90 62 sed
1343 2131 154 62 corporis
1459 2131 154 62 voluptas
1574 2131 90 62 est
1625 2131 179 62 huiusmodi.
1766 2131 141 62 igitur.
1868 2131 205 62 consequentia
2022 2131 51 62 te

1290 2176 102 55 net
1349 2176 102 55 cum
1407 2176 160 55 maiore.
1523 2176 131 55 minor
1610 2176 174 55 probatur
1740 2176 102 55 per
1798 2176 131 55 illud
1885 2176 160 55 commune
1987 2176 87 55 Hipi

1299 2228 183 55 pocratis
1436 2228 107 55 quo
1497 2228 152 55 dicit,
1603 2228 152 55 crassa
1710 2228 76 55 &
1740 2228 137 55 obesa
1831 2228 167 55 corpora
1953 2228 91 55 in
1984 2228 91 55 para

1295 2270 122 53 lysim
1377 2270 68 53 &
1404 2270 149 53 pessima
1512 2270 162 53 morborum
1633 2270 135 53 genera
1728 2270 162 53 erumpere
1850 2270 68 53 /
1877 2270 108 53 nisi
1944 2270 108 53 cita
1998 2270 68 53 mii

1290 2313 134 44 sione
1379 2313 193 44 sanguinis
1528 2313 208 44 minuantur.
1691 2313 104 44 cui
1750 2313 223 44 astipulatur
1914 2313 163 44 Horatius.

1295 2356 171 45 Sperne
1415 2356 239 45 voluptates
1603 2356 154 45 nocet
1705 2356 154 45 empta
1808 2356 171 45 dolore
1910 2356 171 45 voluptas

1296 2401 184 45 Fortasse
1434 2401 153 45 dicis.
1541 2401 184 45 corporis
1679 2401 184 45 voluptas
1817 2401 184 45 moderata
1955 2401 107 45 est
2001 2401 77 45 sum

1296 2452 107 52 mum
1357 2452 153 52 bonum:
1464 2452 77 52 &
1495 2452 184 52 moderata
1633 2452 107 52 non
1695 2452 107 52 est
1756 2452 138 52 causa
1848 2452 153 52 morbi.
1940 2452 123 52 Contra

1290 2487 106 50 hoc
1350 2487 152 50 arguo.
1457 2487 136 50 magis
1548 2487 136 50 bonum
1638 2487 106 50 non
1699 2487 106 50 est
1760 2487 167 50 propter
1881 2487 136 50 minus
1957 2487 121 50 bonum:

1303 2539 82 53 vt
1344 2539 150 53 arguitu
1454 2539 150 53 Aristo.
1563 2539 82 53 x.
1604 2539 191 53 Ethicorum.
1755 2539 96 53 sed
1809 2539 178 53 comedimus
1946 2539 82 53 vt
1973 2539 96 53 philo

1296 2576 178 52 sophemur
1430 2576 74 52 &
1459 2576 163 52 viuamus
1578 2576 178 52 honeste:
1712 2576 74 52 &
1741 2576 104 52 non
1801 2576 163 52 contra.
1905 2576 163 52 Praeterea

1294 2626 122 57 anima
1376 2626 149 57 corpori
1484 2626 163 57 praestat
1606 2626 163 57 secundum
1728 2626 136 57 omnes:
1823 2626 108 57 ergo
1891 2626 122 57 animi
1959 2626 122 57 volupta

1296 2665 107 65 est
1357 2665 184 65 corporis
1495 2665 199 65 voluptati
1633 2665 214 65 praeferenda.

1292 2707 97 86 â‹
1330 2707 214 86 Secunda
1486 2707 273 86 conclusio.
1701 2707 156 86 etsi
1798 2707 234 86 diuitiae
1954 2707 136 86 sinae
