2297 3310
210 360 190 65 gustinus.
356 360 131 65 viii.
444 360 102 65 ca.
503 360 131 65 xiii.
590 360 88 65 de
634 360 205 65 Trinitate.
795 360 146 65 Beatus
882 360 88 65 habe

210 416 194 54 quicquid
355 416 145 54 vult:
452 416 81 54 &
484 416 145 54 nihil
581 416 129 54 mali
662 416 145 54 vult.
759 416 129 54 Alio
840 416 129 54 modo
904 416 81 54 ca-

197 461 120 54 pitur
277 461 160 54 diuisiue
396 461 93 54 pro
450 461 146 54 notitia
556 461 173 54 intuitiua
689 461 106 54 dei:
756 461 93 54 vel
809 461 93 54 pro
849 461 133 54 dilectio

206 508 87 51 ne
249 508 101 51 dei
307 508 130 51 clare
394 508 130 51 visi:
481 508 101 51 vel
539 508 101 51 pro
597 508 145 51 gaudio
698 508 188 51 sequente.
843 508 130 51 Prima
915 508 58 51 ad

205 553 151 49 ceptio
311 553 136 49 patet
401 553 91 49 in
446 553 136 49 verbo
537 553 181 49 Christi.
673 553 136 49 loan.
764 553 136 49 xvii.
854 553 121 49 Haec
915 553 75 49 est

204 603 123 45 vita
280 603 169 45 aeterna
403 603 92 45 vt
449 603 215 45 cognoscant
618 603 92 45 te
664 603 108 45 &c.
726 603 92 45 De
772 603 169 45 secunda
879 603 108 45 primo

203 640 85 52 de
245 640 169 52 ciuitate
372 640 113 52 dei.
443 640 85 52 c.
485 640 141 52 penul.
584 640 127 52 dicit
669 640 141 52 beatus
767 640 198 52 Augustinus
908 640 71 52 Bea

199 680 137 60 titudo
295 680 96 60 est
350 680 137 60 summum
446 680 178 60 praemium:
583 680 110 60 quod
651 680 178 60 consistit
788 680 82 60 in
829 680 110 60 actu
884 680 96 60 volun

198 731 156 53 tatis.
308 731 78 53 &
339 731 140 53 primo
432 731 94 53 de
479 731 187 53 doctrina
619 731 218 53 christiana
791 731 140 53 dicit
869 731 109 53 idem.

206 771 133 46 Haec
289 771 116 46 est
356 771 149 46 summa
455 771 166 46 merces
571 771 100 46 vt
621 771 133 46 ipso
704 771 199 46 fruamur.
853 771 100 46 De
886 771 100 46 ter-

208 814 101 53 tia
265 814 202 53 acceptione
424 814 173 53 scilicet
554 814 159 53 gaudio,
669 814 159 53 dicitur
784 814 173 53 loannis.
900 814 86 53 xvi.

216 857 175 50 Gaudium
343 857 175 50 vestrum
471 857 127 50 nemo
550 857 159 50 tollet
662 857 80 50 a
694 857 159 50 vobis.
805 857 111 50 Qui
853 857 127 50 ponunt

209 902 205 47 intellectum
373 902 109 47 esse
441 902 191 47 nobiliorem
592 902 178 47 potentiam
728 902 191 47 voluntate:
865 902 109 47 dicunt

212 946 214 58 beatitudinem
385 946 80 58 in
425 946 107 58 actu
492 946 107 58 solo
559 946 200 58 intellectus
719 946 200 58 consistere:
866 946 107 58 aliqui

217 991 210 46 econtrario.
385 991 98 46 sed
441 991 182 46 quodlibet
581 991 154 46 istorum
692 991 126 46 trium
776 991 70 46 /
790 991 196 46 beatitudinem

205 1033 113 48 dico
275 1033 127 48 esse:
360 1033 127 48 licet
444 1033 113 48 vnum
515 1033 127 48 aliud
600 1033 183 48 exuperet.
740 1033 85 48 In
783 1033 155 48 omnibus
881 1033 99 48 autem

210 1077 145 54 istis
307 1077 274 54 acceptionibus
532 1077 193 54 loquutus
677 1077 113 54 sum
741 1077 97 54 de
774 1077 209 54 beatitudine

213 1124 156 47 creata
322 1124 78 47 &
354 1124 187 47 formali.
494 1124 156 47 aliqua
603 1124 156 47 namque
712 1124 109 47 est
774 1124 203 47 beatitudo
915 1124 62 47 ve

204 1172 151 51 gloria
310 1172 196 51 increata,
461 1172 121 51 siue
536 1172 196 51 obiectiua
687 1172 121 51 quae
763 1172 106 51 est
823 1172 121 51 ipse
883 1172 91 51 deus

208 1211 135 61 iuxta
298 1211 135 61 illud
388 1211 239 61 Psalmographi
582 1211 135 61 Psal.
672 1211 120 61 iii.
747 1211 90 61 Tu
792 1211 135 61 autem
866 1211 120 61 domine

203 1260 215 61 susceptor
369 1260 132 61 meus
452 1260 116 61 es,
518 1260 165 61 gloria
634 1260 116 61 mea
683 1260 83 61 &c.

203 1300 108 68 â‹
247 1300 151 68 His
333 1300 302 68 praemissis
570 1300 259 68 ponuntur
743 1300 237 68 conclusio

206 1356 109 57 nes
269 1356 93 57 ad
315 1356 233 57 quaestionem
502 1356 248 57 responsiuae:
703 1356 155 57 quarum
812 1356 140 57 Prima
890 1356 93 57 est.

209 1418 155 47 Aliqua
318 1418 202 47 beatitudo
473 1418 109 47 est
536 1418 155 47 optima
644 1418 109 47 res
706 1418 233 47 possibilis.
893 1418 78 47 â‹
908 1418 78 47 Se-

211 1453 128 51 cunda
296 1453 199 51 conclusio.
453 1453 142 51 Aliqua
552 1453 185 51 beatitudo
694 1453 100 51 est
751 1453 156 51 notitia
865 1453 114 51 dei.
922 1453 57 51 si

211 1496 167 58 militer
332 1496 152 58 aliqua
439 1496 197 58 beatitudo
590 1496 106 58 est
651 1496 182 58 dilectio
788 1496 121 58 dei.
864 1496 76 58 â‹
879 1496 91 58 Prim

211 1538 198 50 conclusio
363 1538 182 50 probatur
500 1538 122 50 sic.
576 1538 152 50 Aliqua
682 1538 198 50 beatitudo
834 1538 106 50 est
880 1538 106 50 deus:

212 1585 127 51 ergo
292 1585 159 51 aliqua
403 1585 207 51 beatitudo
563 1585 112 51 est
626 1585 159 51 optima
738 1585 112 51 res
786 1585 191 51 possibilis

202 1630 232 51 Antecedens
384 1630 149 51 patet
484 1630 99 51 de
533 1630 248 51 beatitudine
732 1630 215 51 increata.
881 1630 99 51 item

211 1674 118 58 deus
285 1674 89 58 in
330 1674 148 58 lumine
433 1674 178 58 naturali
566 1674 237 58 lympidissime
759 1674 89 58 se
789 1674 192 58 intelligit,

217 1719 74 45 &
247 1719 88 45 se
291 1719 176 45 diligit:
423 1719 74 45 &
453 1719 132 45 super
541 1719 103 45 hoc
600 1719 162 45 gaudet,
717 1719 103 45 nec
776 1719 162 45 dormit,
879 1719 103 45 sicut

219 1761 113 47 End
284 1761 146 47 vmion
381 1761 97 47 in
429 1761 162 47 lumine
542 1761 210 47 naturali:
704 1761 129 47 ergo
785 1761 113 47 est
833 1761 146 47 beatus.

212 1803 87 53 In
255 1803 130 53 super
342 1803 145 53 primae
443 1803 87 53 ad
487 1803 130 53 Timo.
574 1803 130 53 vlti.
660 1803 130 53 dicit
747 1803 203 53 Apostolus.
892 1803 87 53 Quem

199 1844 119 58 suis
273 1844 208 58 temporibus
437 1844 178 58 ostendet
571 1844 149 58 beatus
675 1844 74 58 &
704 1844 134 58 solus
794 1844 163 58 potens,
898 1844 74 58 re-

200 1892 146 52 regum
297 1892 81 52 &
329 1892 178 52 dominus
459 1892 259 52 dominantium.
669 1892 210 52 Praeterea
814 1892 162 52 obiectum

203 1934 223 57 beatitudinis
384 1934 111 57 eius
453 1934 97 57 est
509 1934 195 57 infinitum,
662 1934 125 57 sicut
745 1934 167 57 obiectum
857 1934 111 57 nostri

204 1980 269 50 beatitudinis.
426 1980 238 50 Intellectus
616 1980 158 50 quoque
727 1980 79 50 &
758 1980 190 50 voluntas
885 1980 95 50 eius

208 2031 103 45 est
267 2031 191 45 infinita:
414 2031 118 45 ergo
488 2031 191 45 beatitudo
635 2031 118 45 eius
708 2031 103 45 est
767 2031 191 45 infinita.
899 2031 74 45 igi

189 2074 156 52 aliqua
299 2074 203 52 beatitudo
455 2074 109 52 est
518 2074 156 52 optima
627 2074 109 52 res
690 2074 234 52 possibilis.
862 2074 109 52 Secun

199 2119 92 50 da
245 2119 199 50 conclusio
398 2119 138 50 patet
490 2119 92 50 ex
536 2119 184 50 terminis
658 2119 199 50 declaratis.

182 2167 109 86 â‹
226 2167 219 86 Contra
379 2167 219 86 primam
532 2167 350 86 conclusionem
795 2167 175 86 arguit

181 2248 121 57 sic.
257 2248 91 57 Ex
302 2248 91 57 ea
348 2248 182 57 sequitur
484 2248 121 57 quod
560 2248 152 57 aliqua
666 2248 197 57 beatitudo
818 2248 106 57 est
864 2248 106 57 beata

195 2295 188 44 consequens
342 2295 94 44 est
396 2295 148 44 falsum:
503 2295 107 44 quia
570 2295 94 44 num
624 2295 107 44 quam
691 2295 174 44 concretum
825 2295 107 44 pote
892 2295 81 44 st
919 2295 54 44 ve

199 2337 170 56 rificari
326 2337 85 56 de
369 2337 198 56 abstracto.
524 2337 113 56 haec
595 2337 113 56 enim
666 2337 99 56 est
722 2337 141 56 falsa,
821 2337 141 56 albedo
906 2337 71 56 est

187 2380 127 58 alba.
272 2380 71 58 â‹
300 2380 226 58 Respondetur.
484 2380 170 58 concessa
611 2380 156 58 sequela
724 2380 113 58 nego
795 2380 113 58 quod
852 2380 113 58 numuen

193 2429 176 49 concretum
329 2429 135 49 potest
423 2429 189 49 verificari
572 2429 81 49 de
612 2429 189 49 abstracto.
761 2429 95 49 nam
815 2429 162 49 interdum
923 2429 54 49 co

198 2470 153 53 cretum
305 2470 76 53 &
335 2470 214 53 abstractum
503 2470 198 53 supponunt
656 2470 107 53 pro
717 2470 153 53 eodem:
823 2470 92 53 vt
869 2470 122 53 homo
930 2470 46 53 &

194 2509 208 59 humanitas:
357 2509 119 59 idem
431 2509 74 59 &
461 2509 208 59 identitas:
624 2509 133 59 pater
713 2509 74 59 &
743 2509 222 59 paternitas.
906 2509 74 59 in-

189 2562 152 50 terdum
295 2562 274 50 impossibiliter
523 2562 198 50 concretum
675 2562 76 50 &
705 2562 213 50 abstractum
857 2562 122 50 suppo-

198 2603 120 55 nunt
273 2603 105 55 pro
333 2603 150 55 eodem,
437 2603 150 55 saltem
542 2603 165 55 deducta
662 2603 224 55 ampliatione
841 2603 90 55 de
871 2603 105 55 imma-

191 2648 200 56 ginatur.
341 2648 100 56 vt
391 2648 150 56 album
491 2648 83 56 &
524 2648 183 56 albedo.

181 2696 128 58 â‹
233 2696 256 58 Contra
412 2696 307 58 secundam
616 2696 358 58 conclusionem

193 2751 183 57 arguitur.
334 2751 85 57 Si
376 2751 155 57 notitia
489 2751 183 57 intuitiua
630 2751 99 57 dei
686 2751 99 57 sit
742 2751 183 57 beatitas:
869 2751 113 57 sequi

1043 344 96 77 tur
1098 344 109 77 haec
1166 344 178 77 conclusio
1303 344 82 77 de
1344 344 191 77 possibili,
1494 344 109 77 quod
1562 344 150 77 aliquis
1672 344 123 77 esset
1740 344 82 77 bea-

1046 415 111 54 tus
1109 415 111 54 qui
1173 415 111 54 nec
1236 415 126 54 deum
1315 415 221 54 diligeret,
1488 415 111 54 nec
1551 415 189 54 gauderet
1693 415 95 54 de
1725 415 79 54 dec

1046 470 129 45 viso.
1132 470 201 45 consequens
1290 470 101 45 est
1348 470 259 45 disconveniens.
1563 470 86 45 Et
1607 470 115 45 quod
1664 470 144 45 sequatui

1037 502 218 58 manifestum
1209 502 109 58 est
1271 502 218 58 supponendo
1443 502 125 58 quod
1521 502 125 58 deus
1599 502 156 58 possit
1692 502 125 58 omnium

1040 546 146 53 rerum
1137 546 210 53 creatarum
1299 546 275 53 distinctarum,
1525 546 162 53 quarum
1638 546 162 53 neutra
1735 546 81 53 est

1040 589 125 57 pars
1118 589 203 57 alterius,
1274 589 125 57 vnam
1352 589 218 57 conseruare
1524 589 172 57 reliqua
1633 589 187 57 destructa:

1045 634 69 61 &
1073 634 97 61 sic
1128 634 111 61 haec
1198 634 111 61 tria
1267 634 167 61 realiter
1392 634 250 61 distinguuntur.
1587 634 236 61 impraesentiarum

1037 679 128 59 enim
1117 679 224 59 supponitur
1293 679 128 59 quod
1373 679 128 59 deus
1452 679 160 59 potest
1564 679 192 59 visionem
1692 679 112 59 conse

1042 724 138 46 uare
1128 724 120 46 non
1197 724 258 46 concurrendo
1403 724 103 46 ad
1455 724 275 46 productionem
1661 724 155 46 aliorum

1050 770 172 46 duorum.
1176 770 125 46 immo
1254 770 188 46 sequitur
1395 770 125 46 quod
1473 770 156 46 beatus
1582 770 125 46 erit
1661 770 156 46 miser:
1754 770 63 46 po

1039 816 128 50 sito
1119 816 128 50 quod
1199 816 160 50 habeat
1311 816 176 50 aliquis
1439 816 160 50 videns
1551 816 128 50 deum
1631 816 160 50 poenam
1727 816 96 50 sine

1038 865 179 48 ratione
1168 865 179 48 culpae.
1298 865 81 48 â‹
1330 865 244 48 Respondetur
1525 865 260 48 distinguendo
1720 865 97 48 hanc

1037 901 268 54 conclusionem.
1258 901 111 54 vel
1321 901 190 54 diuisiue
1464 901 142 54 capto
1558 901 205 54 vocabulo:
1716 901 79 54 &
1732 901 79 54 sie

1050 951 151 51 potest
1156 951 106 51 non
1216 951 272 51 improbabiliter
1443 951 181 51 concedi:
1578 951 76 51 &
1609 951 181 51 vlterius
1729 951 91 51 quod

1041 992 209 50 possibile
1201 992 112 50 est
1266 992 176 50 aliquem
1394 992 128 50 esse
1474 992 193 50 punitum,
1618 992 112 50 qui
1683 992 112 50 cum
1731 992 80 50 hoc

1042 1040 102 49 sit
1101 1040 161 49 beatus:
1218 1040 73 49 &
1247 1040 102 49 sit
1305 1040 132 49 miser
1393 1040 161 49 miseria
1510 1040 161 49 poenae.
1627 1040 102 49 nam
1671 1040 146 49 Christus

1036 1081 129 46 simul
1121 1081 114 46 erat
1193 1081 157 46 beatus,
1307 1081 71 46 &
1336 1081 143 46 passus
1436 1081 100 46 est
1493 1081 214 46 tristitiam,
1664 1081 100 46 nec
1707 1081 100 46 vided

1038 1124 301 57 contradictionem
1292 1124 95 57 in
1339 1124 127 57 hoc:
1418 1124 158 57 Sortes
1529 1124 143 57 videt
1624 1124 143 57 clare
1703 1124 111 57 deum:

1044 1169 80 52 &
1076 1169 176 52 peccat.
1204 1169 112 52 Sed
1267 1169 96 52 si
1315 1169 191 52 terminus
1459 1169 207 52 beatitudo
1619 1169 191 52 capiatur
1746 1169 64 52 co

1038 1212 165 45 lectiue
1158 1212 105 45 pro
1218 1212 135 45 illis
1308 1212 150 45 simul:
1413 1212 105 45 non
1472 1212 195 45 sequitur.
1622 1212 75 45 â‹
1652 1212 105 45 Sed
1697 1212 120 45 contra

1034 1255 118 54 hoc
1101 1255 219 54 arguitur.
1270 1255 236 54 collectiue
1455 1255 151 54 capto
1556 1255 202 54 vocabulo
1690 1255 135 54 potest

1046 1306 130 51 quis
1127 1306 130 51 deum
1208 1306 130 51 odio
1290 1306 179 51 habere,
1420 1306 81 51 &
1452 1306 195 51 tristari
1599 1306 179 51 videndo
1712 1306 98 51 deum

1046 1352 112 48 eum
1110 1352 209 48 diligendo
1271 1352 80 48 &
1303 1352 193 48 gaudendo
1448 1352 145 48 super
1544 1352 129 48 hoc,
1624 1352 129 48 quod
1688 1352 129 48 proba-

1039 1387 114 53 tur:
1110 1387 114 53 quia
1181 1387 128 53 nihil
1267 1387 128 53 aliud
1352 1387 171 53 sequitur
1480 1387 114 53 nisi
1552 1387 199 53 qualitates
1694 1387 114 53 contra

1043 1434 126 47 rias
1122 1434 126 47 esse
1201 1434 94 47 in
1248 1434 142 47 eodem
1342 1434 204 47 subiecto.
1499 1434 110 47 sed
1562 1434 110 47 hoc
1625 1434 110 47 non
1688 1434 110 47 est
1735 1434 79 47 deo

1038 1474 251 59 impossibile.
1242 1474 173 59 igitur.
1368 1474 236 59 Respondetur
1557 1474 220 59 concedendo
1714 1474 94 59 quod

1044 1522 127 51 deus
1124 1522 95 51 de
1171 1522 191 51 potentia
1315 1522 191 51 absoluta
1458 1522 159 51 possit
1569 1522 159 51 ponere
1665 1522 143 51 qualita

1038 1566 107 45 tes
1099 1566 213 45 contrarias
1266 1566 91 45 in
1312 1566 137 45 eodem
1403 1566 198 45 subiecto.
1555 1566 107 45 sed
1616 1566 107 45 hoc
1677 1566 91 45 ad
1707 1566 107 45 beati

1050 1608 162 52 tudinem
1168 1608 103 52 non
1227 1608 192 52 sufficit.
1375 1608 74 52 &
1404 1608 118 52 dico
1478 1608 118 52 quod
1552 1608 103 52 has
1611 1608 206 52 qualitates
1758 1608 59 52 ha

1046 1655 125 54 bens
1125 1655 110 54 non
1187 1655 110 54 est
1250 1655 172 54 beatus:
1375 1655 125 54 quia
1454 1655 204 54 beatitudo
1610 1655 188 54 supponit
1736 1655 78 54 pro

1038 1696 139 52 illis
1130 1696 154 52 tribus
1238 1696 216 52 connotando
1408 1696 124 52 quod
1486 1696 139 52 illas
1578 1696 154 52 habens
1686 1696 108 52 non
1733 1696 77 52 ha-

1039 1742 132 48 beat
1122 1742 182 48 aliquid
1255 1742 199 48 aduersum
1403 1742 116 48 his
1470 1742 165 48 tribus
1585 1742 99 48 de
1635 1742 165 48 commui
1734 1742 83 48 le-

1037 1789 109 50 ge.
1100 1789 125 50 modo
1178 1789 94 50 in
1225 1789 219 50 obiectione
1397 1789 172 50 deficit
1522 1789 125 50 illa
1600 1789 234 50 connotatio:
1772 1789 47 50 &

1050 1829 112 52 per
1114 1829 225 52 consequens
1291 1829 241 52 suppositio.
1484 1829 145 52 quare
1580 1829 161 52 siquis
1676 1829 129 52 videre

1042 1886 115 48 deum
1113 1886 72 48 &
1142 1886 100 48 non
1199 1886 186 48 diligeret
1343 1886 115 48 eum,
1414 1886 72 48 &
1443 1886 186 48 gauderet:
1586 1886 100 48 non
1643 1886 129 48 esset
1715 1886 86 48 bea-

1046 1915 115 59 tus:
1117 1915 115 59 quia
1189 1915 172 59 terminus
1318 1915 186 59 beatitudo
1461 1915 100 59 hoc
1518 1915 186 59 connotat.
1662 1915 115 59 Quia
1719 1915 86 59 aute

1045 1961 168 51 Christus
1171 1961 98 51 cum
1227 1961 210 51 beatitudine
1395 1961 168 51 habuerit
1522 1961 210 51 tristitiam:
1690 1961 98 51 non
1732 1961 84 51 erat

1045 2008 92 53 de
1091 2008 123 53 lege
1167 2008 184 53 communi.
1305 2008 92 53 Ex
1351 2008 107 53 hoc
1413 2008 138 53 patet
1504 2008 123 53 quod
1581 2008 199 53 beatitudo
1734 2008 107 53 ma-

1042 2050 128 48 nebit
1127 2050 170 48 qualitas
1254 2050 85 48 in
1297 2050 156 48 aliquo:
1410 2050 142 48 quando
1509 2050 99 48 non
1566 2050 113 48 erit
1623 2050 184 48 beatitudo.,

1048 2096 71 53 â‹
1076 2096 143 53 Tertio
1176 2096 186 53 arguitur.
1319 2096 186 53 beatitudo
1462 2096 143 53 nostra
1561 2096 100 53 est
1619 2096 114 53 quod
1676 2096 128 53 optimum

1036 2134 116 56 quia
1108 2134 101 56 est
1166 2134 130 56 finis
1253 2134 130 56 vitae
1339 2134 174 56 humanae.
1470 2134 101 56 sed
1528 2134 130 56 visio
1614 2134 101 56 dei
1672 2134 101 56 est
1716 2134 101 56 acci-

1040 2181 124 49 dens.
1123 2181 179 49 similiter
1260 2181 165 49 dilectio
1384 2181 69 49 &
1412 2181 165 49 gaudium.
1536 2181 220 49 Respondetur.
1701 2181 110 49 beati-

1039 2226 114 50 tudo
1110 2226 184 50 obiectiua
1252 2226 128 50 debet
1337 2226 114 50 esse
1408 2226 114 50 quid
1479 2226 170 50 optimum:
1606 2226 99 50 non
1663 2226 128 50 autem
1734 2226 71 50 bea

1038 2269 142 47 titudo
1137 2269 185 47 formalis:
1279 2269 128 47 tamen
1365 2269 114 47 ipsa
1436 2269 99 47 est
1492 2269 142 47 optima
1592 2269 170 47 qualitas
1706 2269 99 47 haben

1047 2311 94 49 ti.
1100 2311 120 49 licet
1180 2311 107 49 enim
1247 2311 120 49 musca
1327 2311 187 49 entitatiue
1474 2311 160 49 praestet
1594 2311 200 49 beatitudini
1741 2311 67 49 for

1033 2363 133 49 mali:
1122 2363 103 49 non
1181 2363 133 49 tamen
1269 2363 103 49 est
1328 2363 118 49 adeo
1402 2363 118 49 bona
1475 2363 177 49 habenti.
1608 2363 74 49 â‹
1637 2363 177 49 Hactenus
1755 2363 59 49 de

1044 2404 101 55 dei
1101 2404 216 55 beatitudine
1274 2404 72 55 &
1303 2404 187 55 beatitate
1447 2404 144 55 creata
1548 2404 115 55 quae
1620 2404 86 55 in
1649 2404 158 55 aggregato

1049 2446 168 49 visionis
1175 2446 112 49 dei,
1245 2446 211 49 dilectionis
1414 2446 98 49 dei
1470 2446 126 49 clare
1554 2446 126 49 visi,
1639 2446 70 49 &
1667 2446 140 49 gaudii
1751 2446 56 49 in

1040 2491 77 49 de
1079 2491 206 49 consequentis
1246 2491 180 49 consistit:
1387 2491 77 49 si
1426 2491 90 49 non
1477 2491 141 49 ponatur
1580 2491 141 49 aliquid
1683 2491 116 49 aliud
1747 2491 64 49 cum

1039 2536 133 49 illis
1128 2536 89 49 de
1172 2536 118 49 lege
1246 2536 163 49 communi
1364 2536 177 49 pugnans.
1498 2536 74 49 &
1512 2536 296 49 proportionabiliter

1032 2579 90 72 de
1077 2579 180 72 quolibet
1212 2579 165 72 istorum
1331 2579 150 72 dicere
1421 2579 120 72 potes.

1029 2668 112 84 â‹
1073 2668 380 84 Distinctionis
1364 2668 447 84 Quadragesimaenonae

1196 2742 296 83 Quaestio
1394 2742 222 83 Quarta.
