2345 3286
818 310 197 78 Varto
950 310 131 78 in
1015 310 153 78 hac
1081 310 197 78 distin-

835 373 150 54 ctione
940 373 211 54 quaeritur.
1106 373 90 54 An
1151 373 120 54 homo
1211 373 60 54 na

831 418 193 50 turaliter
980 418 149 50 possit
1084 418 119 50 deum
1143 418 119 50 videre

828 463 102 57 Pro
887 463 189 57 solutione
1032 463 218 57 quaestionis
1192 463 73 57 po-

828 506 92 62 no
874 506 260 62 conclusiones.
1088 506 153 62 quarum
1179 506 92 62 Pri-

829 549 83 59 ma
871 549 111 59 est.
940 549 139 59 Nullus
1038 549 139 59 potest
1121 549 153 59 essentiam

814 592 187 57 diuinam
950 592 153 57 oculo
1053 592 204 57 corporeo
1189 592 85 57 vi-

491 639 144 52 dere.
587 639 80 52 ⁋
619 639 176 52 Secunda
748 639 209 52 coclusio.
908 639 241 52 Intellectus
1085 639 176 52 separatus

503 692 97 47 vel
559 692 208 47 intellectus
725 692 152 47 hominis
835 692 138 47 beati,
932 692 180 47 essentiam
1070 692 138 47 diuina
1153 692 111 47 videt.

502 721 77 55 ⁋
532 721 153 55 Tertia
640 721 215 55 conclusio.
808 721 230 55 Intellectus
992 721 138 55 nudus
1084 721 169 55 creatus
1191 721 77 55 cum

490 776 205 47 influentia
651 776 102 47 dei
710 776 175 47 generali
841 776 102 47 non
900 776 146 47 potest
1002 776 190 47 essentiam
1133 776 132 47 diuinam

500 809 154 56 videre.
612 809 70 56 ⁋
640 809 126 56 Prima
724 809 182 56 conclusio
864 809 168 56 probatur
990 809 112 56 sic.
1060 809 168 56 Essentia
1172 809 98 56 diui-

502 857 88 51 na
546 857 103 51 est
605 857 221 51 incorporea:
782 857 118 51 ergo
856 857 103 51 non
915 857 133 51 cadit
1003 857 103 51 sub
1062 857 177 51 obiectum
1180 857 88 51 ali-

499 904 130 52 cuius
585 904 158 52 sensus.
700 904 101 52 sed
758 904 130 52 nulla
844 904 173 52 potentia
974 904 86 52 in
1017 904 158 52 opeando
1132 904 130 52 totam
1204 904 58 52 la

500 944 182 51 titudinem
640 944 98 51 sui
696 944 154 51 obiecti
808 944 210 51 trascendit.
976 944 112 51 ldem
1046 944 196 51 ostenditur
1200 944 98 51 au-

485 993 205 46 ctoritate
643 993 205 46 Augustini
801 993 95 46 ad
848 993 190 46 Paulinam
991 993 95 46 in
1038 993 142 46 libro
1133 993 95 46 de
1164 993 95 46 vide

483 1035 89 47 do
528 1035 118 47 deum
602 1035 193 47 dicentis.
750 1035 118 47 Deum
824 1035 118 47 nemo
898 1035 133 47 vidit
987 1035 163 47 vnquam:
1105 1035 104 47 vel
1164 1035 89 47 in
1194 1035 74 47 hac

506 1079 109 52 vita
575 1079 123 52 sicut
657 1079 109 52 ipse
725 1079 109 52 est,
793 1079 96 52 vel
848 1079 82 52 in
889 1079 178 52 angelorum
1025 1079 123 52 vita:
1107 1079 123 52 sicut
1175 1079 96 52 visi-

496 1118 132 51 bilia
584 1118 117 51 ista
658 1118 147 51 contra
760 1118 191 51 corporali
907 1118 161 51 visione
1024 1118 205 51 cernuntur.
1185 1118 73 51 ⁋
1200 1118 73 51 Se-

495 1169 111 50 cunda
568 1169 160 50 conclusio
691 1169 147 50 probatur
802 1169 86 50 per
851 1169 123 50 illud.
937 1169 74 50 i.
974 1169 147 50 Ioannis.
1084 1169 86 50 ii.
1121 1169 135 50 Videbimus

499 1205 97 62 eum
554 1205 138 62 sicuti
651 1205 111 62 est.
720 1205 69 62 &
748 1205 138 62 primae
845 1205 83 62 ad
886 1205 207 62 Corinthios.
1052 1205 124 62 xiii.
1135 1205 83 62 c.
1162 1205 97 62 dicit

494 1251 182 57 Apostols.
634 1251 154 57 Videmus
745 1251 112 57 nunc
815 1251 98 57 per
871 1251 168 57 speculum
997 1251 84 57 in
1039 1251 195 57 aenigmate:
1178 1251 84 57 tunc

499 1298 134 55 autem
588 1298 134 55 facie
677 1298 89 55 ad
722 1298 163 55 facien.
841 1298 119 55 Nunc
915 1298 178 55 cognosco
1048 1298 89 55 ex
1093 1298 148 55 parte:
1182 1298 89 55 tunc

485 1346 146 53 autem
582 1346 211 53 cognoscam
744 1346 146 53 sicut
841 1346 81 53 &
874 1346 195 53 cognitus
1020 1346 130 53 sum.
1101 1346 130 53 modo
1166 1346 97 53 noti

493 1392 99 52 tia
549 1392 170 52 facialis
677 1392 99 52 est
733 1392 156 52 notitia
847 1392 198 52 intuitiua.
1002 1392 71 52 ⁋
1030 1392 141 52 Tertia
1115 1392 156 52 conclusio

496 1434 192 50 communiter
647 1434 178 50 recipitur
784 1434 110 50 quod
853 1434 110 50 deus
921 1434 151 50 propter
1031 1434 110 50 suam
1086 1434 178 50 infinitatem

492 1481 143 53 nullo
587 1481 127 53 modo
667 1481 143 53 cadit
762 1481 111 53 sub
825 1481 190 53 obiectum
968 1481 254 53 intellectus:
1158 1481 111 53 licet

487 1523 112 52 deus
557 1523 98 52 cum
613 1523 197 52 influentia
768 1523 98 52 sua
824 1523 168 52 generali
950 1523 197 52 concurrat.
1105 1523 98 52 nam
1161 1523 84 52 ad
1189 1523 70 52 hoc

501 1565 187 54 requiritur
647 1565 120 54 lumen
727 1565 160 54 gloriae,
847 1565 80 54 vt
887 1565 133 54 postea
980 1565 133 54 dicam.
1074 1565 93 54 Sed
1113 1565 147 54 difficile

493 1609 101 54 est
550 1609 115 54 hanc
622 1609 231 54 conclusionem
810 1609 159 54 probare
925 1609 159 54 seclusa
1026 1609 231 54 determinatione

487 1657 182 52 ecclesiae
627 1657 98 52 per
683 1657 154 52 Clemen.
795 1657 84 52 Ad
837 1657 168 52 nostrum.
964 1657 84 52 de
1006 1657 168 52 haereti.
1132 1657 98 52 vbi
1174 1657 98 52 quin-

488 1699 113 47 tus
552 1699 145 47 error
649 1699 242 47 Beguardorum
842 1699 81 47 &
874 1699 225 47 Beguinarum
1052 1699 177 47 recitat
1164 1699 97 47 sic.

497 1736 153 65 Quinto,
608 1736 111 65 quod
678 1736 181 65 quaelibet
817 1736 250 65 intellectualis
1026 1736 139 65 natura
1123 1736 83 65 in
1151 1736 111 65 seipsa

478 1789 209 58 naturaliter
645 1789 98 58 est
701 1789 139 58 beata:
799 1789 112 58 quod
869 1789 112 58 quod
938 1789 126 58 anima
1022 1789 98 58 non
1078 1789 153 58 indiget
1175 1789 84 58 lumi

493 1832 87 52 ne
536 1832 159 52 gloriae
652 1832 130 52 ipsam
739 1832 174 52 eleuante
869 1832 87 52 ad
912 1832 116 52 deum
985 1832 188 52 videndum,
1130 1832 72 52 &
1159 1832 87 52 eo
1188 1832 72 52 bea

493 1871 82 66 te
534 1871 178 66 fruendum.
671 1871 110 66 Adam
740 1871 123 66 autem
822 1871 69 66 &
850 1871 151 66 aliquot
959 1871 110 66 alii
1028 1871 137 66 dicunt
1124 1871 110 66 quod
1178 1871 69 66 red

491 1914 129 54 ritur
577 1914 129 54 lumen
663 1914 172 54 diuinum,
792 1914 172 54 scilicet
921 1914 115 54 ipse
993 1914 129 54 deus:
1079 1914 72 54 &
1107 1914 100 54 hoc
1150 1914 115 54 suffi-

488 1963 114 57 cit,
559 1963 114 57 quod
631 1963 129 57 nullo
717 1963 114 57 modo
788 1963 157 57 placet.
902 1963 86 57 De
945 1963 100 57 hoc
1003 1963 114 57 enim
1074 1963 157 57 nunquam
1174 1963 86 57 fuit

490 1996 177 67 dubium
614 1996 159 67 inter
702 1996 212 67 theologos.

487 2047 101 94 ⁋
527 2047 202 94 Contra
669 2047 202 94 primam
811 2047 324 94 conclusionem
1054 2047 202 94 arguitur

488 2119 98 58 per
544 2119 126 58 illud
628 2119 112 58 quod
698 2119 196 58 scribitur.
852 2119 112 58 Iob.
923 2119 112 58 xix.
993 2119 84 58 In
1035 2119 126 58 carne
1119 2119 98 58 mea
1161 2119 98 58 vide-

478 2158 88 65 bo
522 2158 117 65 deum
596 2158 205 65 saluatorem
757 2158 132 65 meum.
845 2158 73 65 ⁋
875 2158 161 65 Secundo
992 2158 176 65 arguitur
1124 2158 88 65 ad
1153 2158 103 65 idem.

497 2204 124 55 Deus
575 2204 155 55 potest
684 2204 155 55 videri
793 2204 93 55 ab
839 2204 155 55 homine
948 2204 171 55 visione
1057 2204 202 55 imaginaria.

486 2248 89 64 Nam
537 2248 139 64 Esaiae.
638 2248 89 64 vi.
689 2248 152 64 dicitur.
803 2248 101 64 Vidi
867 2248 139 64 dominum
968 2248 152 64 sedentem
1082 2248 114 64 super
1146 2248 101 64 solium

474 2298 195 53 excelsum
620 2298 114 53 &c.
685 2298 114 53 sed
750 2298 146 53 visio
848 2298 228 53 imaginaria
1027 2298 81 53 a
1060 2298 146 53 sensu
1141 2298 114 53 habet

478 2348 168 50 originem
604 2348 70 50 /
632 2348 70 50 &
660 2348 98 50 est
716 2348 168 50 extensa.
842 2348 70 50 ⁋
870 2348 84 50 Ad
912 2348 140 50 primum
1010 2348 224 50 respondetur.
1178 2348 70 50 Iob

474 2383 96 64 non
529 2383 124 64 dicit
612 2383 110 64 quod
680 2383 151 64 videbit
790 2383 110 64 deum
859 2383 124 64 oculo
942 2383 179 64 corporeo:
1079 2383 96 64 sed
1134 2383 110 64 quod
1189 2383 55 64 in

485 2432 128 44 carne
570 2432 100 44 sua
627 2432 156 44 videbit
741 2432 199 44 saluatorem
897 2432 128 44 suum.
983 2432 100 44 per
1040 2432 142 44 videre
1139 2432 100 44 aut
1196 2432 85 44 in

481 2469 174 64 telligit
611 2469 188 64 intuitiue
755 2469 217 64 cognoscere.
929 2469 101 64 sic
987 2469 116 64 enim
1059 2469 130 64 vulgo
1131 2469 116 64 vtimur

477 2520 194 58 vocabulo.
626 2520 105 58 hoc
686 2520 105 58 est
746 2520 149 58 habere
851 2520 179 58 notitiam
985 2520 254 58 intellectiuam
1179 2520 75 58 in-

481 2553 177 65 tuitiuam.
618 2553 68 65 ⁋
645 2553 82 65 Ad
686 2553 163 65 secundum
808 2553 204 65 respondetur
972 2553 109 65 quod
1040 2553 82 65 in
1081 2553 150 65 visione
1176 2553 68 65 ima

482 2594 154 69 ginaria
594 2594 98 69 non
650 2594 154 69 videtur
763 2594 98 69 dei
819 2594 182 69 essentia:
959 2594 98 69 sed
1015 2594 140 69 aliqua
1114 2594 126 69 forma
1198 2594 84 69 in

477 2637 233 68 imaginatione
667 2637 175 68 formatur
798 2637 117 68 deum
871 2637 146 68 aliquo
973 2637 117 68 modo
1031 2637 204 68 representans

482 2680 67 84 ⁋
508 2680 148 84 Taertio
616 2680 175 84 arguitur.
750 2680 161 84 Apostoli
871 2680 161 84 viderunt
992 2680 161 84 Christum
1113 2680 81 84 in
1140 2680 107 84 terra:

1337 327 129 66 ergo
1417 327 193 66 viderunt
1562 327 145 66 deum.
1659 327 81 66 ⁋
1691 327 177 66 Quarto.
1820 327 145 66 Visio
1917 327 193 66 corporea
2045 327 81 66 in-

1346 379 95 47 est
1401 379 163 47 realiter
1523 379 150 47 animae:
1632 379 68 47 &
1659 379 95 47 est
1714 379 150 47 extensa
1823 379 122 47 sicut
1904 379 150 47 notitia
2000 379 122 47 intelle

1330 414 144 59 ctiua.
1430 414 100 59 sed
1488 414 115 59 deus
1559 414 129 59 cadit
1645 414 100 59 sub
1703 414 172 59 obiectum
1832 414 172 59 notitiae
1947 414 172 59 intellecti

1338 466 121 58 uae:
1413 466 121 58 ergo
1489 466 136 58 cadit
1579 466 106 58 sub
1639 466 181 58 obiectum
1775 466 196 58 visionis.
1926 466 75 58 ⁋
1956 466 90 58 Ad
1986 466 136 58 tertium

1339 512 186 57 coceditur
1482 512 200 57 antecedens
1639 512 71 57 &
1667 512 200 57 consequens
1824 512 100 57 per
1867 512 243 57 communicationem

1333 546 205 64 idiomatum,
1494 546 73 64 &
1523 546 102 64 per
1582 546 190 64 accidens:
1728 546 117 64 quia
1801 546 175 64 viderunt
1918 546 190 64 humanitatem

1337 595 121 60 eius.
1417 595 94 60 sed
1471 595 108 60 deus
1539 595 94 60 non
1593 595 108 60 erat
1660 595 162 60 obiectum
1781 595 94 60 per
1835 595 81 60 se
1876 595 135 60 illius
1957 595 148 60 visionis.

1330 633 100 69 De
1380 633 117 69 hoc
1447 633 150 69 autem
1547 633 183 69 loquuti
1680 633 150 69 sumus
1781 633 100 69 in
1831 633 183 69 materia
1947 633 167 69 Euchari-

1332 673 156 59 stiae:
1442 673 172 59 quomodo
1567 673 156 59 corpus
1676 673 187 59 Churisti
1816 673 94 59 in
1863 673 234 59 Eucharistia
2035 673 78 59 vi-

1331 724 183 64 deatur.
1465 724 83 64 ⁋
1498 724 100 64 Ad
1548 724 183 64 quartum
1681 724 167 64 negata
1798 724 167 64 maiore
1914 724 133 64 dico
1981 724 133 64 visio-

1325 772 98 52 nem
1381 772 182 52 inhaerere
1521 772 98 52 vni
1577 772 168 52 subiecto
1703 772 168 52 extenso,
1830 772 168 52 scilicet
1956 772 182 52 aggregato

1332 819 150 52 animae
1437 819 75 52 &
1467 819 150 52 organi
1573 819 90 52 in
1618 819 135 52 oculo
1708 819 180 52 situati.
1843 819 135 52 Etiam
1934 819 180 52 tenentes
2054 819 60 52 vi

1327 855 151 65 sionem
1433 855 121 65 soli
1508 855 151 65 animae
1614 855 257 65 intellectiuae
1826 855 197 65 inhaerere
1962 855 151 65 negarent

1326 900 129 61 deum
1406 900 161 61 cadere
1519 900 113 61 sub
1584 900 193 61 obiectum
1729 900 209 61 visionis:
1890 900 193 61 dicentes
2018 900 97 61 deum

1322 940 99 62 non
1378 940 141 62 cadere
1477 940 99 62 sub
1534 940 170 62 obiectum
1661 940 127 62 talis
1746 940 212 62 qualitatis.
1916 940 99 62 sed
1973 940 127 62 licet
2043 940 57 62 id

1325 993 182 60 dicant:
1458 993 116 60 non
1524 993 165 60 facile
1640 993 165 60 dabunt
1756 993 165 60 causam
1871 993 149 60 quare
1971 993 132 60 deus
2037 993 66 60 ca

1326 1030 111 73 dat
1389 1030 111 73 sub
1453 1030 190 73 obiectum
1595 1030 142 73 vnius
1690 1030 206 73 notitiae,
1848 1030 79 73 &
1880 1030 111 73 non
1927 1030 174 73 alterius.

1322 1070 110 68 sed
1385 1070 94 68 de
1432 1070 110 68 hoc
1479 1070 125 68 alias.

1328 1134 98 59 ⁋
1368 1134 196 59 Contra
1505 1134 236 59 secundam
1682 1134 295 59 coclusionem
1898 1134 216 59 arguitur.

1332 1184 147 67 Beatus
1435 1184 206 67 Dionysius.
1597 1184 88 67 i.
1641 1184 88 67 c.
1685 1184 88 67 de
1729 1184 132 67 diui,
1817 1184 103 67 no.
1876 1184 88 67 de
1920 1184 103 67 deo
1964 1184 132 67 loquens

1334 1235 131 61 dicit.
1426 1235 118 61 Neque
1504 1235 131 61 sensus
1596 1235 92 61 est
1649 1235 118 61 eius,
1728 1235 118 61 neque
1806 1235 184 61 phantasia,
1951 1235 118 61 neque
2016 1235 79 61 opi-

1332 1278 119 63 nio,
1406 1278 104 63 nec
1466 1278 148 63 ratio,
1569 1278 104 63 nec
1629 1278 193 63 scientia.
1777 1278 89 63 Et
1821 1278 237 63 Chrysostomus
1999 1278 104 63 super

1320 1319 132 59 illud
1408 1319 176 59 loannis.
1541 1319 88 59 i.
1585 1319 118 59 Deum
1658 1319 118 59 nemo
1732 1319 132 59 vidit
1820 1319 162 59 vnquam.
1937 1319 103 59 sic
1981 1319 118 59 dicit.

1330 1357 127 68 Ipsum
1415 1357 113 68 quod
1485 1357 99 68 est
1542 1357 113 68 deus
1612 1357 99 68 non
1669 1357 127 68 solum
1753 1357 198 68 prophetae,
1909 1357 99 68 sed
1965 1357 99 68 nec
2007 1357 85 68 ange

1328 1402 81 68 li
1368 1402 161 68 viderunt
1489 1402 67 68 /
1516 1402 94 68 nec
1569 1402 202 68 archangeli,
1731 1402 108 68 quod
1798 1402 108 68 enim
1865 1402 175 68 creabilis
1999 1402 94 68 est
2040 1402 67 68 na-

1320 1456 149 49 turae,
1425 1456 179 49 qualiter
1559 1456 149 49 videre
1663 1456 164 49 poterit
1783 1456 119 49 quod
1857 1456 104 49 est
1902 1456 194 49 increabile?

1326 1501 76 58 ⁋
1356 1501 92 58 Ad
1402 1501 153 58 primum
1509 1501 229 58 respondetur
1692 1501 122 58 quod
1769 1501 214 58 auctoritas
1937 1501 138 58 beati
2013 1501 92 58 Dio-

1322 1543 123 58 nysii
1404 1543 177 58 adducitur
1541 1543 177 58 truncata.
1677 1543 123 58 verba
1759 1543 123 58 autem
1841 1543 218 58 praecedentia
2005 1543 96 58 decla

1334 1579 111 62 rant
1403 1579 83 62 in
1445 1579 97 62 quo
1501 1579 125 62 sensu
1584 1579 180 62 loquatur.
1723 1579 97 62 nam
1778 1579 111 62 ante
1847 1579 222 62 auctoritatem
2014 1579 83 62 hanc

1331 1625 131 65 dicit.
1423 1625 144 65 Omnibus
1527 1625 105 65 ipse
1593 1625 92 65 est
1645 1625 222 65 vniuersaliter
1815 1625 275 65 incomprehensibilis.

1331 1669 172 63 loquitur
1460 1669 115 63 ergo
1532 1669 86 63 de
1575 1669 158 63 visione
1689 1669 287 63 comprehensionis.
1933 1669 115 63 modo
1991 1669 100 63 nulla

1333 1719 183 60 creatura
1470 1719 244 60 comprehendit
1668 1719 137 60 deum.
1760 1719 107 60 Sic
1821 1719 137 60 loan.
1897 1719 183 60 Chrysostom

1318 1769 128 55 post
1398 1769 144 55 verba
1494 1769 176 55 adducta
1622 1769 160 55 dicit.
1733 1769 144 55 Nulla
1829 1769 192 55 creatura
1973 1769 160 55 cogno-

1324 1806 121 59 scit
1399 1806 136 59 sicut
1490 1806 136 59 pater
1581 1806 197 59 cognoscit
1717 1806 136 59 filium.

1310 1854 100 66 ⁋
1350 1854 199 66 Contra
1490 1854 219 66 tertiam
1649 1854 319 66 conclusionem
1889 1854 199 66 arouitur

1325 1901 116 63 sic.
1397 1901 101 63 Vel
1455 1901 101 63 hoc
1513 1901 101 63 est
1571 1901 116 63 quia
1643 1901 188 63 beatitudo
1788 1901 101 63 non
1846 1901 145 63 potest
1933 1901 159 63 inhaerere

1321 1951 130 61 beato
1407 1951 116 61 nisi
1480 1951 174 61 mediante
1610 1951 145 61 aliquo
1712 1951 261 61 supernaturali.
1929 1951 72 61 &
1958 1951 101 61 hoc
2001 1951 87 61 non:

1325 2005 114 54 quia
1396 2005 128 54 illud
1481 2005 128 54 lumen
1567 2005 156 54 gloriae
1680 2005 185 54 immediate
1823 2005 171 54 inhaeret
1951 2005 114 54 ipsi
2008 2005 85 54 ani-

1308 2046 121 52 mae:
1383 2046 121 52 ergo
1459 2046 136 52 eodem
1549 2046 121 52 modo
1625 2046 196 52 beatitudo
1775 2046 151 52 potest
1881 2046 196 52 immediate
2017 2046 75 52 ant

1318 2094 96 61 mae
1373 2094 192 61 inhaerere.
1524 2094 96 61 Vel
1578 2094 150 61 propter
1688 2094 205 61 actiuitatem
1852 2094 137 61 ipsius
1948 2094 137 61 animae
2030 2094 68 61 non

1329 2134 159 54 potentis
1448 2134 212 54 sufficienter
1620 2134 146 54 eleuari
1726 2134 80 54 ad
1766 2134 159 54 videndum
1885 2134 106 54 deum
1952 2134 106 54 sine
2005 2134 80 54 tali

1316 2173 157 59 lumine:
1430 2173 72 59 &
1459 2173 114 59 tunc
1530 2173 172 59 sequitur
1659 2173 114 59 quod
1730 2173 157 59 angelus
1845 2173 100 59 vel
1902 2173 172 59 creatura
2016 2173 72 59 su-

1326 2226 141 47 perior
1424 2226 141 47 creata
1523 2226 98 47 vel
1579 2226 183 47 creabilis
1720 2226 127 47 tatum
1804 2226 211 47 actiuitatis
1973 2226 112 47 plus
2029 2226 56 47 ha

1319 2264 112 65 bens
1389 2264 126 65 super
1472 2264 209 65 intellectum
1640 2264 167 65 humanum,
1765 2264 153 65 quantum
1877 2264 98 65 est
1919 2264 167 65 supplemen-

1316 2310 102 54 tum
1374 2310 160 54 luminis
1490 2310 174 54 gloriae:
1620 2310 160 54 poterit
1736 2310 116 54 sine
1809 2310 116 54 tali
1881 2310 145 54 lumine
1968 2310 116 54 videre

1321 2347 124 64 deum.
1404 2347 83 64 In
1445 2347 124 64 super
1528 2347 110 64 deus
1597 2347 138 64 potest
1694 2347 166 64 supplere
1818 2347 207 64 actiuitatem
1970 2347 124 64 luminis

1310 2389 163 60 gloriae:
1432 2389 95 60 cum
1487 2389 163 60 quicquod
1609 2389 136 60 potest
1704 2389 108 60 deus
1771 2389 95 60 cum
1825 2389 122 60 causa
1907 2389 163 60 secunda,
2015 2389 68 60 pos

1316 2441 93 56 sit
1369 2441 79 56 se
1408 2441 119 56 solo.
1488 2441 93 56 sed
1541 2441 106 56 deus
1607 2441 93 56 cum
1660 2441 132 56 lumine
1753 2441 146 56 gloriae
1859 2441 132 56 potest
1938 2441 146 56 producere

1319 2477 226 64 beatitudinem
1502 2477 85 64 in
1545 2477 141 64 animam
1643 2477 141 64 beati:
1742 2477 113 64 ergo
1813 2477 99 64 hoc
1869 2477 141 64 potest
1968 2477 113 64 deus
2025 2477 56 64 se

1312 2524 131 66 solo.
1400 2524 73 66 ⁋
1429 2524 117 66 lsta
1502 2524 190 66 argumenta
1648 2524 190 66 inquirunt
1793 2524 131 66 quare
1881 2524 160 66 ponitur
1983 2524 102 66 lumen

1319 2567 157 71 gloriae.
1437 2567 157 71 Consulto
1554 2567 183 71 relinquens
1698 2567 105 71 illa
1763 2567 105 71 quam
1829 2567 105 71 alii
1894 2567 144 71 ponunt:
1985 2567 105 71 tangam

1306 2622 133 53 quod
1390 2622 200 53 opinione
1539 2622 116 53 mea
1606 2622 166 53 iudico
1722 2622 200 53 dicedum.
1872 2622 200 53 Possumus
2005 2622 83 53 ima

1320 2663 162 58 ginari,
1438 2663 133 58 lumen
1526 2663 162 58 gloriae
1644 2663 118 58 poni
1718 2663 88 58 ob
1762 2663 118 58 duo,
1836 2663 177 58 scilicet
1968 2663 88 58 ob
1998 2663 88 58 dis-

1313 2707 197 62 positionem
1468 2707 169 62 subiecti
1594 2707 197 62 beatifici:
1749 2707 98 62 vel
1805 2707 84 62 ad
1847 2707 183 62 eleuandam
1974 2707 112 62 poten
