2332 3313
1296 295 96 55 trem
1356 295 108 55 meum.
1428 295 60 55 ⁋
1452 295 84 55 Sed
1500 295 96 55 quia
1560 295 108 55 btuns
1632 295 96 55 Tho.
1693 295 132 55 secunda
1789 295 156 55 secundae.
1909 295 96 55 qui.
1957 295 120 55 xxxiiii.

1301 344 101 53 art.
1364 344 113 53 primo
1440 344 113 53 dicit
1515 344 101 53 quod
1578 344 126 53 aliqui
1666 344 101 53 sunt
1729 344 151 53 effectus
1843 344 88 53 dei
1893 344 151 53 quinullo
1994 344 76 53 modo

1290 388 167 59 possunt
1411 388 121 59 esse
1487 388 197 59 contrarii
1638 388 197 59 voluntati
1790 388 182 59 humanae,
1926 388 121 59 quia
1987 388 91 59 esse

1306 431 142 54 viuere
1405 431 71 54 &
1433 431 213 54 intelligere
1603 431 99 54 est
1660 431 198 54 appetibile
1816 431 71 54 &
1844 431 156 54 amabile
1943 431 128 54 omnibus

1298 478 91 58 qui
1350 478 103 58 sunt
1414 478 129 58 quidam
1505 478 155 58 effectus
1621 478 103 58 dei.
1686 478 103 58 vnde
1751 478 116 58 etiam
1828 478 155 58 secundum
1945 478 103 58 quod
1996 478 78 58 deus

1289 526 280 49 apprehenditur
1519 526 99 49 vt
1568 526 164 49 auctor
1683 526 148 49 horum
1782 526 230 49 effectuum:
1963 526 115 49 non
2012 526 66 49 po

1289 573 131 47 test
1371 573 131 47 odio
1453 573 181 47 haberi.
1584 573 164 47 Contra
1699 573 115 47 hoc
1765 573 115 47 sit
1831 573 164 47 Quarta
1929 573 148 47 conclu-

1293 611 116 55 sio.
1366 611 116 55 Deus
1439 611 218 55 apprehensus
1613 611 174 55 secundum
1744 611 189 55 praedicta
1889 611 131 55 esse,
1962 611 116 55 viuere

1291 649 68 50 &
1319 649 108 50 alia
1386 649 108 50 quae
1454 649 176 50 creaturis
1590 649 203 50 communicat,
1753 649 136 50 potest
1847 649 108 50 odio
1915 649 136 50 hairi.
1997 649 81 50 Pro-

1295 696 135 51 batur.
1390 696 95 51 nam
1444 696 176 51 aliquibus
1580 696 176 51 displicet
1715 696 108 51 quod
1782 696 108 51 esse
1850 696 68 51 &
1877 696 135 51 viuere
1958 696 122 51 habeant

1288 743 138 51 immo
1374 743 207 51 appetunt
1529 743 121 51 non
1598 743 155 51 esse.
1702 743 103 51 vt
1753 743 241 51 Achitophel
1943 743 86 51 /
1960 743 121 51 Saul-

1292 792 105 50 Cato
1357 792 66 50 /
1384 792 66 50 &
1410 792 144 50 similes
1515 792 92 50 qui
1567 792 105 50 sibi
1633 792 131 50 mortem
1724 792 210 50 consciscunt:
1895 792 131 50 quibus
1973 792 105 50 potest

1301 834 200 47 displicere
1458 834 143 47 auctor
1558 834 129 47 vitae
1644 834 115 47 quid
1716 834 100 47 est
1773 834 129 47 deus:
1859 834 115 47 ergo
1931 834 115 47 deus
1988 834 100 47 appre

1296 876 148 49 hensus
1400 876 89 49 vt
1444 876 148 49 auctor
1548 876 133 49 vitae
1637 876 148 49 potest
1740 876 118 49 odio
1814 876 163 49 haberi.
1933 876 104 49 Sed
1977 876 104 49 dicis

1301 924 102 44 hoc
1360 924 102 44 est
1418 924 87 44 de
1461 924 102 44 per
1520 924 189 44 accidens:
1665 924 116 44 quia
1738 924 131 44 tales
1825 924 145 44 volunt
1927 924 175 44 liberari
2043 924 44 44 a

1296 972 151 49 poena.
1402 972 151 49 Insto.
1507 972 106 49 hoc
1568 972 106 49 non
1628 972 166 49 soluit:
1749 972 121 49 quia
1824 972 121 49 deus
1885 972 196 49 apprehensus

1300 1006 87 51 vt
1343 1006 159 51 punitor
1459 1006 217 51 peccatorum,
1632 1006 145 51 potest
1734 1006 116 51 odio
1806 1006 145 51 haberi
1907 1006 72 51 a
1922 1006 159 51 voluntate

1295 1054 206 54 inordinata:
1460 1054 69 54 &
1488 1054 96 54 hoc
1542 1054 96 54 non
1597 1054 110 54 nisi
1666 1054 110 54 quia
1735 1054 179 54 displicet
1872 1054 179 54 voluntati
1996 1054 82 54 quod

1302 1098 122 54 deus
1378 1098 167 54 puniat.
1500 1098 107 54 sed
1560 1098 107 54 sic
1621 1098 107 54 est
1682 1098 91 54 in
1728 1098 198 54 proposito
1880 1098 91 54 de
1926 1098 167 54 datione
2032 1098 61 54 vi

1290 1141 104 48 tae
1350 1141 75 48 &
1380 1141 119 48 eius
1454 1141 269 48 conseruatione.
1678 1141 164 48 igitur.
1797 1141 75 48 ⁋
1827 1141 149 48 Quinta
1917 1141 164 48 conclusio

1295 1187 134 50 Deus
1379 1187 251 50 apprehensus
1579 1187 100 50 vt
1630 1187 234 50 benefactor
1814 1187 84 50 /
1847 1187 150 50 bonus
1947 1187 84 50 /
1981 1187 84 50 &
1997 1187 84 50 sic

1302 1239 78 45 de
1341 1239 156 45 caeteris
1458 1239 196 45 praedicatis
1615 1239 104 45 quae
1680 1239 130 45 nullam
1771 1239 222 45 displicentiam
1954 1239 130 45 dicunt
2032 1239 52 45 re

1298 1279 144 55 spectu
1398 1279 201 55 voluntatis
1556 1279 158 55 creatae
1671 1279 72 55 /
1700 1279 101 55 non
1758 1279 101 55 pot
1815 1279 115 55 odio
1887 1279 144 55 haberi
1973 1279 101 55 proba

1295 1321 113 50 tur.
1366 1321 127 50 nihil
1451 1321 113 50 mali
1521 1321 99 50 vel
1578 1321 198 50 displicens
1734 1321 184 50 voluntati
1876 1321 156 50 creatae
1975 1321 113 50 impor-

1292 1362 114 55 tatur
1368 1362 76 55 in
1406 1362 114 55 illis
1482 1362 203 55 praedicatis:
1647 1362 101 55 ergo
1710 1362 152 55 secundum
1824 1362 114 55 illas
1887 1362 203 55 apprehensiones

1303 1406 95 59 non
1358 1406 136 59 potest
1453 1406 109 59 odio
1521 1406 149 59 haberi.
1630 1406 122 59 Forte
1711 1406 136 59 dicis.
1806 1406 217 59 displicentia
1983 1406 95 59 est
2024 1406 54 59 in

1307 1453 115 53 hoc,
1378 1453 172 53 postquam
1507 1453 143 53 placet
1607 1453 186 53 voluntati
1750 1453 129 53 nolle
1836 1453 143 53 illud:
1937 1453 115 53 quia
1994 1453 100 53 nihil

1291 1499 192 58 displicet
1439 1499 192 58 voluntati
1586 1499 88 58 ex
1630 1499 147 58 natura
1733 1499 118 58 rei:
1807 1499 103 58 sed
1866 1499 118 58 solu
1940 1499 118 58 quia
1999 1499 88 58 pla-

1292 1546 100 54 cet
1349 1546 200 54 voluntati.
1506 1546 143 54 Contra
1606 1546 100 54 hoc
1663 1546 100 54 est
1721 1546 157 54 secunda
1835 1546 186 54 conclusio
1978 1546 71 54 &
1992 1546 86 54 eius

1299 1596 178 53 probatio:
1436 1596 109 53 quae
1504 1596 123 53 tamen
1586 1596 96 53 non
1641 1596 96 53 est
1696 1596 96 53 sic
1750 1596 150 53 efficax
1860 1596 68 53 /
1887 1596 109 53 quin
1942 1596 150 53 oppositum

1305 1629 102 56 sit
1364 1629 203 56 probabile:
1523 1629 87 56 vt
1567 1629 131 56 illic
1654 1629 203 56 dicebatur.
1813 1629 73 56 ⁋
1842 1629 131 56 Sexta
1915 1629 174 56 conclusio.

1309 1675 85 58 Si
1351 1675 213 58 intellectus
1521 1675 198 58 intelligat
1677 1675 113 58 deum
1748 1675 99 58 sub
1805 1675 156 58 ratione
1904 1675 170 58 conuenien-

1298 1729 114 43 tis:
1369 1729 172 43 sequitur
1498 1729 229 43 complacentia
1684 1729 86 43 in
1727 1729 200 43 voluntate.
1884 1729 100 43 hoc
1941 1729 100 43 est
1984 1729 100 43 dice-

1308 1765 90 55 re:
1360 1765 77 55 ad
1398 1765 155 55 notitiam
1514 1765 90 55 dei
1566 1765 167 55 simplicem
1695 1765 155 55 sequitur
1810 1765 142 55 quaedam
1901 1765 180 55 complacentia

1302 1819 125 46 dei,
1381 1819 125 46 quod
1459 1819 157 46 patet:
1569 1819 125 46 quia
1647 1819 94 46 ad
1694 1819 141 46 omnem
1788 1819 188 46 notitiam
1914 1819 172 46 simplicem

1297 1861 187 54 obiecti
1433 1861 272 54 conuenientis
1654 1861 204 54 sequitur
1808 1861 289 54 complacentia:
2029 1861 51 54 &

1303 1900 101 53 ad
1354 1900 203 53 notitiam
1506 1900 220 53 simplicem
1675 1900 186 53 obiecti
1794 1900 287 53 disconuenientis

1303 1941 160 57 sequitur
1423 1941 187 57 tristitia.
1570 1941 80 57 si
1610 1941 120 57 autem
1690 1941 160 57 obiectum
1810 1941 173 57 intuitiue
1943 1941 173 57 videatur:

1293 1986 206 63 sequitur
1447 1986 155 63 maior
1550 1986 292 63 complacentia.
1791 1986 120 63 nam
1860 1986 155 63 multi
1946 1986 137 63 tenent

1295 2027 121 76 quod
1370 2027 136 76 omnis
1461 2027 136 76 talis
1551 2027 241 76 complacentia
1747 2027 105 76 est
1792 2027 181 76 naturalis:

1295 2089 123 84 ⁋
1345 2089 245 84 Contra
1516 2089 245 84 primam
1688 2089 392 84 conclusionem
1982 2089 98 84 ob

1306 2158 169 58 iiciam
1424 2158 237 58 argumentis
1610 2158 254 58 Middiltoni.
1813 2158 152 58 Primo
1898 2158 186 58 auctorita

1309 2199 79 65 te
1348 2199 105 65 bea.
1414 2199 184 65 Augustini.
1558 2199 118 65 xiii.
1637 2199 79 65 de
1677 2199 184 65 trinitate.
1821 2199 79 65 c.
1861 2199 79 65 v.
1900 2199 158 65 dicentis
2005 2199 79 65 quod

1303 2243 130 57 omnes
1389 2243 173 57 appetunt
1519 2243 245 57 beatitudinem.
1720 2243 72 57 &
1749 2243 86 57 in
1792 2243 86 57 c.
1835 2243 130 57 viii.
1922 2243 158 57 eiusdem
2022 2243 58 57 di

1310 2289 108 54 cit
1371 2289 124 54 quod
1449 2289 93 54 ad
1495 2289 108 54 hoc
1557 2289 155 54 natura
1665 2289 217 54 compellit:
1835 2289 77 54 &
1851 2289 232 54 immutabiliter

1311 2334 165 63 creator
1431 2334 105 63 hoc
1491 2334 180 63 indidit.
1625 2334 75 63 &
1655 2334 105 63 hoc
1715 2334 194 63 coloratur
1865 2334 90 63 ex
1909 2334 90 63 eo
1954 2334 120 63 quod
2014 2334 75 63 cum

1303 2385 122 48 mimus
1385 2385 109 48 ille
1453 2385 82 48 de
1494 2385 95 48 quo
1548 2385 136 48 refert
1643 2385 177 48 Augustini
1779 2385 204 48 promisisset
1929 2385 149 48 explicare

1312 2427 187 55 intentionem
1461 2427 125 55 omnium
1549 2427 175 55 venientium
1686 2427 75 55 ad
1724 2427 125 55 forum:
1811 2427 75 55 ac
1849 2427 137 55 diceret
1949 2427 112 55 omnes
2011 2427 75 55 emen

1316 2471 96 58 tes
1371 2471 123 58 velle
1453 2471 110 58 vili
1522 2471 151 58 praecio
1631 2471 137 58 emere:
1727 2471 68 58 &
1754 2471 192 58 venditores
1905 2471 110 58 care
1960 2471 123 58 vendere

1301 2512 202 48 respondit
1457 2512 233 48 Augustinus:
1643 2512 155 48 melius
1751 2512 186 48 dixisset
1891 2512 140 48 omnes
1968 2512 109 48 velle

1314 2557 117 51 esse
1387 2557 160 51 beatos.
1504 2557 117 51 ergo
1577 2557 131 51 omnes
1664 2557 219 51 naturaliter
1839 2557 233 51 beatitudinem
2014 2557 73 51 ap-

1312 2609 155 52 petunt.
1425 2609 70 52 ⁋
1453 2609 225 52 Respondetur.
1636 2609 127 52 sermo
1720 2609 99 52 est
1776 2609 127 52 illic
1861 2609 84 52 de
1903 2609 169 52 appetitu
2016 2609 70 52 na-

1309 2640 156 60 turali.
1422 2640 71 60 &
1451 2640 113 60 quia
1522 2640 170 60 voluntas
1649 2640 142 60 libera
1749 2640 113 60 actu
1819 2640 156 60 elicito
1933 2640 142 60 crebro
2018 2640 71 60 est

1312 2697 175 71 conformis
1446 2697 175 71 appetitui
1581 2697 175 71 naturali:
1715 2697 135 71 potest
1809 2697 108 71 dici
1877 2697 108 71 quod
1944 2697 121 71 omnes
2011 2697 81 71 actu

457 282 170 69 volendo
580 282 309 69 beatitudinemisic
842 282 201 69 ostensam:
997 282 108 69 cum
1058 282 139 69 actus
1135 282 93 69 illi

452 344 92 55 non
504 344 92 55 sit
557 344 131 55 liber.
648 344 131 55 Tertio
740 344 92 55 est
793 344 118 55 cotra
871 344 223 55 experientiam.
1055 344 157 55 quilibet
1159 344 79 55 enim

466 392 186 48 experitur
609 392 86 48 vt
652 392 143 48 opinor
752 392 86 48 se
795 392 129 48 posse
881 392 229 48 apprehendere
1067 392 86 48 in
1110 392 100 48 via
1153 392 72 48 tam

468 434 296 55 beatitudinemsformalem
728 434 71 55 in
764 434 166 55 vniversali
894 434 59 55 &
918 434 71 55 in
953 434 177 55 particulari
1095 434 59 55 /
1119 434 95 55 quam
1166 434 71 55 deum

457 482 143 45 nullum
557 482 129 45 actum
643 482 201 45 voluntatis
801 482 72 45 a
829 482 115 45 tali
901 482 158 45 obiecto
1016 482 201 45 eliciendo.
1159 482 72 45 er-

468 527 91 47 go
513 527 151 47 saltem
619 527 182 47 respectu
756 527 151 47 illius
862 527 167 47 obiecti
983 527 182 47 voluntas
1119 527 106 47 est
1164 527 76 47 li-

459 567 122 49 bera
535 567 198 49 libertate
687 567 304 49 contradictionis.
946 567 198 49 Praeterea
1098 567 91 49 si
1128 567 107 49 volun

448 612 115 45 tas
513 612 230 45 necessario
694 612 148 45 velit
793 612 148 45 finem
892 612 115 45 sic
957 612 263 45 apprehensum:
1155 612 82 45 ne-

467 652 166 51 cessario
592 652 125 51 volet
675 652 125 51 illam
758 652 235 51 apprehensione
952 652 111 51 sine
1021 652 97 51 qua
1077 652 97 51 non
1118 652 111 51 potest

459 699 129 55 illum
545 699 143 55 velle.
645 699 100 55 qui
702 699 115 55 enim
774 699 215 55 efficaciter
946 699 115 55 vult
1017 699 158 55 aliquem
1117 699 115 55 finem:

460 748 202 51 necessario
618 748 115 51 vult
690 748 115 51 omne
762 748 130 51 illud
848 748 115 51 sine
920 748 101 51 quo
978 748 130 51 finis
1064 748 115 51 ille
1122 748 115 51 haberi

452 794 92 48 non
504 794 144 48 potest.
609 794 79 48 vt
649 794 79 48 si
688 794 79 48 is
728 794 92 48 qui
780 794 197 48 efficaciter
938 794 105 48 vult
1004 794 171 48 sanitatem
1122 794 118 48 iudicet

459 826 92 60 a,
505 826 230 60 necessarium
689 826 92 60 ad
735 826 199 60 sanitatem
888 826 261 60 consequendam:
1103 826 92 60 ex
1134 826 107 60 neces

455 876 162 62 sitate
568 876 129 62 vult
649 876 97 62 a.
697 876 81 62 ⁋
730 876 178 62 Secunda
859 876 210 62 conclusio
1005 876 226 62 problematica

456 920 183 57 Probabile
597 920 98 57 est
653 920 112 57 quod
723 920 169 57 voluntas
850 920 98 57 non
906 920 141 57 potest
1004 920 127 57 nolle
1074 920 155 57 beatitudi

455 959 111 58 nem
519 959 190 58 formalem
661 959 95 58 in
709 959 238 58 vniuersali.
899 959 190 58 Probatur
1042 959 127 58 haec
1105 959 127 58 conclu

468 1002 107 60 sio.
535 1002 107 60 Nemo
602 1002 134 60 potest
696 1002 121 60 velle
776 1002 121 60 illud
857 1002 80 60 in
897 1002 94 60 quo
950 1002 121 60 nulla
1031 1002 94 60 est
1084 1002 121 60 ratio
1152 1002 80 60 boni

458 1050 115 60 ergo
530 1050 101 60 nec
587 1050 129 60 nolle
673 1050 129 60 illud
760 1050 86 60 in
803 1050 101 60 quo
860 1050 129 60 nulla
946 1050 101 60 est
1004 1050 129 60 ratio
1090 1050 129 60 mali.
1162 1050 72 60 con

465 1096 158 57 sequentia
586 1096 109 57 tenet
659 1096 61 57 /
683 1096 97 57 quia
744 1096 97 57 idem
804 1096 85 57 est
853 1096 170 57 vtrobique.
986 1096 61 57 &
1011 1096 170 57 antecedens
1132 1096 109 57 ostendi

462 1140 91 56 tur
514 1140 91 56 per
566 1140 78 56 be
605 1140 104 56 atum
669 1140 182 56 Dionysium.
812 1140 117 56 iiii.
890 1140 78 56 de
929 1140 143 56 diuinis
1033 1140 169 56 nominibus
1149 1140 91 56 dicen

456 1186 106 60 tem
516 1186 121 60 quod
592 1186 151 60 nullus
697 1186 181 60 operatur
833 1186 91 60 ad
879 1186 136 60 malum
969 1186 211 60 aspiciens.
1135 1186 75 60 &
1150 1186 91 60 pri-

458 1227 95 57 mi
506 1227 205 57 Ethicorum
663 1227 142 57 primo
758 1227 189 57 dicitur.
900 1227 142 57 Omnia
994 1227 142 57 bonum
1073 1227 158 57 appetunt

455 1280 118 47 hoc
523 1280 135 47 est:
607 1280 152 47 solum
708 1280 152 47 bonum
810 1280 152 47 verum
911 1280 118 47 vel
979 1280 152 47 bonum
1063 1280 169 47 apparens

459 1329 103 48 est
518 1329 176 48 obiectum
650 1329 206 48 voluntatis
812 1329 88 48 in
856 1329 176 48 volendo.
988 1329 103 48 Sed
1047 1329 147 48 dicis.
1135 1329 103 48 licet

457 1369 184 50 beatitudo
599 1369 99 50 sic
655 1369 213 50 concipiatur
826 1369 128 50 bonum
911 1369 71 50 /
939 1369 156 50 optimum
1053 1369 71 50 /
1067 1369 170 50 satiatiuum

471 1420 180 45 voluntatis
613 1420 64 45 &
639 1420 193 45 intellectus
793 1420 64 45 /
819 1420 64 45 &
845 1420 129 45 totius
935 1420 180 45 potentiae:
1077 1420 116 45 tamen
1141 1420 103 45 potest

465 1462 205 49 apprehendi
627 1462 161 49 aliquid
744 1462 205 49 displicens
906 1462 88 49 in
950 1462 103 49 eo.
1008 1462 103 49 Hoc
1067 1462 205 49 secludendo

463 1506 111 51 pono
532 1506 111 51 quod
601 1506 124 51 nihil
684 1506 111 51 tale
753 1506 97 51 sit
809 1506 83 51 in
850 1506 124 51 illo:
933 1506 97 51 vel
988 1506 111 51 tale
1057 1506 97 51 non
1099 1506 138 51 apprehen

466 1546 138 48 datur.
563 1546 138 48 Potest
660 1546 125 48 tamen
743 1546 111 48 quis
812 1546 97 48 non
867 1546 249 48 improbabiliter
1075 1546 138 48 tenere
1158 1546 83 48 oppo

466 1592 133 54 situm
555 1592 147 54 istius
658 1592 250 54 conclusionis:
864 1592 162 54 dicendo
982 1592 118 54 quod
1056 1592 177 54 voluntas
1188 1592 88 54 ad

466 1642 256 51 experiendam
671 1642 137 51 suam
756 1642 239 51 libertatem
944 1642 171 51 potest
1063 1642 137 51 hanc
1132 1642 102 51 beat

469 1681 161 54 tudinem
586 1681 102 54 sic
645 1681 219 54 apprehensam
820 1681 132 54 nolle
908 1681 73 54 &
937 1681 132 54 malum
1025 1681 132 54 velle
1112 1681 73 54 /
1142 1681 88 54 ad
1171 1681 73 54 ca-

462 1726 161 55 piendum
579 1726 234 55 experimentum
770 1726 205 55 libertatis
931 1726 132 55 suae.
1018 1726 73 55 &
1048 1726 88 55 ad
1092 1726 132 55 btntm
1165 1726 73 55 Dio

457 1769 149 57 nysium
561 1769 178 57 dicatur.
695 1769 119 57 Nemo
769 1769 178 57 operatur
903 1769 89 57 ad
948 1769 119 57 malu
1022 1769 208 57 aspiciens.
1171 1769 74 57 hoc

464 1818 114 46 est
529 1818 82 46 /
562 1818 147 46 solum
660 1818 180 46 figendo
790 1818 196 46 aspectum
937 1818 98 46 ad
986 1818 212 46 malitiam.
1133 1818 98 46 modo

461 1863 106 54 iste
527 1863 119 54 habet
606 1863 119 54 aliud
686 1863 159 54 motiuum,
805 1863 159 54 scilicet
924 1863 185 54 libertatis
1056 1863 185 54 experiendae,

473 1902 111 52 Dixi
542 1902 111 52 (non
611 1902 263 52 improbabiliter)
832 1902 111 52 quia
902 1902 97 52 sic
957 1902 166 52 dicentem
1081 1902 111 52 nemo
1136 1902 111 52 potest

469 1948 206 54 convincere.
634 1948 178 54 oppositum
771 1948 123 54 tamen
853 1948 96 54 est
908 1948 192 54 communius.
1059 1948 69 54 ⁋
1086 1948 137 54 Tertia
1168 1948 69 54 com

459 1988 156 56 clusio.
572 1988 170 56 Voluntas
699 1988 141 56 potest
798 1988 113 56 deum
869 1988 113 56 odio
940 1988 141 56 habere
1039 1988 99 56 per
1081 1988 156 56 accidens.

475 2034 182 62 Probatur.
615 2034 84 62 in
657 2034 98 62 deo
713 2034 140 62 potest
811 2034 168 62 apparere
938 2034 182 62 voluntati
1078 2034 154 62 aliquid
1176 2034 70 62 dis

467 2081 187 60 plicens.
608 2081 109 60 sed
670 2081 125 60 omne
748 2081 218 60 displicens
919 2081 156 60 potest
1028 2081 187 60 voluntas
1153 2081 93 60 sibi

472 2126 157 59 relicta
586 2126 100 59 cum
643 2126 200 59 influentia
800 2126 100 59 dei
857 2126 171 59 generali
986 2126 143 59 nolle.
1086 2126 157 59 igitur.
1186 2126 57 59 Ma

462 2175 84 51 ior
510 2175 156 51 probatur:
630 2175 96 51 quia
690 2175 120 51 potest
774 2175 168 51 displicere
907 2175 156 51 voluntati
1027 2175 180 51 inordinatae
1159 2175 72 51 quod

464 2218 128 48 deus
544 2218 192 48 nocentem
688 2218 176 48 puniat:
816 2218 144 48 licet
913 2218 224 48 iustissime
1089 2218 176 48 puniat:
1201 2218 48 48 &

470 2256 101 57 hoc
527 2256 101 57 est
585 2256 115 57 deum
657 2256 115 57 odio
728 2256 144 57 habere
829 2256 86 57 in
872 2256 115 57 eius
944 2256 158 57 effectu
1059 2256 101 57 vel
1117 2256 86 57 in
1145 2256 101 57 effe-

476 2298 89 63 ctu
527 2298 165 63 iustitiae
654 2298 114 63 eius:
730 2298 101 63 quod
793 2298 89 63 pro
844 2298 114 63 eodem
920 2298 152 63 capiunt.
1034 2298 139 63 Secundo
1122 2298 127 63 arguitur

472 2355 87 46 ad
515 2355 131 46 idem.
602 2355 116 46 Omne
675 2355 131 46 malum
762 2355 145 46 poenae
863 2355 102 46 vel
921 2355 145 46 culpae
1023 2355 145 46 potest
1124 2355 116 46 esse
1182 2355 58 46 ob

469 2399 137 49 iectum
565 2399 123 49 odii.
647 2399 96 49 sed
702 2399 109 49 ille
770 2399 178 49 cruciatus
907 2399 96 49 est
962 2399 123 49 malum
1044 2399 137 49 poenae
1140 2399 109 49 ipsi
1194 2399 55 49 pu

468 2436 127 50 nito.
553 2436 156 50 igitur.
666 2436 85 50 Et
708 2436 141 50 vltra.
807 2436 141 50 poenam
906 2436 113 50 odio
977 2436 141 50 habens
1076 2436 141 50 potest
1161 2436 85 50 odio

462 2480 147 56 habere
565 2480 220 56 inflictorem
741 2480 147 56 illius
844 2480 162 56 poenae.
962 2480 103 56 sed
1021 2480 118 56 deus
1094 2480 103 56 est
1138 2480 103 56 infli

470 2522 119 60 ctor
544 2522 148 60 illius
648 2522 163 60 poenae.
767 2522 89 60 Et
811 2522 133 60 patet
900 2522 133 60 istud
989 2522 104 60 per
1048 2522 133 60 illud
1122 2522 119 60 psalmo

480 2572 160 54 graphi.
597 2572 175 54 Superbia
728 2572 160 54 illorum
844 2572 102 54 qui
903 2572 87 54 te
946 2572 160 54 oderunt
1063 2572 175 54 ascendit
1179 2572 73 54 sem

471 2618 123 54 per.
547 2618 138 54 psal.
639 2618 169 54 lxxiii.
762 2618 169 54 Insuper
884 2618 153 54 ludaei
992 2618 184 54 Christum
1114 2618 138 54 oderunt

480 2658 88 53 in
524 2658 206 53 humanitate
686 2658 191 53 assumpta:
834 2658 118 53 ergo
907 2658 118 53 deum
981 2658 103 53 per
1040 2658 191 53 accidens.
1172 2658 74 53 hic

481 2705 138 64 dcitur
578 2705 124 64 Ioan.
660 2705 96 64 xv.
715 2705 110 64 Nunc
784 2705 124 64 autem
867 2705 69 64 &
894 2705 165 64 viderunt
1018 2705 69 64 &
1046 2705 179 64 oderuntme
1183 2705 69 64 &
1197 2705 55 64 pa
