<?xml version="1.0" encoding="UTF-8"?>
<alto xmlns:xsi="http://www.w3.org/2001/XMLSchema-instance"
      xmlns="http://www.loc.gov/standards/alto/ns-v2#"
      xmlns:page="http://schema.primaresearch.org/PAGE/gts/pagecontent/2013-07-15"
      xsi:schemaLocation="http://www.loc.gov/standards/alto/ns-v2# http://www.loc.gov/standards/alto/alto.xsd">
   <Description>
      <MeasurementUnit>pixel</MeasurementUnit>
      <OCRProcessing ID="IdOcr">
         <ocrProcessingStep>
            <processingDateTime>2020-06-19T10:10:53.755-04:00</processingDateTime>
            <processingSoftware>
               <softwareCreator>READ COOP</softwareCreator>
               <softwareName>Transkribus</softwareName>
            </processingSoftware>
         </ocrProcessingStep>
      </OCRProcessing>
   </Description>
   <Tags/>
   <Layout>
      <Page ID="Page1" PHYSICAL_IMG_NR="1" HEIGHT="3279" WIDTH="2353">
         <TopMargin HEIGHT="0" WIDTH="2353" VPOS="0" HPOS="0"/>
         <LeftMargin HEIGHT="3279" WIDTH="0" VPOS="0" HPOS="0"/>
         <RightMargin HEIGHT="3279" WIDTH="0" VPOS="0" HPOS="2353"/>
         <BottomMargin HEIGHT="0" WIDTH="2353" VPOS="3279" HPOS="0"/>
         <PrintSpace HEIGHT="3279" WIDTH="2353" VPOS="0" HPOS="0">
            <TextBlock ID="TextRegion_1592266862830_1039"
                       HEIGHT="2522"
                       WIDTH="803"
                       VPOS="242"
                       HPOS="290">
               <Shape>
                  <Polygon POINTS="290,242 1093,242 1093,2764 290,2764"/>
               </Shape>
               <TextLine ID="r1l3"
                         BASELINE="366"
                         HEIGHT="62"
                         WIDTH="772"
                         VPOS="304"
                         HPOS="301">
                  <String HEIGHT="62"
                          WIDTH="167"
                          VPOS="304"
                          HPOS="286"
                          CONTENT="elicito"/>
                  <SP HEIGHT="62" WIDTH="15" VPOS="304" HPOS="452"/>
                  <String HEIGHT="62"
                          WIDTH="151"
                          VPOS="304"
                          HPOS="407"
                          CONTENT="volunt"/>
                  <SP HEIGHT="62" WIDTH="15" VPOS="304" HPOS="558"/>
                  <String HEIGHT="62"
                          WIDTH="227"
                          VPOS="304"
                          HPOS="513"
                          CONTENT="conformiter"/>
                  <SP HEIGHT="62" WIDTH="15" VPOS="304" HPOS="740"/>
                  <String HEIGHT="62"
                          WIDTH="257"
                          VPOS="304"
                          HPOS="695"
                          CONTENT="beatitudiuem:"/>
                  <SP HEIGHT="62" WIDTH="15" VPOS="304" HPOS="952"/>
                  <String HEIGHT="62"
                          WIDTH="136"
                          VPOS="304"
                          HPOS="906"
                          CONTENT="licet"/>
                  <SP HEIGHT="62" WIDTH="15" VPOS="304" HPOS="1043"/>
                  <String HEIGHT="62" WIDTH="106" VPOS="304" HPOS="997" CONTENT="non"/>
                  <SP HEIGHT="62" WIDTH="15" VPOS="304" HPOS="1103"/>
                  <String HEIGHT="62" WIDTH="30" VPOS="304" HPOS="1043" CONTENT=""/>
               </TextLine>
               <TextLine ID="r1l6"
                         BASELINE="406"
                         HEIGHT="50"
                         WIDTH="763"
                         VPOS="356"
                         HPOS="301">
                  <String HEIGHT="50" WIDTH="103" VPOS="356" HPOS="286" CONTENT="sit"/>
                  <SP HEIGHT="50" WIDTH="15" VPOS="356" HPOS="389"/>
                  <String HEIGHT="50"
                          WIDTH="176"
                          VPOS="356"
                          HPOS="345"
                          CONTENT="necessum"/>
                  <SP HEIGHT="50" WIDTH="15" VPOS="356" HPOS="521"/>
                  <String HEIGHT="50" WIDTH="103" VPOS="356" HPOS="477" CONTENT="eam"/>
                  <SP HEIGHT="50" WIDTH="15" VPOS="356" HPOS="580"/>
                  <String HEIGHT="50"
                          WIDTH="147"
                          VPOS="356"
                          HPOS="536"
                          CONTENT="velle:"/>
                  <SP HEIGHT="50" WIDTH="15" VPOS="356" HPOS="683"/>
                  <String HEIGHT="50"
                          WIDTH="117"
                          VPOS="356"
                          HPOS="638"
                          CONTENT="quia"/>
                  <SP HEIGHT="50" WIDTH="15" VPOS="356" HPOS="756"/>
                  <String HEIGHT="50"
                          WIDTH="161"
                          VPOS="356"
                          HPOS="712"
                          CONTENT="possunt"/>
                  <SP HEIGHT="50" WIDTH="15" VPOS="356" HPOS="873"/>
                  <String HEIGHT="50"
                          WIDTH="132"
                          VPOS="356"
                          HPOS="829"
                          CONTENT="ipsam"/>
                  <SP HEIGHT="50" WIDTH="15" VPOS="356" HPOS="961"/>
                  <String HEIGHT="50" WIDTH="103" VPOS="356" HPOS="917" CONTENT="non"/>
                  <SP HEIGHT="50" WIDTH="15" VPOS="356" HPOS="1020"/>
                  <String HEIGHT="50"
                          WIDTH="103"
                          VPOS="356"
                          HPOS="961"
                          CONTENT="velle"/>
               </TextLine>
               <TextLine ID="r1l7"
                         BASELINE="461"
                         HEIGHT="56"
                         WIDTH="763"
                         VPOS="405"
                         HPOS="306">
                  <String HEIGHT="56" WIDTH="95" VPOS="405" HPOS="292" CONTENT="non"/>
                  <SP HEIGHT="56" WIDTH="14" VPOS="405" HPOS="388"/>
                  <String HEIGHT="56"
                          WIDTH="123"
                          VPOS="405"
                          HPOS="347"
                          CONTENT="tamen"/>
                  <SP HEIGHT="56" WIDTH="14" VPOS="405" HPOS="470"/>
                  <String HEIGHT="56"
                          WIDTH="177"
                          VPOS="405"
                          HPOS="429"
                          CONTENT="propterea"/>
                  <SP HEIGHT="56" WIDTH="14" VPOS="405" HPOS="606"/>
                  <String HEIGHT="56"
                          WIDTH="109"
                          VPOS="405"
                          HPOS="565"
                          CONTENT="quod"/>
                  <SP HEIGHT="56" WIDTH="14" VPOS="405" HPOS="674"/>
                  <String HEIGHT="56"
                          WIDTH="164"
                          VPOS="405"
                          HPOS="633"
                          CONTENT="subiectu"/>
                  <SP HEIGHT="56" WIDTH="14" VPOS="405" HPOS="797"/>
                  <String HEIGHT="56"
                          WIDTH="218"
                          VPOS="405"
                          HPOS="756"
                          CONTENT="determinatur"/>
                  <SP HEIGHT="56" WIDTH="14" VPOS="405" HPOS="974"/>
                  <String HEIGHT="56" WIDTH="82" VPOS="405" HPOS="933" CONTENT="ad"/>
                  <SP HEIGHT="56" WIDTH="14" VPOS="405" HPOS="1015"/>
                  <String HEIGHT="56"
                          WIDTH="109"
                          VPOS="405"
                          HPOS="960"
                          CONTENT="opposi"/>
               </TextLine>
               <TextLine ID="r1l9"
                         BASELINE="497"
                         HEIGHT="50"
                         WIDTH="760"
                         VPOS="447"
                         HPOS="300">
                  <String HEIGHT="50"
                          WIDTH="105"
                          VPOS="447"
                          HPOS="287"
                          CONTENT="tum."/>
                  <SP HEIGHT="50" WIDTH="13" VPOS="447" HPOS="392"/>
                  <String HEIGHT="50" WIDTH="66" VPOS="447" HPOS="352" CONTENT="⁋"/>
                  <SP HEIGHT="50" WIDTH="13" VPOS="447" HPOS="418"/>
                  <String HEIGHT="50"
                          WIDTH="144"
                          VPOS="447"
                          HPOS="379"
                          CONTENT="Secundo"/>
                  <SP HEIGHT="50" WIDTH="13" VPOS="447" HPOS="523"/>
                  <String HEIGHT="50"
                          WIDTH="170"
                          VPOS="447"
                          HPOS="483"
                          CONTENT="arguitur."/>
                  <SP HEIGHT="50" WIDTH="13" VPOS="447" HPOS="654"/>
                  <String HEIGHT="50"
                          WIDTH="118"
                          VPOS="447"
                          HPOS="614"
                          CONTENT="Omnes"/>
                  <SP HEIGHT="50" WIDTH="13" VPOS="447" HPOS="732"/>
                  <String HEIGHT="50"
                          WIDTH="144"
                          VPOS="447"
                          HPOS="693"
                          CONTENT="homines"/>
                  <SP HEIGHT="50" WIDTH="13" VPOS="447" HPOS="837"/>
                  <String HEIGHT="50"
                          WIDTH="131"
                          VPOS="447"
                          HPOS="798"
                          CONTENT="natura"/>
                  <SP HEIGHT="50" WIDTH="13" VPOS="447" HPOS="929"/>
                  <String HEIGHT="50"
                          WIDTH="118"
                          VPOS="447"
                          HPOS="890"
                          CONTENT="scire"/>
                  <SP HEIGHT="50" WIDTH="13" VPOS="447" HPOS="1008"/>
                  <String HEIGHT="50"
                          WIDTH="105"
                          VPOS="447"
                          HPOS="955"
                          CONTENT="deside"/>
               </TextLine>
               <TextLine ID="r1l11"
                         BASELINE="540"
                         HEIGHT="47"
                         WIDTH="751"
                         VPOS="493"
                         HPOS="309">
                  <String HEIGHT="47"
                          WIDTH="128"
                          VPOS="493"
                          HPOS="295"
                          CONTENT="rant."/>
                  <SP HEIGHT="47" WIDTH="14" VPOS="493" HPOS="422"/>
                  <String HEIGHT="47" WIDTH="85" VPOS="493" HPOS="380" CONTENT="vt"/>
                  <SP HEIGHT="47" WIDTH="14" VPOS="493" HPOS="465"/>
                  <String HEIGHT="47"
                          WIDTH="156"
                          VPOS="493"
                          HPOS="422"
                          CONTENT="dicitur"/>
                  <SP HEIGHT="47" WIDTH="14" VPOS="493" HPOS="578"/>
                  <String HEIGHT="47"
                          WIDTH="128"
                          VPOS="493"
                          HPOS="536"
                          CONTENT="primo"/>
                  <SP HEIGHT="47" WIDTH="14" VPOS="493" HPOS="663"/>
                  <String HEIGHT="47"
                          WIDTH="241"
                          VPOS="493"
                          HPOS="621"
                          CONTENT="metaphysicae."/>
                  <SP HEIGHT="47" WIDTH="14" VPOS="493" HPOS="862"/>
                  <String HEIGHT="47" WIDTH="99" VPOS="493" HPOS="819" CONTENT="sed"/>
                  <SP HEIGHT="47" WIDTH="14" VPOS="493" HPOS="918"/>
                  <String HEIGHT="47" WIDTH="99" VPOS="493" HPOS="876" CONTENT="non"/>
                  <SP HEIGHT="47" WIDTH="14" VPOS="493" HPOS="975"/>
                  <String HEIGHT="47"
                          WIDTH="128"
                          VPOS="493"
                          HPOS="932"
                          CONTENT="minus"/>
                  <SP HEIGHT="47" WIDTH="14" VPOS="493" HPOS="1060"/>
                  <String HEIGHT="47" WIDTH="57" VPOS="493" HPOS="1003" CONTENT="na"/>
               </TextLine>
               <TextLine ID="r1l13"
                         BASELINE="594"
                         HEIGHT="58"
                         WIDTH="754"
                         VPOS="536"
                         HPOS="303">
                  <String HEIGHT="58"
                          WIDTH="156"
                          VPOS="536"
                          HPOS="291"
                          CONTENT="turaliter"/>
                  <SP HEIGHT="58" WIDTH="12" VPOS="536" HPOS="447"/>
                  <String HEIGHT="58"
                          WIDTH="168"
                          VPOS="536"
                          HPOS="411"
                          CONTENT="desiderant"/>
                  <SP HEIGHT="58" WIDTH="12" VPOS="536" HPOS="578"/>
                  <String HEIGHT="58"
                          WIDTH="191"
                          VPOS="536"
                          HPOS="542"
                          CONTENT="btintudinem."/>
                  <SP HEIGHT="58" WIDTH="12" VPOS="536" HPOS="734"/>
                  <String HEIGHT="58"
                          WIDTH="132"
                          VPOS="536"
                          HPOS="698"
                          CONTENT="igitur."/>
                  <SP HEIGHT="58" WIDTH="12" VPOS="536" HPOS="830"/>
                  <String HEIGHT="58" WIDTH="60" VPOS="536" HPOS="794" CONTENT="&amp;"/>
                  <SP HEIGHT="58" WIDTH="12" VPOS="536" HPOS="854"/>
                  <String HEIGHT="58"
                          WIDTH="156"
                          VPOS="536"
                          HPOS="818"
                          CONTENT="roboratur"/>
                  <SP HEIGHT="58" WIDTH="12" VPOS="536" HPOS="973"/>
                  <String HEIGHT="58" WIDTH="84" VPOS="536" HPOS="937" CONTENT="per"/>
                  <SP HEIGHT="58" WIDTH="12" VPOS="536" HPOS="1021"/>
                  <String HEIGHT="58"
                          WIDTH="84"
                          VPOS="536"
                          HPOS="973"
                          CONTENT="glosi"/>
               </TextLine>
               <TextLine ID="r1l15"
                         BASELINE="639"
                         HEIGHT="54"
                         WIDTH="757"
                         VPOS="585"
                         HPOS="303">
                  <String HEIGHT="54"
                          WIDTH="108"
                          VPOS="585"
                          HPOS="291"
                          CONTENT="super"/>
                  <SP HEIGHT="54" WIDTH="12" VPOS="585" HPOS="399"/>
                  <String HEIGHT="54" WIDTH="96" VPOS="585" HPOS="363" CONTENT="illo"/>
                  <SP HEIGHT="54" WIDTH="12" VPOS="585" HPOS="459"/>
                  <String HEIGHT="54"
                          WIDTH="108"
                          VPOS="585"
                          HPOS="423"
                          CONTENT="versu"/>
                  <SP HEIGHT="54" WIDTH="12" VPOS="585" HPOS="531"/>
                  <String HEIGHT="54"
                          WIDTH="108"
                          VPOS="585"
                          HPOS="495"
                          CONTENT="psal."/>
                  <SP HEIGHT="54" WIDTH="12" VPOS="585" HPOS="603"/>
                  <String HEIGHT="54"
                          WIDTH="108"
                          VPOS="585"
                          HPOS="567"
                          CONTENT="Beata"/>
                  <SP HEIGHT="54" WIDTH="12" VPOS="585" HPOS="675"/>
                  <String HEIGHT="54" WIDTH="96" VPOS="585" HPOS="639" CONTENT="ges,"/>
                  <SP HEIGHT="54" WIDTH="12" VPOS="585" HPOS="736"/>
                  <String HEIGHT="54" WIDTH="96" VPOS="585" HPOS="700" CONTENT="quae"/>
                  <SP HEIGHT="54" WIDTH="12" VPOS="585" HPOS="796"/>
                  <String HEIGHT="54"
                          WIDTH="108"
                          VPOS="585"
                          HPOS="760"
                          CONTENT="dicit"/>
                  <SP HEIGHT="54" WIDTH="12" VPOS="585" HPOS="868"/>
                  <String HEIGHT="54" WIDTH="96" VPOS="585" HPOS="832" CONTENT="quod"/>
                  <SP HEIGHT="54" WIDTH="12" VPOS="585" HPOS="928"/>
                  <String HEIGHT="54"
                          WIDTH="120"
                          VPOS="585"
                          HPOS="892"
                          CONTENT="animus"/>
                  <SP HEIGHT="54" WIDTH="12" VPOS="585" HPOS="1012"/>
                  <String HEIGHT="54" WIDTH="84" VPOS="585" HPOS="976" CONTENT="est"/>
                  <SP HEIGHT="54" WIDTH="12" VPOS="585" HPOS="1060"/>
                  <String HEIGHT="54" WIDTH="48" VPOS="585" HPOS="1012" CONTENT="na"/>
               </TextLine>
               <TextLine ID="r1l17"
                         BASELINE="680"
                         HEIGHT="57"
                         WIDTH="757"
                         VPOS="623"
                         HPOS="304">
                  <String HEIGHT="57"
                          WIDTH="182"
                          VPOS="623"
                          HPOS="290"
                          CONTENT="turaliter"/>
                  <SP HEIGHT="57" WIDTH="14" VPOS="623" HPOS="472"/>
                  <String HEIGHT="57"
                          WIDTH="126"
                          VPOS="623"
                          HPOS="430"
                          CONTENT="capax"/>
                  <SP HEIGHT="57" WIDTH="14" VPOS="623" HPOS="556"/>
                  <String HEIGHT="57"
                          WIDTH="238"
                          VPOS="623"
                          HPOS="514"
                          CONTENT="beatitudinis."/>
                  <SP HEIGHT="57" WIDTH="14" VPOS="623" HPOS="753"/>
                  <String HEIGHT="57" WIDTH="70" VPOS="623" HPOS="711" CONTENT="⁋"/>
                  <SP HEIGHT="57" WIDTH="14" VPOS="623" HPOS="781"/>
                  <String HEIGHT="57" WIDTH="84" VPOS="623" HPOS="739" CONTENT="Ad"/>
                  <SP HEIGHT="57" WIDTH="14" VPOS="623" HPOS="823"/>
                  <String HEIGHT="57"
                          WIDTH="140"
                          VPOS="623"
                          HPOS="781"
                          CONTENT="primum"/>
                  <SP HEIGHT="57" WIDTH="14" VPOS="623" HPOS="921"/>
                  <String HEIGHT="57"
                          WIDTH="154"
                          VPOS="623"
                          HPOS="879"
                          CONTENT="dicitur"/>
                  <SP HEIGHT="57" WIDTH="14" VPOS="623" HPOS="1033"/>
                  <String HEIGHT="57" WIDTH="84" VPOS="623" HPOS="977" CONTENT="quod"/>
               </TextLine>
               <TextLine ID="r1l19"
                         BASELINE="718"
                         HEIGHT="49"
                         WIDTH="770"
                         VPOS="669"
                         HPOS="296">
                  <String HEIGHT="49" WIDTH="99" VPOS="669" HPOS="284" CONTENT="illa"/>
                  <SP HEIGHT="49" WIDTH="12" VPOS="669" HPOS="383"/>
                  <String HEIGHT="49"
                          WIDTH="149"
                          VPOS="669"
                          HPOS="346"
                          CONTENT="propoteo"/>
                  <SP HEIGHT="49" WIDTH="12" VPOS="669" HPOS="495"/>
                  <String HEIGHT="49"
                          WIDTH="199"
                          VPOS="669"
                          HPOS="457"
                          CONTENT="intelligitur"/>
                  <SP HEIGHT="49" WIDTH="12" VPOS="669" HPOS="656"/>
                  <String HEIGHT="49" WIDTH="75" VPOS="669" HPOS="619" CONTENT="de"/>
                  <SP HEIGHT="49" WIDTH="12" VPOS="669" HPOS="693"/>
                  <String HEIGHT="49"
                          WIDTH="161"
                          VPOS="669"
                          HPOS="656"
                          CONTENT="desiderio"/>
                  <SP HEIGHT="49" WIDTH="12" VPOS="669" HPOS="818"/>
                  <String HEIGHT="49"
                          WIDTH="161"
                          VPOS="669"
                          HPOS="780"
                          CONTENT="naturali,"/>
                  <SP HEIGHT="49" WIDTH="12" VPOS="669" HPOS="942"/>
                  <String HEIGHT="49" WIDTH="62" VPOS="669" HPOS="905" CONTENT="&amp;"/>
                  <SP HEIGHT="49" WIDTH="12" VPOS="669" HPOS="967"/>
                  <String HEIGHT="49" WIDTH="99" VPOS="669" HPOS="929" CONTENT="actu"/>
                  <SP HEIGHT="49" WIDTH="12" VPOS="669" HPOS="1029"/>
                  <String HEIGHT="49"
                          WIDTH="87"
                          VPOS="669"
                          HPOS="979"
                          CONTENT="elici"/>
               </TextLine>
               <TextLine ID="r1l21"
                         BASELINE="761"
                         HEIGHT="50"
                         WIDTH="754"
                         VPOS="711"
                         HPOS="310">
                  <String HEIGHT="50" WIDTH="81" VPOS="711" HPOS="297" CONTENT="to"/>
                  <SP HEIGHT="50" WIDTH="13" VPOS="711" HPOS="377"/>
                  <String HEIGHT="50" WIDTH="81" VPOS="711" HPOS="337" CONTENT="ei"/>
                  <SP HEIGHT="50" WIDTH="13" VPOS="711" HPOS="418"/>
                  <String HEIGHT="50"
                          WIDTH="162"
                          VPOS="711"
                          HPOS="377"
                          CONTENT="conformi"/>
                  <SP HEIGHT="50" WIDTH="13" VPOS="711" HPOS="539"/>
                  <String HEIGHT="50" WIDTH="67" VPOS="711" HPOS="499" CONTENT="/"/>
                  <SP HEIGHT="50" WIDTH="13" VPOS="711" HPOS="566"/>
                  <String HEIGHT="50" WIDTH="94" VPOS="711" HPOS="525" CONTENT="qui"/>
                  <SP HEIGHT="50" WIDTH="13" VPOS="711" HPOS="620"/>
                  <String HEIGHT="50" WIDTH="81" VPOS="711" HPOS="579" CONTENT="ad"/>
                  <SP HEIGHT="50" WIDTH="13" VPOS="711" HPOS="660"/>
                  <String HEIGHT="50"
                          WIDTH="148"
                          VPOS="711"
                          HPOS="620"
                          CONTENT="aliquem"/>
                  <SP HEIGHT="50" WIDTH="13" VPOS="711" HPOS="768"/>
                  <String HEIGHT="50"
                          WIDTH="135"
                          VPOS="711"
                          HPOS="727"
                          CONTENT="sensum"/>
                  <SP HEIGHT="50" WIDTH="13" VPOS="711" HPOS="862"/>
                  <String HEIGHT="50"
                          WIDTH="135"
                          VPOS="711"
                          HPOS="822"
                          CONTENT="potest"/>
                  <SP HEIGHT="50" WIDTH="13" VPOS="711" HPOS="956"/>
                  <String HEIGHT="50"
                          WIDTH="108"
                          VPOS="711"
                          HPOS="916"
                          CONTENT="dici"/>
                  <SP HEIGHT="50" WIDTH="13" VPOS="711" HPOS="1024"/>
                  <String HEIGHT="50"
                          WIDTH="94"
                          VPOS="711"
                          HPOS="970"
                          CONTENT="natu"
                          SUBS_TYPE="HypPart1"
                          SUBS_CONTENT="naturalis:"/>
                  <HYP CONTENT="-"/>
               </TextLine>
               <TextLine ID="r1l23"
                         BASELINE="811"
                         HEIGHT="53"
                         WIDTH="755"
                         VPOS="758"
                         HPOS="306">
                  <String HEIGHT="53"
                          WIDTH="118"
                          VPOS="758"
                          HPOS="294"
                          CONTENT="ralis:"
                          SUBS_TYPE="HypPart2"
                          SUBS_CONTENT="naturalis:"/>
                  <SP HEIGHT="53" WIDTH="12" VPOS="758" HPOS="412"/>
                  <String HEIGHT="53" WIDTH="83" VPOS="758" HPOS="377" CONTENT="pro"/>
                  <SP HEIGHT="53" WIDTH="12" VPOS="758" HPOS="459"/>
                  <String HEIGHT="53"
                          WIDTH="118"
                          VPOS="758"
                          HPOS="424"
                          CONTENT="quanto"/>
                  <SP HEIGHT="53" WIDTH="12" VPOS="758" HPOS="542"/>
                  <String HEIGHT="53"
                          WIDTH="142"
                          VPOS="758"
                          HPOS="507"
                          CONTENT="scilicet"/>
                  <SP HEIGHT="53" WIDTH="12" VPOS="758" HPOS="648"/>
                  <String HEIGHT="53"
                          WIDTH="142"
                          VPOS="758"
                          HPOS="613"
                          CONTENT="elicitur"/>
                  <SP HEIGHT="53" WIDTH="12" VPOS="758" HPOS="754"/>
                  <String HEIGHT="53"
                          WIDTH="177"
                          VPOS="758"
                          HPOS="719"
                          CONTENT="conformiter"/>
                  <SP HEIGHT="53" WIDTH="12" VPOS="758" HPOS="896"/>
                  <String HEIGHT="53" WIDTH="71" VPOS="758" HPOS="860" CONTENT="ad"/>
                  <SP HEIGHT="53" WIDTH="12" VPOS="758" HPOS="931"/>
                  <String HEIGHT="53"
                          WIDTH="177"
                          VPOS="758"
                          HPOS="884"
                          CONTENT="inclinationem"/>
               </TextLine>
               <TextLine ID="r1l25"
                         BASELINE="855"
                         HEIGHT="55"
                         WIDTH="754"
                         VPOS="800"
                         HPOS="307">
                  <String HEIGHT="55"
                          WIDTH="220"
                          VPOS="800"
                          HPOS="291"
                          CONTENT="naturalem."/>
                  <SP HEIGHT="55" WIDTH="16" VPOS="800" HPOS="511"/>
                  <String HEIGHT="55" WIDTH="79" VPOS="800" HPOS="464" CONTENT="&amp;"/>
                  <SP HEIGHT="55" WIDTH="16" VPOS="800" HPOS="543"/>
                  <String HEIGHT="55" WIDTH="110" VPOS="800" HPOS="496" CONTENT="sic"/>
                  <SP HEIGHT="55" WIDTH="16" VPOS="800" HPOS="605"/>
                  <String HEIGHT="55"
                          WIDTH="173"
                          VPOS="800"
                          HPOS="558"
                          CONTENT="volitio"/>
                  <SP HEIGHT="55" WIDTH="16" VPOS="800" HPOS="731"/>
                  <String HEIGHT="55"
                          WIDTH="204"
                          VPOS="800"
                          HPOS="684"
                          CONTENT="comedendi"/>
                  <SP HEIGHT="55" WIDTH="16" VPOS="800" HPOS="888"/>
                  <String HEIGHT="55"
                          WIDTH="173"
                          VPOS="800"
                          HPOS="841"
                          CONTENT="tempore"/>
                  <SP HEIGHT="55" WIDTH="16" VPOS="800" HPOS="1014"/>
                  <String HEIGHT="55"
                          WIDTH="110"
                          VPOS="800"
                          HPOS="951"
                          CONTENT="famis"/>
               </TextLine>
               <TextLine ID="r1l27"
                         BASELINE="896"
                         HEIGHT="51"
                         WIDTH="757"
                         VPOS="845"
                         HPOS="310">
                  <String HEIGHT="51"
                          WIDTH="167"
                          VPOS="845"
                          HPOS="297"
                          CONTENT="diceretur"/>
                  <SP HEIGHT="51" WIDTH="13" VPOS="845" HPOS="464"/>
                  <String HEIGHT="51"
                          WIDTH="180"
                          VPOS="845"
                          HPOS="425"
                          CONTENT="naturalis."/>
                  <SP HEIGHT="51" WIDTH="13" VPOS="845" HPOS="605"/>
                  <String HEIGHT="51" WIDTH="90" VPOS="845" HPOS="567" CONTENT="sed"/>
                  <SP HEIGHT="51" WIDTH="13" VPOS="845" HPOS="656"/>
                  <String HEIGHT="51"
                          WIDTH="115"
                          VPOS="845"
                          HPOS="618"
                          CONTENT="magis"/>
                  <SP HEIGHT="51" WIDTH="13" VPOS="845" HPOS="733"/>
                  <String HEIGHT="51"
                          WIDTH="141"
                          VPOS="845"
                          HPOS="695"
                          CONTENT="proprie"/>
                  <SP HEIGHT="51" WIDTH="13" VPOS="845" HPOS="836"/>
                  <String HEIGHT="51"
                          WIDTH="115"
                          VPOS="845"
                          HPOS="798"
                          CONTENT="actus"/>
                  <SP HEIGHT="51" WIDTH="13" VPOS="845" HPOS="913"/>
                  <String HEIGHT="51"
                          WIDTH="141"
                          VPOS="845"
                          HPOS="875"
                          CONTENT="dicitur"/>
                  <SP HEIGHT="51" WIDTH="13" VPOS="845" HPOS="1016"/>
                  <String HEIGHT="51"
                          WIDTH="103"
                          VPOS="845"
                          HPOS="964"
                          CONTENT="liber."/>
               </TextLine>
               <TextLine ID="r1l29"
                         BASELINE="935"
                         HEIGHT="41"
                         WIDTH="763"
                         VPOS="894"
                         HPOS="300">
                  <String HEIGHT="41" WIDTH="80" VPOS="894" HPOS="287" CONTENT="de"/>
                  <SP HEIGHT="41" WIDTH="13" VPOS="894" HPOS="367"/>
                  <String HEIGHT="41"
                          WIDTH="174"
                          VPOS="894"
                          HPOS="327"
                          CONTENT="nominibus"/>
                  <SP HEIGHT="41" WIDTH="13" VPOS="894" HPOS="501"/>
                  <String HEIGHT="41"
                          WIDTH="120"
                          VPOS="894"
                          HPOS="461"
                          CONTENT="autem"/>
                  <SP HEIGHT="41" WIDTH="13" VPOS="894" HPOS="581"/>
                  <String HEIGHT="41" WIDTH="94" VPOS="894" HPOS="541" CONTENT="non"/>
                  <SP HEIGHT="41" WIDTH="13" VPOS="894" HPOS="635"/>
                  <String HEIGHT="41" WIDTH="94" VPOS="894" HPOS="594" CONTENT="est"/>
                  <SP HEIGHT="41" WIDTH="13" VPOS="894" HPOS="688"/>
                  <String HEIGHT="41"
                          WIDTH="107"
                          VPOS="894"
                          HPOS="648"
                          CONTENT="vis."/>
                  <SP HEIGHT="41" WIDTH="13" VPOS="894" HPOS="755"/>
                  <String HEIGHT="41" WIDTH="80" VPOS="894" HPOS="715" CONTENT="Ad"/>
                  <SP HEIGHT="41" WIDTH="13" VPOS="894" HPOS="795"/>
                  <String HEIGHT="41"
                          WIDTH="120"
                          VPOS="894"
                          HPOS="755"
                          CONTENT="dictu"/>
                  <SP HEIGHT="41" WIDTH="13" VPOS="894" HPOS="876"/>
                  <String HEIGHT="41"
                          WIDTH="161"
                          VPOS="894"
                          HPOS="835"
                          CONTENT="glossae,"/>
                  <SP HEIGHT="41" WIDTH="13" VPOS="894" HPOS="996"/>
                  <String HEIGHT="41"
                          WIDTH="120"
                          VPOS="894"
                          HPOS="943"
                          CONTENT="concedo"/>
               </TextLine>
               <TextLine ID="r1l31"
                         BASELINE="994"
                         HEIGHT="56"
                         WIDTH="760"
                         VPOS="938"
                         HPOS="300">
                  <String HEIGHT="56"
                          WIDTH="107"
                          VPOS="938"
                          HPOS="287"
                          CONTENT="quod"/>
                  <SP HEIGHT="56" WIDTH="13" VPOS="938" HPOS="393"/>
                  <String HEIGHT="56"
                          WIDTH="133"
                          VPOS="938"
                          HPOS="353"
                          CONTENT="animus"/>
                  <SP HEIGHT="56" WIDTH="13" VPOS="938" HPOS="487"/>
                  <String HEIGHT="56"
                          WIDTH="200"
                          VPOS="938"
                          HPOS="447"
                          CONTENT="naturaliter"/>
                  <SP HEIGHT="56" WIDTH="13" VPOS="938" HPOS="647"/>
                  <String HEIGHT="56" WIDTH="93" VPOS="938" HPOS="607" CONTENT="est"/>
                  <SP HEIGHT="56" WIDTH="13" VPOS="938" HPOS="700"/>
                  <String HEIGHT="56"
                          WIDTH="120"
                          VPOS="938"
                          HPOS="660"
                          CONTENT="capax"/>
                  <SP HEIGHT="56" WIDTH="13" VPOS="938" HPOS="780"/>
                  <String HEIGHT="56"
                          WIDTH="213"
                          VPOS="938"
                          HPOS="740"
                          CONTENT="beatitudinis"/>
                  <SP HEIGHT="56" WIDTH="13" VPOS="938" HPOS="953"/>
                  <String HEIGHT="56" WIDTH="67" VPOS="938" HPOS="913" CONTENT="/"/>
                  <SP HEIGHT="56" WIDTH="13" VPOS="938" HPOS="980"/>
                  <String HEIGHT="56"
                          WIDTH="107"
                          VPOS="938"
                          HPOS="940"
                          CONTENT="quia"/>
                  <SP HEIGHT="56" WIDTH="13" VPOS="938" HPOS="1047"/>
                  <String HEIGHT="56" WIDTH="67" VPOS="938" HPOS="993" CONTENT="est"/>
               </TextLine>
               <TextLine ID="r1l34"
                         BASELINE="1041"
                         HEIGHT="55"
                         WIDTH="765"
                         VPOS="986"
                         HPOS="301">
                  <String HEIGHT="55"
                          WIDTH="106"
                          VPOS="986"
                          HPOS="288"
                          CONTENT="eius"/>
                  <SP HEIGHT="55" WIDTH="13" VPOS="986" HPOS="393"/>
                  <String HEIGHT="55"
                          WIDTH="185"
                          VPOS="986"
                          HPOS="354"
                          CONTENT="perfectio."/>
                  <SP HEIGHT="55" WIDTH="13" VPOS="986" HPOS="538"/>
                  <String HEIGHT="55" WIDTH="92" VPOS="986" HPOS="499" CONTENT="sed"/>
                  <SP HEIGHT="55" WIDTH="13" VPOS="986" HPOS="591"/>
                  <String HEIGHT="55"
                          WIDTH="119"
                          VPOS="986"
                          HPOS="552"
                          CONTENT="debet"/>
                  <SP HEIGHT="55" WIDTH="13" VPOS="986" HPOS="670"/>
                  <String HEIGHT="55"
                          WIDTH="145"
                          VPOS="986"
                          HPOS="631"
                          CONTENT="arguens"/>
                  <SP HEIGHT="55" WIDTH="13" VPOS="986" HPOS="776"/>
                  <String HEIGHT="55"
                          WIDTH="145"
                          VPOS="986"
                          HPOS="736"
                          CONTENT="probare"/>
                  <SP HEIGHT="55" WIDTH="13" VPOS="986" HPOS="881"/>
                  <String HEIGHT="55"
                          WIDTH="106"
                          VPOS="986"
                          HPOS="842"
                          CONTENT="quod"/>
                  <SP HEIGHT="55" WIDTH="13" VPOS="986" HPOS="947"/>
                  <String HEIGHT="55"
                          WIDTH="119"
                          VPOS="986"
                          HPOS="908"
                          CONTENT="illam"/>
                  <SP HEIGHT="55" WIDTH="13" VPOS="986" HPOS="1026"/>
                  <String HEIGHT="55"
                          WIDTH="92"
                          VPOS="986"
                          HPOS="974"
                          CONTENT="beati"/>
               </TextLine>
               <TextLine ID="r1l35"
                         BASELINE="1077"
                         HEIGHT="55"
                         WIDTH="761"
                         VPOS="1022"
                         HPOS="300">
                  <String HEIGHT="55"
                          WIDTH="158"
                          VPOS="1022"
                          HPOS="286"
                          CONTENT="tudinem"/>
                  <SP HEIGHT="55" WIDTH="14" VPOS="1022" HPOS="444"/>
                  <String HEIGHT="55"
                          WIDTH="215"
                          VPOS="1022"
                          HPOS="401"
                          CONTENT="naturaliter"/>
                  <SP HEIGHT="55" WIDTH="14" VPOS="1022" HPOS="616"/>
                  <String HEIGHT="55"
                          WIDTH="187"
                          VPOS="1022"
                          HPOS="573"
                          CONTENT="efficiat."/>
                  <SP HEIGHT="55" WIDTH="14" VPOS="1022" HPOS="759"/>
                  <String HEIGHT="55" WIDTH="72" VPOS="1022" HPOS="716" CONTENT="⁋"/>
                  <SP HEIGHT="55" WIDTH="14" VPOS="1022" HPOS="788"/>
                  <String HEIGHT="55"
                          WIDTH="187"
                          VPOS="1022"
                          HPOS="745"
                          CONTENT="Praeterea"/>
                  <SP HEIGHT="55" WIDTH="14" VPOS="1022" HPOS="932"/>
                  <String HEIGHT="55"
                          WIDTH="101"
                          VPOS="1022"
                          HPOS="889"
                          CONTENT="sic"/>
                  <SP HEIGHT="55" WIDTH="14" VPOS="1022" HPOS="989"/>
                  <String HEIGHT="55"
                          WIDTH="129"
                          VPOS="1022"
                          HPOS="932"
                          CONTENT="argumen"/>
               </TextLine>
               <TextLine ID="r1l38"
                         BASELINE="1116"
                         HEIGHT="50"
                         WIDTH="762"
                         VPOS="1066"
                         HPOS="307">
                  <String HEIGHT="50"
                          WIDTH="111"
                          VPOS="1066"
                          HPOS="293"
                          CONTENT="tor."/>
                  <SP HEIGHT="50" WIDTH="14" VPOS="1066" HPOS="404"/>
                  <String HEIGHT="50"
                          WIDTH="139"
                          VPOS="1066"
                          HPOS="362"
                          CONTENT="posito"/>
                  <SP HEIGHT="50" WIDTH="14" VPOS="1066" HPOS="501"/>
                  <String HEIGHT="50"
                          WIDTH="111"
                          VPOS="1066"
                          HPOS="459"
                          CONTENT="quod"/>
                  <SP HEIGHT="50" WIDTH="14" VPOS="1066" HPOS="570"/>
                  <String HEIGHT="50"
                          WIDTH="208"
                          VPOS="1066"
                          HPOS="529"
                          CONTENT="intellectus"/>
                  <SP HEIGHT="50" WIDTH="14" VPOS="1066" HPOS="736"/>
                  <String HEIGHT="50"
                          WIDTH="208"
                          VPOS="1066"
                          HPOS="695"
                          CONTENT="assentiatur"/>
                  <SP HEIGHT="50" WIDTH="14" VPOS="1066" HPOS="903"/>
                  <String HEIGHT="50"
                          WIDTH="208"
                          VPOS="1066"
                          HPOS="861"
                          CONTENT="antecedenti"/>
                  <SP HEIGHT="50" WIDTH="14" VPOS="1066" HPOS="1069"/>
                  <String HEIGHT="50" WIDTH="55" VPOS="1066" HPOS="1014" CONTENT="hu"/>
               </TextLine>
               <TextLine ID="r1l39"
                         BASELINE="1163"
                         HEIGHT="50"
                         WIDTH="767"
                         VPOS="1113"
                         HPOS="300">
                  <String HEIGHT="50" WIDTH="89" VPOS="1113" HPOS="287" CONTENT="ius"/>
                  <SP HEIGHT="50" WIDTH="13" VPOS="1113" HPOS="377"/>
                  <String HEIGHT="50"
                          WIDTH="230"
                          VPOS="1113"
                          HPOS="338"
                          CONTENT="consequentiae."/>
                  <SP HEIGHT="50" WIDTH="13" VPOS="1113" HPOS="568"/>
                  <String HEIGHT="50"
                          WIDTH="102"
                          VPOS="1113"
                          HPOS="530"
                          CONTENT="omne"/>
                  <SP HEIGHT="50" WIDTH="13" VPOS="1113" HPOS="632"/>
                  <String HEIGHT="50"
                          WIDTH="115"
                          VPOS="1113"
                          HPOS="594"
                          CONTENT="dulce"/>
                  <SP HEIGHT="50" WIDTH="13" VPOS="1113" HPOS="709"/>
                  <String HEIGHT="50" WIDTH="89" VPOS="1113" HPOS="671" CONTENT="est"/>
                  <SP HEIGHT="50" WIDTH="13" VPOS="1113" HPOS="760"/>
                  <String HEIGHT="50"
                          WIDTH="179"
                          VPOS="1113"
                          HPOS="722"
                          CONTENT="gustandum:"/>
                  <SP HEIGHT="50" WIDTH="13" VPOS="1113" HPOS="901"/>
                  <String HEIGHT="50" WIDTH="89" VPOS="1113" HPOS="862" CONTENT="sed"/>
                  <SP HEIGHT="50" WIDTH="13" VPOS="1113" HPOS="952"/>
                  <String HEIGHT="50" WIDTH="89" VPOS="1113" HPOS="914" CONTENT="mel"/>
                  <SP HEIGHT="50" WIDTH="13" VPOS="1113" HPOS="1003"/>
                  <String HEIGHT="50" WIDTH="89" VPOS="1113" HPOS="965" CONTENT="est"/>
                  <SP HEIGHT="50" WIDTH="13" VPOS="1113" HPOS="1054"/>
                  <String HEIGHT="50"
                          WIDTH="64"
                          VPOS="1113"
                          HPOS="1003"
                          CONTENT="dul"/>
               </TextLine>
               <TextLine ID="r1l41"
                         BASELINE="1209"
                         HEIGHT="52"
                         WIDTH="761"
                         VPOS="1157"
                         HPOS="300">
                  <String HEIGHT="52" WIDTH="97" VPOS="1157" HPOS="286" CONTENT="ce:"/>
                  <SP HEIGHT="52" WIDTH="14" VPOS="1157" HPOS="383"/>
                  <String HEIGHT="52"
                          WIDTH="166"
                          VPOS="1157"
                          HPOS="342"
                          CONTENT="voluntas"/>
                  <SP HEIGHT="52" WIDTH="14" VPOS="1157" HPOS="508"/>
                  <String HEIGHT="52"
                          WIDTH="221"
                          VPOS="1157"
                          HPOS="466"
                          CONTENT="necessitatur"/>
                  <SP HEIGHT="52" WIDTH="14" VPOS="1157" HPOS="687"/>
                  <String HEIGHT="52"
                          WIDTH="166"
                          VPOS="1157"
                          HPOS="646"
                          CONTENT="gustare."/>
                  <SP HEIGHT="52" WIDTH="14" VPOS="1157" HPOS="812"/>
                  <String HEIGHT="52"
                          WIDTH="111"
                          VPOS="1157"
                          HPOS="770"
                          CONTENT="vii."/>
                  <SP HEIGHT="52" WIDTH="14" VPOS="1157" HPOS="881"/>
                  <String HEIGHT="52"
                          WIDTH="194"
                          VPOS="1157"
                          HPOS="840"
                          CONTENT="Ethicorum."/>
                  <SP HEIGHT="52" WIDTH="14" VPOS="1157" HPOS="1033"/>
                  <String HEIGHT="52" WIDTH="97" VPOS="1157" HPOS="992" CONTENT="sed"/>
                  <SP HEIGHT="52" WIDTH="14" VPOS="1157" HPOS="1089"/>
                  <String HEIGHT="52" WIDTH="28" VPOS="1157" HPOS="1033" CONTENT=""/>
               </TextLine>
               <TextLine ID="r1l43"
                         BASELINE="1252"
                         HEIGHT="49"
                         WIDTH="757"
                         VPOS="1203"
                         HPOS="304">
                  <String HEIGHT="49"
                          WIDTH="126"
                          VPOS="1203"
                          HPOS="291"
                          CONTENT="tantum"/>
                  <SP HEIGHT="49" WIDTH="13" VPOS="1203" HPOS="418"/>
                  <String HEIGHT="49"
                          WIDTH="114"
                          VPOS="1203"
                          HPOS="380"
                          CONTENT="finis"/>
                  <SP HEIGHT="49" WIDTH="13" VPOS="1203" HPOS="493"/>
                  <String HEIGHT="49"
                          WIDTH="139"
                          VPOS="1203"
                          HPOS="455"
                          CONTENT="allicit"/>
                  <SP HEIGHT="49" WIDTH="13" VPOS="1203" HPOS="594"/>
                  <String HEIGHT="49"
                          WIDTH="177"
                          VPOS="1203"
                          HPOS="556"
                          CONTENT="voluntatem"/>
                  <SP HEIGHT="49" WIDTH="13" VPOS="1203" HPOS="733"/>
                  <String HEIGHT="49" WIDTH="76" VPOS="1203" HPOS="695" CONTENT="ad"/>
                  <SP HEIGHT="49" WIDTH="13" VPOS="1203" HPOS="771"/>
                  <String HEIGHT="49"
                          WIDTH="151"
                          VPOS="1203"
                          HPOS="733"
                          CONTENT="volendum"/>
                  <SP HEIGHT="49" WIDTH="13" VPOS="1203" HPOS="884"/>
                  <String HEIGHT="49"
                          WIDTH="114"
                          VPOS="1203"
                          HPOS="847"
                          CONTENT="ipsum"/>
                  <SP HEIGHT="49" WIDTH="13" VPOS="1203" HPOS="960"/>
                  <String HEIGHT="49"
                          WIDTH="139"
                          VPOS="1203"
                          HPOS="922"
                          CONTENT="quamtum"/>
                  <SP HEIGHT="49" WIDTH="13" VPOS="1203" HPOS="1061"/>
                  <String HEIGHT="49" WIDTH="50" VPOS="1203" HPOS="1011" CONTENT="iu"/>
               </TextLine>
               <TextLine ID="r1l46"
                         BASELINE="1301"
                         HEIGHT="52"
                         WIDTH="769"
                         VPOS="1249"
                         HPOS="304">
                  <String HEIGHT="52"
                          WIDTH="118"
                          VPOS="1249"
                          HPOS="292"
                          CONTENT="dicium"/>
                  <SP HEIGHT="52" WIDTH="12" VPOS="1249" HPOS="410"/>
                  <String HEIGHT="52"
                          WIDTH="166"
                          VPOS="1249"
                          HPOS="375"
                          CONTENT="vniversale"/>
                  <SP HEIGHT="52" WIDTH="12" VPOS="1249" HPOS="541"/>
                  <String HEIGHT="52" WIDTH="59" VPOS="1249" HPOS="505" CONTENT="&amp;"/>
                  <SP HEIGHT="52" WIDTH="12" VPOS="1249" HPOS="564"/>
                  <String HEIGHT="52"
                          WIDTH="189"
                          VPOS="1249"
                          HPOS="529"
                          CONTENT="particulare."/>
                  <SP HEIGHT="52" WIDTH="12" VPOS="1249" HPOS="718"/>
                  <String HEIGHT="52" WIDTH="59" VPOS="1249" HPOS="683" CONTENT="⁋"/>
                  <SP HEIGHT="52" WIDTH="12" VPOS="1249" HPOS="742"/>
                  <String HEIGHT="52"
                          WIDTH="177"
                          VPOS="1249"
                          HPOS="706"
                          CONTENT="Respondetur"/>
                  <SP HEIGHT="52" WIDTH="12" VPOS="1249" HPOS="884"/>
                  <String HEIGHT="52"
                          WIDTH="130"
                          VPOS="1249"
                          HPOS="848"
                          CONTENT="negando"/>
                  <SP HEIGHT="52" WIDTH="12" VPOS="1249" HPOS="978"/>
                  <String HEIGHT="52"
                          WIDTH="95"
                          VPOS="1249"
                          HPOS="943"
                          CONTENT="quod"/>
                  <SP HEIGHT="52" WIDTH="12" VPOS="1249" HPOS="1038"/>
                  <String HEIGHT="52"
                          WIDTH="83"
                          VPOS="1249"
                          HPOS="990"
                          CONTENT="volun"/>
               </TextLine>
               <TextLine ID="r1l48"
                         BASELINE="1349"
                         HEIGHT="56"
                         WIDTH="764"
                         VPOS="1293"
                         HPOS="297">
                  <String HEIGHT="56" WIDTH="96" VPOS="1293" HPOS="283" CONTENT="tas"/>
                  <SP HEIGHT="56" WIDTH="14" VPOS="1293" HPOS="379"/>
                  <String HEIGHT="56"
                          WIDTH="218"
                          VPOS="1293"
                          HPOS="338"
                          CONTENT="necessitatur"/>
                  <SP HEIGHT="56" WIDTH="14" VPOS="1293" HPOS="556"/>
                  <String HEIGHT="56"
                          WIDTH="123"
                          VPOS="1293"
                          HPOS="515"
                          CONTENT="velle"/>
                  <SP HEIGHT="56" WIDTH="14" VPOS="1293" HPOS="638"/>
                  <String HEIGHT="56"
                          WIDTH="164"
                          VPOS="1293"
                          HPOS="597"
                          CONTENT="gustare:"/>
                  <SP HEIGHT="56" WIDTH="14" VPOS="1293" HPOS="761"/>
                  <String HEIGHT="56"
                          WIDTH="109"
                          VPOS="1293"
                          HPOS="720"
                          CONTENT="immo"/>
                  <SP HEIGHT="56" WIDTH="14" VPOS="1293" HPOS="829"/>
                  <String HEIGHT="56"
                          WIDTH="136"
                          VPOS="1293"
                          HPOS="788"
                          CONTENT="potest"/>
                  <SP HEIGHT="56" WIDTH="14" VPOS="1293" HPOS="925"/>
                  <String HEIGHT="56"
                          WIDTH="123"
                          VPOS="1293"
                          HPOS="884"
                          CONTENT="nolle"/>
                  <SP HEIGHT="56" WIDTH="14" VPOS="1293" HPOS="1006"/>
                  <String HEIGHT="56"
                          WIDTH="109"
                          VPOS="1293"
                          HPOS="952"
                          CONTENT="gusta"
                          SUBS_TYPE="HypPart1"
                          SUBS_CONTENT="gustare"/>
                  <HYP CONTENT="-"/>
               </TextLine>
               <TextLine ID="r1l49"
                         BASELINE="1390"
                         HEIGHT="60"
                         WIDTH="765"
                         VPOS="1330"
                         HPOS="295">
                  <String HEIGHT="60"
                          WIDTH="77"
                          VPOS="1330"
                          HPOS="282"
                          CONTENT="re"
                          SUBS_TYPE="HypPart2"
                          SUBS_CONTENT="gustare"/>
                  <SP HEIGHT="60" WIDTH="13" VPOS="1330" HPOS="359"/>
                  <String HEIGHT="60"
                          WIDTH="128"
                          VPOS="1330"
                          HPOS="321"
                          CONTENT="stante"/>
                  <SP HEIGHT="60" WIDTH="13" VPOS="1330" HPOS="448"/>
                  <String HEIGHT="60"
                          WIDTH="140"
                          VPOS="1330"
                          HPOS="410"
                          CONTENT="iudicio"/>
                  <SP HEIGHT="60" WIDTH="13" VPOS="1330" HPOS="550"/>
                  <String HEIGHT="60"
                          WIDTH="179"
                          VPOS="1330"
                          HPOS="512"
                          CONTENT="vniversali"/>
                  <SP HEIGHT="60" WIDTH="13" VPOS="1330" HPOS="690"/>
                  <String HEIGHT="60" WIDTH="64" VPOS="1330" HPOS="652" CONTENT="&amp;"/>
                  <SP HEIGHT="60" WIDTH="13" VPOS="1330" HPOS="716"/>
                  <String HEIGHT="60"
                          WIDTH="191"
                          VPOS="1330"
                          HPOS="678"
                          CONTENT="particulari"/>
                  <SP HEIGHT="60" WIDTH="13" VPOS="1330" HPOS="869"/>
                  <String HEIGHT="60"
                          WIDTH="115"
                          VPOS="1330"
                          HPOS="831"
                          CONTENT="circa"/>
                  <SP HEIGHT="60" WIDTH="13" VPOS="1330" HPOS="945"/>
                  <String HEIGHT="60"
                          WIDTH="166"
                          VPOS="1330"
                          HPOS="894"
                          CONTENT="operationem"/>
               </TextLine>
               <TextLine ID="r1l52"
                         BASELINE="1432"
                         HEIGHT="50"
                         WIDTH="775"
                         VPOS="1382"
                         HPOS="300">
                  <String HEIGHT="50"
                          WIDTH="228"
                          VPOS="1382"
                          HPOS="285"
                          CONTENT="Aristoteles"/>
                  <SP HEIGHT="50" WIDTH="15" VPOS="1382" HPOS="513"/>
                  <String HEIGHT="50"
                          WIDTH="137"
                          VPOS="1382"
                          HPOS="467"
                          CONTENT="autem"/>
                  <SP HEIGHT="50" WIDTH="15" VPOS="1382" HPOS="604"/>
                  <String HEIGHT="50"
                          WIDTH="213"
                          VPOS="1382"
                          HPOS="558"
                          CONTENT="intelligit"/>
                  <SP HEIGHT="50" WIDTH="15" VPOS="1382" HPOS="771"/>
                  <String HEIGHT="50" WIDTH="91" VPOS="1382" HPOS="725" CONTENT="vt"/>
                  <SP HEIGHT="50" WIDTH="15" VPOS="1382" HPOS="817"/>
                  <String HEIGHT="50"
                          WIDTH="228"
                          VPOS="1382"
                          HPOS="771"
                          CONTENT="commentator"/>
                  <SP HEIGHT="50" WIDTH="15" VPOS="1382" HPOS="999"/>
                  <String HEIGHT="50"
                          WIDTH="137"
                          VPOS="1382"
                          HPOS="938"
                          CONTENT="exponit"/>
               </TextLine>
               <TextLine ID="r1l53"
                         BASELINE="1474"
                         HEIGHT="52"
                         WIDTH="714"
                         VPOS="1422"
                         HPOS="290">
                  <String HEIGHT="52"
                          WIDTH="193"
                          VPOS="1422"
                          HPOS="275"
                          CONTENT="commento."/>
                  <SP HEIGHT="52" WIDTH="15" VPOS="1422" HPOS="469"/>
                  <String HEIGHT="52"
                          WIDTH="104"
                          VPOS="1422"
                          HPOS="424"
                          CONTENT="xi,"/>
                  <SP HEIGHT="52" WIDTH="15" VPOS="1422" HPOS="528"/>
                  <String HEIGHT="52"
                          WIDTH="149"
                          VPOS="1422"
                          HPOS="483"
                          CONTENT="quando"/>
                  <SP HEIGHT="52" WIDTH="15" VPOS="1422" HPOS="632"/>
                  <String HEIGHT="52"
                          WIDTH="119"
                          VPOS="1422"
                          HPOS="588"
                          CONTENT="vita"/>
                  <SP HEIGHT="52" WIDTH="15" VPOS="1422" HPOS="707"/>
                  <String HEIGHT="52"
                          WIDTH="193"
                          VPOS="1422"
                          HPOS="662"
                          CONTENT="concordat"/>
                  <SP HEIGHT="52" WIDTH="15" VPOS="1422" HPOS="855"/>
                  <String HEIGHT="52"
                          WIDTH="104"
                          VPOS="1422"
                          HPOS="811"
                          CONTENT="cum"/>
                  <SP HEIGHT="52" WIDTH="15" VPOS="1422" HPOS="915"/>
                  <String HEIGHT="52"
                          WIDTH="149"
                          VPOS="1422"
                          HPOS="855"
                          CONTENT="ratione."/>
               </TextLine>
               <TextLine ID="r1l56"
                         BASELINE="1563"
                         HEIGHT="92"
                         WIDTH="757"
                         VPOS="1471"
                         HPOS="300">
                  <String HEIGHT="92" WIDTH="126" VPOS="1471" HPOS="275" CONTENT="⁋"/>
                  <SP HEIGHT="92" WIDTH="25" VPOS="1471" HPOS="401"/>
                  <String HEIGHT="92"
                          WIDTH="252"
                          VPOS="1471"
                          HPOS="325"
                          CONTENT="Contra"/>
                  <SP HEIGHT="92" WIDTH="25" VPOS="1471" HPOS="578"/>
                  <String HEIGHT="92"
                          WIDTH="303"
                          VPOS="1471"
                          HPOS="502"
                          CONTENT="secundam"/>
                  <SP HEIGHT="92" WIDTH="25" VPOS="1471" HPOS="805"/>
                  <String HEIGHT="92"
                          WIDTH="353"
                          VPOS="1471"
                          HPOS="704"
                          CONTENT="conclusionem"/>
               </TextLine>
               <TextLine ID="r1l58"
                         BASELINE="1608"
                         HEIGHT="55"
                         WIDTH="754"
                         VPOS="1553"
                         HPOS="303">
                  <String HEIGHT="55"
                          WIDTH="189"
                          VPOS="1553"
                          HPOS="289"
                          CONTENT="arguitur."/>
                  <SP HEIGHT="55" WIDTH="15" VPOS="1553" HPOS="477"/>
                  <String HEIGHT="55"
                          WIDTH="116"
                          VPOS="1553"
                          HPOS="434"
                          CONTENT="Omne"/>
                  <SP HEIGHT="55" WIDTH="15" VPOS="1553" HPOS="550"/>
                  <String HEIGHT="55"
                          WIDTH="131"
                          VPOS="1553"
                          HPOS="506"
                          CONTENT="illud"/>
                  <SP HEIGHT="55" WIDTH="15" VPOS="1553" HPOS="637"/>
                  <String HEIGHT="55"
                          WIDTH="145"
                          VPOS="1553"
                          HPOS="593"
                          CONTENT="potest"/>
                  <SP HEIGHT="55" WIDTH="15" VPOS="1553" HPOS="738"/>
                  <String HEIGHT="55"
                          WIDTH="116"
                          VPOS="1553"
                          HPOS="695"
                          CONTENT="esse"/>
                  <SP HEIGHT="55" WIDTH="15" VPOS="1553" HPOS="811"/>
                  <String HEIGHT="55"
                          WIDTH="160"
                          VPOS="1553"
                          HPOS="767"
                          CONTENT="nolitum"/>
                  <SP HEIGHT="55" WIDTH="15" VPOS="1553" HPOS="927"/>
                  <String HEIGHT="55" WIDTH="73" VPOS="1553" HPOS="883" CONTENT="a"/>
                  <SP HEIGHT="55" WIDTH="15" VPOS="1553" HPOS="956"/>
                  <String HEIGHT="55"
                          WIDTH="160"
                          VPOS="1553"
                          HPOS="898"
                          CONTENT="voluntate"/>
               </TextLine>
               <TextLine ID="r1l60"
                         BASELINE="1654"
                         HEIGHT="56"
                         WIDTH="754"
                         VPOS="1598"
                         HPOS="304">
                  <String HEIGHT="56"
                          WIDTH="112"
                          VPOS="1598"
                          HPOS="290"
                          CONTENT="quod"/>
                  <SP HEIGHT="56" WIDTH="14" VPOS="1598" HPOS="402"/>
                  <String HEIGHT="56"
                          WIDTH="209"
                          VPOS="1598"
                          HPOS="360"
                          CONTENT="intellectus"/>
                  <SP HEIGHT="56" WIDTH="14" VPOS="1598" HPOS="569"/>
                  <String HEIGHT="56"
                          WIDTH="140"
                          VPOS="1598"
                          HPOS="527"
                          CONTENT="dictat"/>
                  <SP HEIGHT="56" WIDTH="14" VPOS="1598" HPOS="667"/>
                  <String HEIGHT="56"
                          WIDTH="112"
                          VPOS="1598"
                          HPOS="625"
                          CONTENT="esse"/>
                  <SP HEIGHT="56" WIDTH="14" VPOS="1598" HPOS="737"/>
                  <String HEIGHT="56"
                          WIDTH="182"
                          VPOS="1598"
                          HPOS="695"
                          CONTENT="nolendum."/>
                  <SP HEIGHT="56" WIDTH="14" VPOS="1598" HPOS="876"/>
                  <String HEIGHT="56" WIDTH="98" VPOS="1598" HPOS="835" CONTENT="sed"/>
                  <SP HEIGHT="56" WIDTH="14" VPOS="1598" HPOS="932"/>
                  <String HEIGHT="56"
                          WIDTH="182"
                          VPOS="1598"
                          HPOS="876"
                          CONTENT="intellectus"/>
               </TextLine>
               <TextLine ID="r1l62"
                         BASELINE="1698"
                         HEIGHT="46"
                         WIDTH="772"
                         VPOS="1652"
                         HPOS="291">
                  <String HEIGHT="46"
                          WIDTH="154"
                          VPOS="1652"
                          HPOS="276"
                          CONTENT="potest"/>
                  <SP HEIGHT="46" WIDTH="15" VPOS="1652" HPOS="430"/>
                  <String HEIGHT="46"
                          WIDTH="170"
                          VPOS="1652"
                          HPOS="384"
                          CONTENT="dictare"/>
                  <SP HEIGHT="46" WIDTH="15" VPOS="1652" HPOS="553"/>
                  <String HEIGHT="46"
                          WIDTH="247"
                          VPOS="1652"
                          HPOS="507"
                          CONTENT="beatitudinem"/>
                  <SP HEIGHT="46" WIDTH="15" VPOS="1652" HPOS="754"/>
                  <String HEIGHT="46"
                          WIDTH="124"
                          VPOS="1652"
                          HPOS="708"
                          CONTENT="esse"/>
                  <SP HEIGHT="46" WIDTH="15" VPOS="1652" HPOS="831"/>
                  <String HEIGHT="46" WIDTH="77" VPOS="1652" HPOS="785" CONTENT="a"/>
                  <SP HEIGHT="46" WIDTH="15" VPOS="1652" HPOS="862"/>
                  <String HEIGHT="46"
                          WIDTH="139"
                          VPOS="1652"
                          HPOS="816"
                          CONTENT="Petro"/>
                  <SP HEIGHT="46" WIDTH="15" VPOS="1652" HPOS="955"/>
                  <String HEIGHT="46"
                          WIDTH="185"
                          VPOS="1652"
                          HPOS="909"
                          CONTENT="nolendam"/>
                  <SP HEIGHT="46" WIDTH="15" VPOS="1652" HPOS="1094"/>
                  <String HEIGHT="46" WIDTH="31" VPOS="1652" HPOS="1032" CONTENT=""/>
               </TextLine>
               <TextLine ID="r1l64"
                         BASELINE="1735"
                         HEIGHT="43"
                         WIDTH="767"
                         VPOS="1692"
                         HPOS="291">
                  <String HEIGHT="43"
                          WIDTH="128"
                          VPOS="1692"
                          HPOS="275"
                          CONTENT="ergo"/>
                  <SP HEIGHT="43" WIDTH="16" VPOS="1692" HPOS="403"/>
                  <String HEIGHT="43"
                          WIDTH="160"
                          VPOS="1692"
                          HPOS="355"
                          CONTENT="Petrus"/>
                  <SP HEIGHT="43" WIDTH="16" VPOS="1692" HPOS="515"/>
                  <String HEIGHT="43"
                          WIDTH="160"
                          VPOS="1692"
                          HPOS="467"
                          CONTENT="potest"/>
                  <SP HEIGHT="43" WIDTH="16" VPOS="1692" HPOS="627"/>
                  <String HEIGHT="43"
                          WIDTH="144"
                          VPOS="1692"
                          HPOS="579"
                          CONTENT="nolle"/>
                  <SP HEIGHT="43" WIDTH="16" VPOS="1692" HPOS="722"/>
                  <String HEIGHT="43"
                          WIDTH="272"
                          VPOS="1692"
                          HPOS="675"
                          CONTENT="beatitudinem."/>
                  <SP HEIGHT="43" WIDTH="16" VPOS="1692" HPOS="946"/>
                  <String HEIGHT="43"
                          WIDTH="176"
                          VPOS="1692"
                          HPOS="882"
                          CONTENT="Praeterea"/>
               </TextLine>
               <TextLine ID="r1l66"
                         BASELINE="1788"
                         HEIGHT="55"
                         WIDTH="760"
                         VPOS="1733"
                         HPOS="297">
                  <String HEIGHT="55"
                          WIDTH="146"
                          VPOS="1733"
                          HPOS="282"
                          CONTENT="Petrus"/>
                  <SP HEIGHT="55" WIDTH="15" VPOS="1733" HPOS="429"/>
                  <String HEIGHT="55"
                          WIDTH="146"
                          VPOS="1733"
                          HPOS="385"
                          CONTENT="potest"/>
                  <SP HEIGHT="55" WIDTH="15" VPOS="1733" HPOS="531"/>
                  <String HEIGHT="55"
                          WIDTH="132"
                          VPOS="1733"
                          HPOS="487"
                          CONTENT="nolle"/>
                  <SP HEIGHT="55" WIDTH="15" VPOS="1733" HPOS="619"/>
                  <String HEIGHT="55"
                          WIDTH="234"
                          VPOS="1733"
                          HPOS="575"
                          CONTENT="beatitudinem"/>
                  <SP HEIGHT="55" WIDTH="15" VPOS="1733" HPOS="809"/>
                  <String HEIGHT="55" WIDTH="88" VPOS="1733" HPOS="765" CONTENT="in"/>
                  <SP HEIGHT="55" WIDTH="15" VPOS="1733" HPOS="852"/>
                  <String HEIGHT="55"
                          WIDTH="205"
                          VPOS="1733"
                          HPOS="809"
                          CONTENT="vniuersali"/>
                  <SP HEIGHT="55" WIDTH="15" VPOS="1733" HPOS="1013"/>
                  <String HEIGHT="55"
                          WIDTH="102"
                          VPOS="1733"
                          HPOS="955"
                          CONTENT="appus"/>
               </TextLine>
               <TextLine ID="r1l68"
                         BASELINE="1824"
                         HEIGHT="45"
                         WIDTH="766"
                         VPOS="1779"
                         HPOS="288">
                  <String HEIGHT="45"
                          WIDTH="150"
                          VPOS="1779"
                          HPOS="273"
                          CONTENT="hensam"/>
                  <SP HEIGHT="45" WIDTH="15" VPOS="1779" HPOS="423"/>
                  <String HEIGHT="45"
                          WIDTH="135"
                          VPOS="1779"
                          HPOS="378"
                          CONTENT="Paulo"/>
                  <SP HEIGHT="45" WIDTH="15" VPOS="1779" HPOS="513"/>
                  <String HEIGHT="45"
                          WIDTH="165"
                          VPOS="1779"
                          HPOS="468"
                          CONTENT="inesse:"/>
                  <SP HEIGHT="45" WIDTH="15" VPOS="1779" HPOS="633"/>
                  <String HEIGHT="45"
                          WIDTH="120"
                          VPOS="1779"
                          HPOS="588"
                          CONTENT="ergo"/>
                  <SP HEIGHT="45" WIDTH="15" VPOS="1779" HPOS="709"/>
                  <String HEIGHT="45"
                          WIDTH="195"
                          VPOS="1779"
                          HPOS="663"
                          CONTENT="sibiipsi."/>
                  <SP HEIGHT="45" WIDTH="15" VPOS="1779" HPOS="859"/>
                  <String HEIGHT="45"
                          WIDTH="135"
                          VPOS="1779"
                          HPOS="814"
                          CONTENT="tenet"/>
                  <SP HEIGHT="45" WIDTH="15" VPOS="1779" HPOS="949"/>
                  <String HEIGHT="45"
                          WIDTH="165"
                          VPOS="1779"
                          HPOS="889"
                          CONTENT="consequen"/>
               </TextLine>
               <TextLine ID="r1l70"
                         BASELINE="1865"
                         HEIGHT="52"
                         WIDTH="763"
                         VPOS="1813"
                         HPOS="297">
                  <String HEIGHT="52"
                          WIDTH="115"
                          VPOS="1813"
                          HPOS="283"
                          CONTENT="tia,"/>
                  <SP HEIGHT="52" WIDTH="14" VPOS="1813" HPOS="398"/>
                  <String HEIGHT="52"
                          WIDTH="115"
                          VPOS="1813"
                          HPOS="355"
                          CONTENT="quia"/>
                  <SP HEIGHT="52" WIDTH="14" VPOS="1813" HPOS="470"/>
                  <String HEIGHT="52"
                          WIDTH="173"
                          VPOS="1813"
                          HPOS="427"
                          CONTENT="quicquid"/>
                  <SP HEIGHT="52" WIDTH="14" VPOS="1813" HPOS="599"/>
                  <String HEIGHT="52"
                          WIDTH="173"
                          VPOS="1813"
                          HPOS="556"
                          CONTENT="voluntas"/>
                  <SP HEIGHT="52" WIDTH="14" VPOS="1813" HPOS="729"/>
                  <String HEIGHT="52"
                          WIDTH="101"
                          VPOS="1813"
                          HPOS="686"
                          CONTENT="pot"/>
                  <SP HEIGHT="52" WIDTH="14" VPOS="1813" HPOS="786"/>
                  <String HEIGHT="52"
                          WIDTH="130"
                          VPOS="1813"
                          HPOS="743"
                          CONTENT="nolle"/>
                  <SP HEIGHT="52" WIDTH="14" VPOS="1813" HPOS="873"/>
                  <String HEIGHT="52"
                          WIDTH="187"
                          VPOS="1813"
                          HPOS="830"
                          CONTENT="indiuiduo"/>
                  <SP HEIGHT="52" WIDTH="14" VPOS="1813" HPOS="1017"/>
                  <String HEIGHT="52"
                          WIDTH="101"
                          VPOS="1813"
                          HPOS="959"
                          CONTENT="alicu"/>
               </TextLine>
               <TextLine ID="r1l72"
                         BASELINE="1913"
                         HEIGHT="49"
                         WIDTH="768"
                         VPOS="1864"
                         HPOS="293">
                  <String HEIGHT="49"
                          WIDTH="108"
                          VPOS="1864"
                          HPOS="278"
                          CONTENT="ius"/>
                  <SP HEIGHT="49" WIDTH="15" VPOS="1864" HPOS="385"/>
                  <String HEIGHT="49"
                          WIDTH="184"
                          VPOS="1864"
                          HPOS="339"
                          CONTENT="speciei,"/>
                  <SP HEIGHT="49" WIDTH="15" VPOS="1864" HPOS="523"/>
                  <String HEIGHT="49"
                          WIDTH="154"
                          VPOS="1864"
                          HPOS="477"
                          CONTENT="potest"/>
                  <SP HEIGHT="49" WIDTH="15" VPOS="1864" HPOS="631"/>
                  <String HEIGHT="49"
                          WIDTH="123"
                          VPOS="1864"
                          HPOS="585"
                          CONTENT="sibi"/>
                  <SP HEIGHT="49" WIDTH="15" VPOS="1864" HPOS="708"/>
                  <String HEIGHT="49"
                          WIDTH="154"
                          VPOS="1864"
                          HPOS="662"
                          CONTENT="nolle."/>
                  <SP HEIGHT="49" WIDTH="15" VPOS="1864" HPOS="815"/>
                  <String HEIGHT="49" WIDTH="77" VPOS="1864" HPOS="769" CONTENT="⁋"/>
                  <SP HEIGHT="49" WIDTH="15" VPOS="1864" HPOS="846"/>
                  <String HEIGHT="49" WIDTH="92" VPOS="1864" HPOS="800" CONTENT="Ad"/>
                  <SP HEIGHT="49" WIDTH="15" VPOS="1864" HPOS="892"/>
                  <String HEIGHT="49"
                          WIDTH="169"
                          VPOS="1864"
                          HPOS="846"
                          CONTENT="priorem"/>
                  <SP HEIGHT="49" WIDTH="15" VPOS="1864" HPOS="1015"/>
                  <String HEIGHT="49"
                          WIDTH="108"
                          VPOS="1864"
                          HPOS="953"
                          CONTENT="harum"/>
               </TextLine>
               <TextLine ID="r1l74"
                         BASELINE="1962"
                         HEIGHT="55"
                         WIDTH="753"
                         VPOS="1907"
                         HPOS="298">
                  <String HEIGHT="55"
                          WIDTH="167"
                          VPOS="1907"
                          HPOS="284"
                          CONTENT="rationum"/>
                  <SP HEIGHT="55" WIDTH="14" VPOS="1907" HPOS="451"/>
                  <String HEIGHT="55"
                          WIDTH="153"
                          VPOS="1907"
                          HPOS="410"
                          CONTENT="negatur"/>
                  <SP HEIGHT="55" WIDTH="14" VPOS="1907" HPOS="563"/>
                  <String HEIGHT="55"
                          WIDTH="139"
                          VPOS="1907"
                          HPOS="521"
                          CONTENT="maior:"/>
                  <SP HEIGHT="55" WIDTH="14" VPOS="1907" HPOS="661"/>
                  <String HEIGHT="55"
                          WIDTH="112"
                          VPOS="1907"
                          HPOS="619"
                          CONTENT="nisi"/>
                  <SP HEIGHT="55" WIDTH="14" VPOS="1907" HPOS="730"/>
                  <String HEIGHT="55"
                          WIDTH="112"
                          VPOS="1907"
                          HPOS="688"
                          CONTENT="vere"/>
                  <SP HEIGHT="55" WIDTH="14" VPOS="1907" HPOS="800"/>
                  <String HEIGHT="55"
                          WIDTH="181"
                          VPOS="1907"
                          HPOS="758"
                          CONTENT="dictetur,"/>
                  <SP HEIGHT="55" WIDTH="14" VPOS="1907" HPOS="939"/>
                  <String HEIGHT="55" WIDTH="98" VPOS="1907" HPOS="898" CONTENT="vel"/>
                  <SP HEIGHT="55" WIDTH="14" VPOS="1907" HPOS="995"/>
                  <String HEIGHT="55"
                          WIDTH="112"
                          VPOS="1907"
                          HPOS="939"
                          CONTENT="saltem"/>
               </TextLine>
               <TextLine ID="r1l76"
                         BASELINE="2008"
                         HEIGHT="57"
                         WIDTH="764"
                         VPOS="1951"
                         HPOS="300">
                  <String HEIGHT="57"
                          WIDTH="122"
                          VPOS="1951"
                          HPOS="285"
                          CONTENT="nisi"/>
                  <SP HEIGHT="57" WIDTH="15" VPOS="1951" HPOS="407"/>
                  <String HEIGHT="57"
                          WIDTH="107"
                          VPOS="1951"
                          HPOS="361"
                          CONTENT="cum"/>
                  <SP HEIGHT="57" WIDTH="15" VPOS="1951" HPOS="468"/>
                  <String HEIGHT="57"
                          WIDTH="214"
                          VPOS="1951"
                          HPOS="422"
                          CONTENT="apparentia"/>
                  <SP HEIGHT="57" WIDTH="15" VPOS="1951" HPOS="636"/>
                  <String HEIGHT="57"
                          WIDTH="199"
                          VPOS="1951"
                          HPOS="590"
                          CONTENT="dictetur."/>
                  <SP HEIGHT="57" WIDTH="15" VPOS="1951" HPOS="789"/>
                  <String HEIGHT="57" WIDTH="92" VPOS="1951" HPOS="743" CONTENT="Ad"/>
                  <SP HEIGHT="57" WIDTH="15" VPOS="1951" HPOS="835"/>
                  <String HEIGHT="57"
                          WIDTH="183"
                          VPOS="1951"
                          HPOS="789"
                          CONTENT="secundum"/>
                  <SP HEIGHT="57" WIDTH="15" VPOS="1951" HPOS="972"/>
                  <String HEIGHT="57"
                          WIDTH="168"
                          VPOS="1951"
                          HPOS="926"
                          CONTENT="concedo"/>
                  <SP HEIGHT="57" WIDTH="15" VPOS="1951" HPOS="1095"/>
                  <String HEIGHT="57" WIDTH="31" VPOS="1951" HPOS="1033" CONTENT=""/>
               </TextLine>
               <TextLine ID="r1l78"
                         BASELINE="2049"
                         HEIGHT="49"
                         WIDTH="754"
                         VPOS="2000"
                         HPOS="303">
                  <String HEIGHT="49"
                          WIDTH="153"
                          VPOS="2000"
                          HPOS="291"
                          CONTENT="anteceden"/>
                  <SP HEIGHT="49" WIDTH="12" VPOS="2000" HPOS="444"/>
                  <String HEIGHT="49" WIDTH="59" VPOS="2000" HPOS="409" CONTENT="/"/>
                  <SP HEIGHT="49" WIDTH="12" VPOS="2000" HPOS="468"/>
                  <String HEIGHT="49" WIDTH="71" VPOS="2000" HPOS="433" CONTENT="ex"/>
                  <SP HEIGHT="49" WIDTH="12" VPOS="2000" HPOS="503"/>
                  <String HEIGHT="49"
                          WIDTH="130"
                          VPOS="2000"
                          HPOS="468"
                          CONTENT="inuidia"/>
                  <SP HEIGHT="49" WIDTH="12" VPOS="2000" HPOS="598"/>
                  <String HEIGHT="49"
                          WIDTH="141"
                          VPOS="2000"
                          HPOS="562"
                          CONTENT="scilicet"/>
                  <SP HEIGHT="49" WIDTH="12" VPOS="2000" HPOS="704"/>
                  <String HEIGHT="49" WIDTH="82" VPOS="2000" HPOS="668" CONTENT="vel"/>
                  <SP HEIGHT="49" WIDTH="12" VPOS="2000" HPOS="751"/>
                  <String HEIGHT="49"
                          WIDTH="141"
                          VPOS="2000"
                          HPOS="715"
                          CONTENT="passione"/>
                  <SP HEIGHT="49" WIDTH="12" VPOS="2000" HPOS="857"/>
                  <String HEIGHT="49" WIDTH="82" VPOS="2000" HPOS="821" CONTENT="vel"/>
                  <SP HEIGHT="49" WIDTH="12" VPOS="2000" HPOS="904"/>
                  <String HEIGHT="49" WIDTH="71" VPOS="2000" HPOS="869" CONTENT="ex"/>
                  <SP HEIGHT="49" WIDTH="12" VPOS="2000" HPOS="939"/>
                  <String HEIGHT="49"
                          WIDTH="153"
                          VPOS="2000"
                          HPOS="904"
                          CONTENT="libertate"/>
                  <SP HEIGHT="49" WIDTH="12" VPOS="2000" HPOS="1057"/>
                  <String HEIGHT="49" WIDTH="47" VPOS="2000" HPOS="1010" CONTENT="vo"/>
               </TextLine>
               <TextLine ID="r1l80"
                         BASELINE="2096"
                         HEIGHT="53"
                         WIDTH="763"
                         VPOS="2043"
                         HPOS="289">
                  <String HEIGHT="53"
                          WIDTH="191"
                          VPOS="2043"
                          HPOS="274"
                          CONTENT="luntatis."/>
                  <SP HEIGHT="53" WIDTH="15" VPOS="2043" HPOS="465"/>
                  <String HEIGHT="53"
                          WIDTH="103"
                          VPOS="2043"
                          HPOS="421"
                          CONTENT="sed"/>
                  <SP HEIGHT="53" WIDTH="15" VPOS="2043" HPOS="524"/>
                  <String HEIGHT="53"
                          WIDTH="117"
                          VPOS="2043"
                          HPOS="480"
                          CONTENT="nego"/>
                  <SP HEIGHT="53" WIDTH="15" VPOS="2043" HPOS="597"/>
                  <String HEIGHT="53"
                          WIDTH="264"
                          VPOS="2043"
                          HPOS="553"
                          CONTENT="consequentiam:"/>
                  <SP HEIGHT="53" WIDTH="15" VPOS="2043" HPOS="817"/>
                  <String HEIGHT="53"
                          WIDTH="117"
                          VPOS="2043"
                          HPOS="773"
                          CONTENT="quia"/>
                  <SP HEIGHT="53" WIDTH="15" VPOS="2043" HPOS="891"/>
                  <String HEIGHT="53"
                          WIDTH="117"
                          VPOS="2043"
                          HPOS="847"
                          CONTENT="amor"/>
                  <SP HEIGHT="53" WIDTH="15" VPOS="2043" HPOS="964"/>
                  <String HEIGHT="53"
                          WIDTH="117"
                          VPOS="2043"
                          HPOS="920"
                          CONTENT="erga"/>
                  <SP HEIGHT="53" WIDTH="15" VPOS="2043" HPOS="1037"/>
                  <String HEIGHT="53" WIDTH="73" VPOS="2043" HPOS="979" CONTENT="nos"/>
               </TextLine>
               <TextLine ID="r1l82"
                         BASELINE="2133"
                         HEIGHT="44"
                         WIDTH="763"
                         VPOS="2089"
                         HPOS="289">
                  <String HEIGHT="44" WIDTH="99" VPOS="2089" HPOS="275" CONTENT="est"/>
                  <SP HEIGHT="44" WIDTH="14" VPOS="2089" HPOS="374"/>
                  <String HEIGHT="44"
                          WIDTH="198"
                          VPOS="2089"
                          HPOS="331"
                          CONTENT="naturalior"/>
                  <SP HEIGHT="44" WIDTH="14" VPOS="2089" HPOS="529"/>
                  <String HEIGHT="44" WIDTH="99" VPOS="2089" HPOS="487" CONTENT="qui"/>
                  <SP HEIGHT="44" WIDTH="14" VPOS="2089" HPOS="586"/>
                  <String HEIGHT="44"
                          WIDTH="113"
                          VPOS="2089"
                          HPOS="543"
                          CONTENT="erga"/>
                  <SP HEIGHT="44" WIDTH="14" VPOS="2089" HPOS="656"/>
                  <String HEIGHT="44"
                          WIDTH="141"
                          VPOS="2089"
                          HPOS="614"
                          CONTENT="alios."/>
                  <SP HEIGHT="44" WIDTH="14" VPOS="2089" HPOS="755"/>
                  <String HEIGHT="44" WIDTH="99" VPOS="2089" HPOS="713" CONTENT="hic"/>
                  <SP HEIGHT="44" WIDTH="14" VPOS="2089" HPOS="812"/>
                  <String HEIGHT="44"
                          WIDTH="198"
                          VPOS="2089"
                          HPOS="769"
                          CONTENT="amicabilia"/>
                  <SP HEIGHT="44" WIDTH="14" VPOS="2089" HPOS="967"/>
                  <String HEIGHT="44" WIDTH="85" VPOS="2089" HPOS="925" CONTENT="ad"/>
                  <SP HEIGHT="44" WIDTH="14" VPOS="2089" HPOS="1010"/>
                  <String HEIGHT="44"
                          WIDTH="99"
                          VPOS="2089"
                          HPOS="953"
                          CONTENT="alios"/>
               </TextLine>
               <TextLine ID="r1l84"
                         BASELINE="2178"
                         HEIGHT="50"
                         WIDTH="775"
                         VPOS="2128"
                         HPOS="286">
                  <String HEIGHT="50"
                          WIDTH="201"
                          VPOS="2128"
                          HPOS="272"
                          CONTENT="referuntur"/>
                  <SP HEIGHT="50" WIDTH="14" VPOS="2128" HPOS="473"/>
                  <String HEIGHT="50" WIDTH="86" VPOS="2128" HPOS="430" CONTENT="ad"/>
                  <SP HEIGHT="50" WIDTH="14" VPOS="2128" HPOS="516"/>
                  <String HEIGHT="50"
                          WIDTH="201"
                          VPOS="2128"
                          HPOS="473"
                          CONTENT="amicabilia"/>
                  <SP HEIGHT="50" WIDTH="14" VPOS="2128" HPOS="674"/>
                  <String HEIGHT="50"
                          WIDTH="115"
                          VPOS="2128"
                          HPOS="630"
                          CONTENT="quae"/>
                  <SP HEIGHT="50" WIDTH="14" VPOS="2128" HPOS="745"/>
                  <String HEIGHT="50"
                          WIDTH="115"
                          VPOS="2128"
                          HPOS="702"
                          CONTENT="sunt"/>
                  <SP HEIGHT="50" WIDTH="14" VPOS="2128" HPOS="817"/>
                  <String HEIGHT="50" WIDTH="86" VPOS="2128" HPOS="774" CONTENT="ad"/>
                  <SP HEIGHT="50" WIDTH="14" VPOS="2128" HPOS="860"/>
                  <String HEIGHT="50"
                          WIDTH="115"
                          VPOS="2128"
                          HPOS="817"
                          CONTENT="nos."/>
                  <SP HEIGHT="50" WIDTH="14" VPOS="2128" HPOS="932"/>
                  <String HEIGHT="50"
                          WIDTH="100"
                          VPOS="2128"
                          HPOS="889"
                          CONTENT="ix."/>
                  <SP HEIGHT="50" WIDTH="14" VPOS="2128" HPOS="989"/>
                  <String HEIGHT="50"
                          WIDTH="129"
                          VPOS="2128"
                          HPOS="932"
                          CONTENT="Ethico"
                          SUBS_TYPE="HypPart1"
                          SUBS_CONTENT="Ethicorum."/>
                  <HYP CONTENT="-"/>
               </TextLine>
               <TextLine ID="r1l86"
                         BASELINE="2235"
                         HEIGHT="58"
                         WIDTH="775"
                         VPOS="2177"
                         HPOS="292">
                  <String HEIGHT="58"
                          WIDTH="124"
                          VPOS="2177"
                          HPOS="277"
                          CONTENT="rum."
                          SUBS_TYPE="HypPart2"
                          SUBS_CONTENT="Ethicorum."/>
                  <SP HEIGHT="58" WIDTH="16" VPOS="2177" HPOS="401"/>
                  <String HEIGHT="58"
                          WIDTH="124"
                          VPOS="2177"
                          HPOS="354"
                          CONTENT="Nemo"/>
                  <SP HEIGHT="58" WIDTH="16" VPOS="2177" HPOS="478"/>
                  <String HEIGHT="58"
                          WIDTH="124"
                          VPOS="2177"
                          HPOS="432"
                          CONTENT="enim"/>
                  <SP HEIGHT="58" WIDTH="16" VPOS="2177" HPOS="556"/>
                  <String HEIGHT="58"
                          WIDTH="109"
                          VPOS="2177"
                          HPOS="509"
                          CONTENT="est"/>
                  <SP HEIGHT="58" WIDTH="16" VPOS="2177" HPOS="618"/>
                  <String HEIGHT="58"
                          WIDTH="124"
                          VPOS="2177"
                          HPOS="571"
                          CONTENT="sibi"/>
                  <SP HEIGHT="58" WIDTH="16" VPOS="2177" HPOS="695"/>
                  <String HEIGHT="58"
                          WIDTH="202"
                          VPOS="2177"
                          HPOS="649"
                          CONTENT="secundus."/>
                  <SP HEIGHT="58" WIDTH="16" VPOS="2177" HPOS="850"/>
                  <String HEIGHT="58" WIDTH="78" VPOS="2177" HPOS="804" CONTENT="⁋"/>
                  <SP HEIGHT="58" WIDTH="16" VPOS="2177" HPOS="881"/>
                  <String HEIGHT="58" WIDTH="93" VPOS="2177" HPOS="835" CONTENT="In"/>
                  <SP HEIGHT="58" WIDTH="16" VPOS="2177" HPOS="928"/>
                  <String HEIGHT="58"
                          WIDTH="140"
                          VPOS="2177"
                          HPOS="881"
                          CONTENT="super"/>
                  <SP HEIGHT="58" WIDTH="16" VPOS="2177" HPOS="1021"/>
                  <String HEIGHT="58"
                          WIDTH="109"
                          VPOS="2177"
                          HPOS="959"
                          CONTENT="argui"/>
               </TextLine>
               <TextLine ID="r1l88"
                         BASELINE="2268"
                         HEIGHT="45"
                         WIDTH="766"
                         VPOS="2223"
                         HPOS="288">
                  <String HEIGHT="45"
                          WIDTH="105"
                          VPOS="2223"
                          HPOS="273"
                          CONTENT="tur"/>
                  <SP HEIGHT="45" WIDTH="15" VPOS="2223" HPOS="378"/>
                  <String HEIGHT="45"
                          WIDTH="120"
                          VPOS="2223"
                          HPOS="333"
                          CONTENT="sic."/>
                  <SP HEIGHT="45" WIDTH="15" VPOS="2223" HPOS="453"/>
                  <String HEIGHT="45"
                          WIDTH="180"
                          VPOS="2223"
                          HPOS="408"
                          CONTENT="damnatus"/>
                  <SP HEIGHT="45" WIDTH="15" VPOS="2223" HPOS="588"/>
                  <String HEIGHT="45"
                          WIDTH="150"
                          VPOS="2223"
                          HPOS="543"
                          CONTENT="potest"/>
                  <SP HEIGHT="45" WIDTH="15" VPOS="2223" HPOS="694"/>
                  <String HEIGHT="45"
                          WIDTH="210"
                          VPOS="2223"
                          HPOS="648"
                          CONTENT="conformare"/>
                  <SP HEIGHT="45" WIDTH="15" VPOS="2223" HPOS="859"/>
                  <String HEIGHT="45"
                          WIDTH="210"
                          VPOS="2223"
                          HPOS="814"
                          CONTENT="voluntatem"/>
                  <SP HEIGHT="45" WIDTH="15" VPOS="2223" HPOS="1024"/>
                  <String HEIGHT="45"
                          WIDTH="90"
                          VPOS="2223"
                          HPOS="964"
                          CONTENT="suam"/>
               </TextLine>
               <TextLine ID="r1l90"
                         BASELINE="2319"
                         HEIGHT="54"
                         WIDTH="769"
                         VPOS="2265"
                         HPOS="291">
                  <String HEIGHT="54"
                          WIDTH="217"
                          VPOS="2265"
                          HPOS="274"
                          CONTENT="voluntati"/>
                  <SP HEIGHT="54" WIDTH="17" VPOS="2265" HPOS="492"/>
                  <String HEIGHT="54"
                          WIDTH="201"
                          VPOS="2265"
                          HPOS="441"
                          CONTENT="diuinae."/>
                  <SP HEIGHT="54" WIDTH="17" VPOS="2265" HPOS="642"/>
                  <String HEIGHT="54"
                          WIDTH="117"
                          VPOS="2265"
                          HPOS="592"
                          CONTENT="sed"/>
                  <SP HEIGHT="54" WIDTH="17" VPOS="2265" HPOS="709"/>
                  <String HEIGHT="54"
                          WIDTH="134"
                          VPOS="2265"
                          HPOS="659"
                          CONTENT="deus"/>
                  <SP HEIGHT="54" WIDTH="17" VPOS="2265" HPOS="793"/>
                  <String HEIGHT="54"
                          WIDTH="134"
                          VPOS="2265"
                          HPOS="742"
                          CONTENT="nult"/>
                  <SP HEIGHT="54" WIDTH="17" VPOS="2265" HPOS="876"/>
                  <String HEIGHT="54"
                          WIDTH="201"
                          VPOS="2265"
                          HPOS="826"
                          CONTENT="damnatum"/>
                  <SP HEIGHT="54" WIDTH="17" VPOS="2265" HPOS="1027"/>
                  <String HEIGHT="54"
                          WIDTH="100"
                          VPOS="2265"
                          HPOS="960"
                          CONTENT="hare"/>
               </TextLine>
               <TextLine ID="r1l92"
                         BASELINE="2358"
                         HEIGHT="52"
                         WIDTH="772"
                         VPOS="2306"
                         HPOS="289">
                  <String HEIGHT="52"
                          WIDTH="268"
                          VPOS="2306"
                          HPOS="273"
                          CONTENT="beatitudinem:"/>
                  <SP HEIGHT="52" WIDTH="16" VPOS="2306" HPOS="541"/>
                  <String HEIGHT="52"
                          WIDTH="126"
                          VPOS="2306"
                          HPOS="494"
                          CONTENT="ergo"/>
                  <SP HEIGHT="52" WIDTH="16" VPOS="2306" HPOS="620"/>
                  <String HEIGHT="52"
                          WIDTH="189"
                          VPOS="2306"
                          HPOS="573"
                          CONTENT="damnatus"/>
                  <SP HEIGHT="52" WIDTH="16" VPOS="2306" HPOS="762"/>
                  <String HEIGHT="52"
                          WIDTH="158"
                          VPOS="2306"
                          HPOS="714"
                          CONTENT="potest"/>
                  <SP HEIGHT="52" WIDTH="16" VPOS="2306" HPOS="872"/>
                  <String HEIGHT="52"
                          WIDTH="142"
                          VPOS="2306"
                          HPOS="825"
                          CONTENT="nolle"/>
                  <SP HEIGHT="52" WIDTH="16" VPOS="2306" HPOS="966"/>
                  <String HEIGHT="52"
                          WIDTH="158"
                          VPOS="2306"
                          HPOS="903"
                          CONTENT="beatitu"
                          SUBS_TYPE="HypPart1"
                          SUBS_CONTENT="beatitudinem."/>
                  <HYP CONTENT="-"/>
               </TextLine>
               <TextLine ID="r1l94"
                         BASELINE="2403"
                         HEIGHT="49"
                         WIDTH="760"
                         VPOS="2354"
                         HPOS="294">
                  <String HEIGHT="49"
                          WIDTH="133"
                          VPOS="2354"
                          HPOS="281"
                          CONTENT="dinem."
                          SUBS_TYPE="HypPart2"
                          SUBS_CONTENT="beatitudinem."/>
                  <SP HEIGHT="49" WIDTH="13" VPOS="2354" HPOS="414"/>
                  <String HEIGHT="49" WIDTH="80" VPOS="2354" HPOS="374" CONTENT="Et"/>
                  <SP HEIGHT="49" WIDTH="13" VPOS="2354" HPOS="454"/>
                  <String HEIGHT="49"
                          WIDTH="120"
                          VPOS="2354"
                          HPOS="414"
                          CONTENT="eodem"/>
                  <SP HEIGHT="49" WIDTH="13" VPOS="2354" HPOS="534"/>
                  <String HEIGHT="49"
                          WIDTH="107"
                          VPOS="2354"
                          HPOS="494"
                          CONTENT="modo"/>
                  <SP HEIGHT="49" WIDTH="13" VPOS="2354" HPOS="601"/>
                  <String HEIGHT="49" WIDTH="80" VPOS="2354" HPOS="561" CONTENT="in"/>
                  <SP HEIGHT="49" WIDTH="13" VPOS="2354" HPOS="641"/>
                  <String HEIGHT="49" WIDTH="93" VPOS="2354" HPOS="601" CONTENT="via"/>
                  <SP HEIGHT="49" WIDTH="13" VPOS="2354" HPOS="694"/>
                  <String HEIGHT="49" WIDTH="80" VPOS="2354" HPOS="654" CONTENT="si"/>
                  <SP HEIGHT="49" WIDTH="13" VPOS="2354" HPOS="734"/>
                  <String HEIGHT="49"
                          WIDTH="107"
                          VPOS="2354"
                          HPOS="694"
                          CONTENT="deus"/>
                  <SP HEIGHT="49" WIDTH="13" VPOS="2354" HPOS="801"/>
                  <String HEIGHT="49"
                          WIDTH="147"
                          VPOS="2354"
                          HPOS="761"
                          CONTENT="reuelet"/>
                  <SP HEIGHT="49" WIDTH="13" VPOS="2354" HPOS="907"/>
                  <String HEIGHT="49"
                          WIDTH="120"
                          VPOS="2354"
                          HPOS="867"
                          CONTENT="alicu"/>
                  <SP HEIGHT="49" WIDTH="13" VPOS="2354" HPOS="987"/>
                  <String HEIGHT="49" WIDTH="67" VPOS="2354" HPOS="947" CONTENT="i"/>
                  <SP HEIGHT="49" WIDTH="13" VPOS="2354" HPOS="1014"/>
                  <String HEIGHT="49"
                          WIDTH="93"
                          VPOS="2354"
                          HPOS="961"
                          CONTENT="prae"
                          SUBS_TYPE="HypPart1"
                          SUBS_CONTENT="praescito"/>
                  <HYP CONTENT="-"/>
               </TextLine>
               <TextLine ID="r1l95"
                         BASELINE="2442"
                         HEIGHT="47"
                         WIDTH="770"
                         VPOS="2395"
                         HPOS="285">
                  <String HEIGHT="47"
                          WIDTH="122"
                          VPOS="2395"
                          HPOS="271"
                          CONTENT="scito"
                          SUBS_TYPE="HypPart2"
                          SUBS_CONTENT="praescito"/>
                  <SP HEIGHT="47" WIDTH="14" VPOS="2395" HPOS="393"/>
                  <String HEIGHT="47" WIDTH="68" VPOS="2395" HPOS="353" CONTENT="&amp;"/>
                  <SP HEIGHT="47" WIDTH="14" VPOS="2395" HPOS="420"/>
                  <String HEIGHT="47"
                          WIDTH="176"
                          VPOS="2395"
                          HPOS="380"
                          CONTENT="existenti"/>
                  <SP HEIGHT="47" WIDTH="14" VPOS="2395" HPOS="555"/>
                  <String HEIGHT="47" WIDTH="81" VPOS="2395" HPOS="515" CONTENT="in"/>
                  <SP HEIGHT="47" WIDTH="14" VPOS="2395" HPOS="596"/>
                  <String HEIGHT="47"
                          WIDTH="149"
                          VPOS="2395"
                          HPOS="555"
                          CONTENT="gratia:"/>
                  <SP HEIGHT="47" WIDTH="14" VPOS="2395" HPOS="704"/>
                  <String HEIGHT="47"
                          WIDTH="108"
                          VPOS="2395"
                          HPOS="663"
                          CONTENT="quod"/>
                  <SP HEIGHT="47" WIDTH="14" VPOS="2395" HPOS="771"/>
                  <String HEIGHT="47"
                          WIDTH="108"
                          VPOS="2395"
                          HPOS="731"
                          CONTENT="ipse"/>
                  <SP HEIGHT="47" WIDTH="14" VPOS="2395" HPOS="839"/>
                  <String HEIGHT="47" WIDTH="95" VPOS="2395" HPOS="798" CONTENT="num"/>
                  <SP HEIGHT="47" WIDTH="14" VPOS="2395" HPOS="893"/>
                  <String HEIGHT="47"
                          WIDTH="108"
                          VPOS="2395"
                          HPOS="852"
                          CONTENT="quam"/>
                  <SP HEIGHT="47" WIDTH="14" VPOS="2395" HPOS="960"/>
                  <String HEIGHT="47"
                          WIDTH="149"
                          VPOS="2395"
                          HPOS="906"
                          CONTENT="habiturus"/>
               </TextLine>
               <TextLine ID="r1l97"
                         BASELINE="2493"
                         HEIGHT="52"
                         WIDTH="776"
                         VPOS="2441"
                         HPOS="288">
                  <String HEIGHT="52" WIDTH="95" VPOS="2441" HPOS="274" CONTENT="sit"/>
                  <SP HEIGHT="52" WIDTH="14" VPOS="2441" HPOS="370"/>
                  <String HEIGHT="52"
                          WIDTH="231"
                          VPOS="2441"
                          HPOS="329"
                          CONTENT="beatitudinem:"/>
                  <SP HEIGHT="52" WIDTH="14" VPOS="2441" HPOS="560"/>
                  <String HEIGHT="52" WIDTH="82" VPOS="2441" HPOS="519" CONTENT="is"/>
                  <SP HEIGHT="52" WIDTH="14" VPOS="2441" HPOS="601"/>
                  <String HEIGHT="52"
                          WIDTH="136"
                          VPOS="2441"
                          HPOS="560"
                          CONTENT="potest"/>
                  <SP HEIGHT="52" WIDTH="14" VPOS="2441" HPOS="696"/>
                  <String HEIGHT="52"
                          WIDTH="300"
                          VPOS="2441"
                          HPOS="656"
                          CONTENT="nollebeatitudinem,"/>
                  <SP HEIGHT="52" WIDTH="14" VPOS="2441" HPOS="955"/>
                  <String HEIGHT="52"
                          WIDTH="109"
                          VPOS="2441"
                          HPOS="914"
                          CONTENT="quod"/>
                  <SP HEIGHT="52" WIDTH="14" VPOS="2441" HPOS="1023"/>
                  <String HEIGHT="52"
                          WIDTH="95"
                          VPOS="2441"
                          HPOS="969"
                          CONTENT="probo"/>
               </TextLine>
               <TextLine ID="r1l99"
                         BASELINE="2539"
                         HEIGHT="48"
                         WIDTH="760"
                         VPOS="2491"
                         HPOS="291">
                  <String HEIGHT="48"
                          WIDTH="113"
                          VPOS="2491"
                          HPOS="277"
                          CONTENT="quia"/>
                  <SP HEIGHT="48" WIDTH="14" VPOS="2491" HPOS="390"/>
                  <String HEIGHT="48"
                          WIDTH="141"
                          VPOS="2491"
                          HPOS="347"
                          CONTENT="potest"/>
                  <SP HEIGHT="48" WIDTH="14" VPOS="2491" HPOS="488"/>
                  <String HEIGHT="48"
                          WIDTH="197"
                          VPOS="2491"
                          HPOS="446"
                          CONTENT="conformare"/>
                  <SP HEIGHT="48" WIDTH="14" VPOS="2491" HPOS="643"/>
                  <String HEIGHT="48"
                          WIDTH="197"
                          VPOS="2491"
                          HPOS="601"
                          CONTENT="voluntatem"/>
                  <SP HEIGHT="48" WIDTH="14" VPOS="2491" HPOS="798"/>
                  <String HEIGHT="48"
                          WIDTH="113"
                          VPOS="2491"
                          HPOS="755"
                          CONTENT="suam"/>
                  <SP HEIGHT="48" WIDTH="14" VPOS="2491" HPOS="868"/>
                  <String HEIGHT="48"
                          WIDTH="183"
                          VPOS="2491"
                          HPOS="826"
                          CONTENT="voluntati"/>
                  <SP HEIGHT="48" WIDTH="14" VPOS="2491" HPOS="1009"/>
                  <String HEIGHT="48"
                          WIDTH="99"
                          VPOS="2491"
                          HPOS="952"
                          CONTENT="diui"
                          SUBS_TYPE="HypPart1"
                          SUBS_CONTENT="diuinae"/>
                  <HYP CONTENT="-"/>
               </TextLine>
               <TextLine ID="r1l101"
                         BASELINE="2584"
                         HEIGHT="51"
                         WIDTH="772"
                         VPOS="2533"
                         HPOS="288">
                  <String HEIGHT="51"
                          WIDTH="87"
                          VPOS="2533"
                          HPOS="276"
                          CONTENT="nae"
                          SUBS_TYPE="HypPart2"
                          SUBS_CONTENT="diuinae"/>
                  <SP HEIGHT="51" WIDTH="12" VPOS="2533" HPOS="363"/>
                  <String HEIGHT="51" WIDTH="75" VPOS="2533" HPOS="325" CONTENT="in"/>
                  <SP HEIGHT="51" WIDTH="12" VPOS="2533" HPOS="400"/>
                  <String HEIGHT="51"
                          WIDTH="187"
                          VPOS="2533"
                          HPOS="363"
                          CONTENT="particulari"/>
                  <SP HEIGHT="51" WIDTH="12" VPOS="2533" HPOS="549"/>
                  <String HEIGHT="51"
                          WIDTH="162"
                          VPOS="2533"
                          HPOS="512"
                          CONTENT="cognitae."/>
                  <SP HEIGHT="51" WIDTH="12" VPOS="2533" HPOS="674"/>
                  <String HEIGHT="51"
                          WIDTH="199"
                          VPOS="2533"
                          HPOS="637"
                          CONTENT="Respondetur."/>
                  <SP HEIGHT="51" WIDTH="12" VPOS="2533" HPOS="836"/>
                  <String HEIGHT="51"
                          WIDTH="112"
                          VPOS="2533"
                          HPOS="799"
                          CONTENT="istae"/>
                  <SP HEIGHT="51" WIDTH="12" VPOS="2533" HPOS="911"/>
                  <String HEIGHT="51"
                          WIDTH="149"
                          VPOS="2533"
                          HPOS="873"
                          CONTENT="rationes"/>
                  <SP HEIGHT="51" WIDTH="12" VPOS="2533" HPOS="1023"/>
                  <String HEIGHT="51"
                          WIDTH="87"
                          VPOS="2533"
                          HPOS="973"
                          CONTENT="proba"/>
               </TextLine>
               <TextLine ID="r1l103"
                         BASELINE="2628"
                         HEIGHT="55"
                         WIDTH="773"
                         VPOS="2573"
                         HPOS="291">
                  <String HEIGHT="55"
                          WIDTH="181"
                          VPOS="2573"
                          HPOS="275"
                          CONTENT="biliter"/>
                  <SP HEIGHT="55" WIDTH="16" VPOS="2573" HPOS="455"/>
                  <String HEIGHT="55"
                          WIDTH="181"
                          VPOS="2573"
                          HPOS="406"
                          CONTENT="suadent"/>
                  <SP HEIGHT="55" WIDTH="16" VPOS="2573" HPOS="587"/>
                  <String HEIGHT="55"
                          WIDTH="214"
                          VPOS="2573"
                          HPOS="538"
                          CONTENT="oppositum"/>
                  <SP HEIGHT="55" WIDTH="16" VPOS="2573" HPOS="752"/>
                  <String HEIGHT="55"
                          WIDTH="280"
                          VPOS="2573"
                          HPOS="702"
                          CONTENT="conclusionis:"/>
                  <SP HEIGHT="55" WIDTH="16" VPOS="2573" HPOS="982"/>
                  <String HEIGHT="55"
                          WIDTH="164"
                          VPOS="2573"
                          HPOS="932"
                          CONTENT="quapro"/>
                  <SP HEIGHT="55" WIDTH="16" VPOS="2573" HPOS="1097"/>
                  <String HEIGHT="55" WIDTH="33" VPOS="2573" HPOS="1031" CONTENT=""/>
               </TextLine>
               <TextLine ID="r1l105"
                         BASELINE="2669"
                         HEIGHT="47"
                         WIDTH="766"
                         VPOS="2622"
                         HPOS="294">
                  <String HEIGHT="47"
                          WIDTH="130"
                          VPOS="2622"
                          HPOS="278"
                          CONTENT="pter"/>
                  <SP HEIGHT="47" WIDTH="16" VPOS="2622" HPOS="408"/>
                  <String HEIGHT="47"
                          WIDTH="114"
                          VPOS="2622"
                          HPOS="359"
                          CONTENT="eam"/>
                  <SP HEIGHT="47" WIDTH="16" VPOS="2622" HPOS="473"/>
                  <String HEIGHT="47"
                          WIDTH="196"
                          VPOS="2622"
                          HPOS="424"
                          CONTENT="tenuimus"/>
                  <SP HEIGHT="47" WIDTH="16" VPOS="2622" HPOS="620"/>
                  <String HEIGHT="47"
                          WIDTH="293"
                          VPOS="2622"
                          HPOS="571"
                          CONTENT="problematicam."/>
                  <SP HEIGHT="47" WIDTH="16" VPOS="2622" HPOS="864"/>
                  <String HEIGHT="47"
                          WIDTH="179"
                          VPOS="2622"
                          HPOS="816"
                          CONTENT="Secundo"/>
                  <SP HEIGHT="47" WIDTH="16" VPOS="2622" HPOS="995"/>
                  <String HEIGHT="47"
                          WIDTH="130"
                          VPOS="2622"
                          HPOS="930"
                          CONTENT="loquor"/>
               </TextLine>
               <TextLine ID="r1l107"
                         BASELINE="2719"
                         HEIGHT="53"
                         WIDTH="766"
                         VPOS="2666"
                         HPOS="288">
                  <String HEIGHT="53" WIDTH="102" VPOS="2666" HPOS="271" CONTENT="de"/>
                  <SP HEIGHT="53" WIDTH="17" VPOS="2666" HPOS="373"/>
                  <String HEIGHT="53"
                          WIDTH="238"
                          VPOS="2666"
                          HPOS="322"
                          CONTENT="viatoribus"/>
                  <SP HEIGHT="53" WIDTH="17" VPOS="2666" HPOS="560"/>
                  <String HEIGHT="53"
                          WIDTH="204"
                          VPOS="2666"
                          HPOS="509"
                          CONTENT="secundum"/>
                  <SP HEIGHT="53" WIDTH="17" VPOS="2666" HPOS="714"/>
                  <String HEIGHT="53"
                          WIDTH="153"
                          VPOS="2666"
                          HPOS="662"
                          CONTENT="legem"/>
                  <SP HEIGHT="53" WIDTH="17" VPOS="2666" HPOS="816"/>
                  <String HEIGHT="53"
                          WIDTH="221"
                          VPOS="2666"
                          HPOS="765"
                          CONTENT="communem."/>
                  <SP HEIGHT="53" WIDTH="17" VPOS="2666" HPOS="986"/>
                  <String HEIGHT="53"
                          WIDTH="136"
                          VPOS="2666"
                          HPOS="918"
                          CONTENT="Tertio"/>
               </TextLine>
               <TextLine ID="r1l109"
                         BASELINE="2779"
                         HEIGHT="70"
                         WIDTH="778"
                         VPOS="2709"
                         HPOS="288">
                  <String HEIGHT="70"
                          WIDTH="113"
                          VPOS="2709"
                          HPOS="274"
                          CONTENT="dico"/>
                  <SP HEIGHT="70" WIDTH="14" VPOS="2709" HPOS="387"/>
                  <String HEIGHT="70"
                          WIDTH="113"
                          VPOS="2709"
                          HPOS="345"
                          CONTENT="quod"/>
                  <SP HEIGHT="70" WIDTH="14" VPOS="2709" HPOS="458"/>
                  <String HEIGHT="70" WIDTH="99" VPOS="2709" HPOS="415" CONTENT="iam"/>
                  <SP HEIGHT="70" WIDTH="14" VPOS="2709" HPOS="514"/>
                  <String HEIGHT="70"
                          WIDTH="127"
                          VPOS="2709"
                          HPOS="472"
                          CONTENT="esset"/>
                  <SP HEIGHT="70" WIDTH="14" VPOS="2709" HPOS="599"/>
                  <String HEIGHT="70"
                          WIDTH="127"
                          VPOS="2709"
                          HPOS="557"
                          CONTENT="ratio"/>
                  <SP HEIGHT="70" WIDTH="14" VPOS="2709" HPOS="684"/>
                  <String HEIGHT="70"
                          WIDTH="113"
                          VPOS="2709"
                          HPOS="642"
                          CONTENT="mali"/>
                  <SP HEIGHT="70" WIDTH="14" VPOS="2709" HPOS="755"/>
                  <String HEIGHT="70" WIDTH="71" VPOS="2709" HPOS="712" CONTENT="&amp;"/>
                  <SP HEIGHT="70" WIDTH="14" VPOS="2709" HPOS="783"/>
                  <String HEIGHT="70"
                          WIDTH="156"
                          VPOS="2709"
                          HPOS="741"
                          CONTENT="nolendi"/>
                  <SP HEIGHT="70" WIDTH="14" VPOS="2709" HPOS="896"/>
                  <String HEIGHT="70" WIDTH="85" VPOS="2709" HPOS="854" CONTENT="in"/>
                  <SP HEIGHT="70" WIDTH="14" VPOS="2709" HPOS="939"/>
                  <String HEIGHT="70"
                          WIDTH="184"
                          VPOS="2709"
                          HPOS="882"
                          CONTENT="beatitudine"/>
               </TextLine>
            </TextBlock>
            <TextBlock ID="TextRegion_1592266862830_1038"
                       HEIGHT="2522"
                       WIDTH="854"
                       VPOS="242"
                       HPOS="1093">
               <Shape>
                  <Polygon POINTS="1093,242 1947,242 1947,2764 1093,2764"/>
               </Shape>
               <TextLine ID="r1l4"
                         BASELINE="365"
                         HEIGHT="60"
                         WIDTH="762"
                         VPOS="305"
                         HPOS="1138">
                  <String HEIGHT="60" WIDTH="90" VPOS="305" HPOS="1125" CONTENT="cum"/>
                  <SP HEIGHT="60" WIDTH="13" VPOS="305" HPOS="1215"/>
                  <String HEIGHT="60" WIDTH="90" VPOS="305" HPOS="1177" CONTENT="non"/>
                  <SP HEIGHT="60" WIDTH="13" VPOS="305" HPOS="1267"/>
                  <String HEIGHT="60"
                          WIDTH="129"
                          VPOS="305"
                          HPOS="1228"
                          CONTENT="posset"/>
                  <SP HEIGHT="60" WIDTH="13" VPOS="305" HPOS="1358"/>
                  <String HEIGHT="60"
                          WIDTH="116"
                          VPOS="305"
                          HPOS="1319"
                          CONTENT="velle"/>
                  <SP HEIGHT="60" WIDTH="13" VPOS="305" HPOS="1435"/>
                  <String HEIGHT="60" WIDTH="90" VPOS="305" HPOS="1396" CONTENT="sic"/>
                  <SP HEIGHT="60" WIDTH="13" VPOS="305" HPOS="1487"/>
                  <String HEIGHT="60"
                          WIDTH="194"
                          VPOS="305"
                          HPOS="1448"
                          CONTENT="apprehensa."/>
                  <SP HEIGHT="60" WIDTH="13" VPOS="305" HPOS="1642"/>
                  <String HEIGHT="60" WIDTH="65" VPOS="305" HPOS="1603" CONTENT="&amp;"/>
                  <SP HEIGHT="60" WIDTH="13" VPOS="305" HPOS="1668"/>
                  <String HEIGHT="60" WIDTH="90" VPOS="305" HPOS="1629" CONTENT="ita"/>
                  <SP HEIGHT="60" WIDTH="13" VPOS="305" HPOS="1719"/>
                  <String HEIGHT="60"
                          WIDTH="116"
                          VPOS="305"
                          HPOS="1680"
                          CONTENT="nihil"/>
                  <SP HEIGHT="60" WIDTH="13" VPOS="305" HPOS="1797"/>
                  <String HEIGHT="60"
                          WIDTH="129"
                          VPOS="305"
                          HPOS="1758"
                          CONTENT="contra"/>
                  <SP HEIGHT="60" WIDTH="13" VPOS="305" HPOS="1887"/>
                  <String HEIGHT="60" WIDTH="65" VPOS="305" HPOS="1835" CONTENT="con"/>
               </TextLine>
               <TextLine ID="r1l5"
                         BASELINE="417"
                         HEIGHT="57"
                         WIDTH="763"
                         VPOS="360"
                         HPOS="1141">
                  <String HEIGHT="57"
                          WIDTH="214"
                          VPOS="360"
                          HPOS="1126"
                          CONTENT="clusionem."/>
                  <SP HEIGHT="57" WIDTH="15" VPOS="360" HPOS="1339"/>
                  <String HEIGHT="57" WIDTH="76" VPOS="360" HPOS="1294" CONTENT="⁋"/>
                  <SP HEIGHT="57" WIDTH="15" VPOS="360" HPOS="1370"/>
                  <String HEIGHT="57"
                          WIDTH="198"
                          VPOS="360"
                          HPOS="1324"
                          CONTENT="Praeterea"/>
                  <SP HEIGHT="57" WIDTH="15" VPOS="360" HPOS="1523"/>
                  <String HEIGHT="57"
                          WIDTH="198"
                          VPOS="360"
                          HPOS="1477"
                          CONTENT="arguitur."/>
                  <SP HEIGHT="57" WIDTH="15" VPOS="360" HPOS="1675"/>
                  <String HEIGHT="57"
                          WIDTH="168"
                          VPOS="360"
                          HPOS="1629"
                          CONTENT="Aliquis"/>
                  <SP HEIGHT="57" WIDTH="15" VPOS="360" HPOS="1797"/>
                  <String HEIGHT="57"
                          WIDTH="153"
                          VPOS="360"
                          HPOS="1751"
                          CONTENT="viator"/>
                  <SP HEIGHT="57" WIDTH="15" VPOS="360" HPOS="1904"/>
                  <String HEIGHT="57" WIDTH="61" VPOS="360" HPOS="1843" CONTENT="de"/>
               </TextLine>
               <TextLine ID="r1l8"
                         BASELINE="466"
                         HEIGHT="59"
                         WIDTH="748"
                         VPOS="407"
                         HPOS="1147">
                  <String HEIGHT="59"
                          WIDTH="95"
                          VPOS="407"
                          HPOS="1135"
                          CONTENT="coni"/>
                  <SP HEIGHT="59" WIDTH="12" VPOS="407" HPOS="1230"/>
                  <String HEIGHT="59"
                          WIDTH="95"
                          VPOS="407"
                          HPOS="1194"
                          CONTENT="lege"/>
                  <SP HEIGHT="59" WIDTH="12" VPOS="407" HPOS="1289"/>
                  <String HEIGHT="59"
                          WIDTH="119"
                          VPOS="407"
                          HPOS="1254"
                          CONTENT="potest"/>
                  <SP HEIGHT="59" WIDTH="12" VPOS="407" HPOS="1373"/>
                  <String HEIGHT="59"
                          WIDTH="107"
                          VPOS="407"
                          HPOS="1337"
                          CONTENT="velle"/>
                  <SP HEIGHT="59" WIDTH="12" VPOS="407" HPOS="1444"/>
                  <String HEIGHT="59"
                          WIDTH="154"
                          VPOS="407"
                          HPOS="1408"
                          CONTENT="miseriam:"/>
                  <SP HEIGHT="59" WIDTH="12" VPOS="407" HPOS="1563"/>
                  <String HEIGHT="59" WIDTH="59" VPOS="407" HPOS="1527" CONTENT="&amp;"/>
                  <SP HEIGHT="59" WIDTH="12" VPOS="407" HPOS="1586"/>
                  <String HEIGHT="59"
                          WIDTH="107"
                          VPOS="407"
                          HPOS="1551"
                          CONTENT="tamen"/>
                  <SP HEIGHT="59" WIDTH="12" VPOS="407" HPOS="1658"/>
                  <String HEIGHT="59"
                          WIDTH="95"
                          VPOS="407"
                          HPOS="1622"
                          CONTENT="btus"/>
                  <SP HEIGHT="59" WIDTH="12" VPOS="407" HPOS="1717"/>
                  <String HEIGHT="59"
                          WIDTH="178"
                          VPOS="407"
                          HPOS="1681"
                          CONTENT="Augustinus."/>
                  <SP HEIGHT="59" WIDTH="12" VPOS="407" HPOS="1859"/>
                  <String HEIGHT="59"
                          WIDTH="83"
                          VPOS="407"
                          HPOS="1812"
                          CONTENT="xiii."/>
               </TextLine>
               <TextLine ID="r1l10"
                         BASELINE="509"
                         HEIGHT="62"
                         WIDTH="749"
                         VPOS="447"
                         HPOS="1148">
                  <String HEIGHT="62" WIDTH="88" VPOS="447" HPOS="1133" CONTENT="de"/>
                  <SP HEIGHT="62" WIDTH="15" VPOS="447" HPOS="1221"/>
                  <String HEIGHT="62"
                          WIDTH="206"
                          VPOS="447"
                          HPOS="1177"
                          CONTENT="Trinitate:"/>
                  <SP HEIGHT="62" WIDTH="15" VPOS="447" HPOS="1383"/>
                  <String HEIGHT="62" WIDTH="73" VPOS="447" HPOS="1339" CONTENT="&amp;"/>
                  <SP HEIGHT="62" WIDTH="15" VPOS="447" HPOS="1412"/>
                  <String HEIGHT="62" WIDTH="88" VPOS="447" HPOS="1368" CONTENT="in"/>
                  <SP HEIGHT="62" WIDTH="15" VPOS="447" HPOS="1456"/>
                  <String HEIGHT="62"
                          WIDTH="147"
                          VPOS="447"
                          HPOS="1412"
                          CONTENT="litera"/>
                  <SP HEIGHT="62" WIDTH="15" VPOS="447" HPOS="1559"/>
                  <String HEIGHT="62"
                          WIDTH="132"
                          VPOS="447"
                          HPOS="1515"
                          CONTENT="huius"/>
                  <SP HEIGHT="62" WIDTH="15" VPOS="447" HPOS="1647"/>
                  <String HEIGHT="62"
                          WIDTH="250"
                          VPOS="447"
                          HPOS="1603"
                          CONTENT="distinctionis"/>
                  <SP HEIGHT="62" WIDTH="15" VPOS="447" HPOS="1853"/>
                  <String HEIGHT="62"
                          WIDTH="103"
                          VPOS="447"
                          HPOS="1794"
                          CONTENT="compa"/>
               </TextLine>
               <TextLine ID="r1l12"
                         BASELINE="552"
                         HEIGHT="55"
                         WIDTH="756"
                         VPOS="497"
                         HPOS="1141">
                  <String HEIGHT="55"
                          WIDTH="108"
                          VPOS="497"
                          HPOS="1126"
                          CONTENT="rat"/>
                  <SP HEIGHT="55" WIDTH="15" VPOS="497" HPOS="1234"/>
                  <String HEIGHT="55"
                          WIDTH="185"
                          VPOS="497"
                          HPOS="1187"
                          CONTENT="miseriam"/>
                  <SP HEIGHT="55" WIDTH="15" VPOS="497" HPOS="1372"/>
                  <String HEIGHT="55"
                          WIDTH="108"
                          VPOS="497"
                          HPOS="1326"
                          CONTENT="quo"/>
                  <SP HEIGHT="55" WIDTH="15" VPOS="497" HPOS="1434"/>
                  <String HEIGHT="55" WIDTH="93" VPOS="497" HPOS="1388" CONTENT="ad"/>
                  <SP HEIGHT="55" WIDTH="15" VPOS="497" HPOS="1480"/>
                  <String HEIGHT="55"
                          WIDTH="154"
                          VPOS="497"
                          HPOS="1434"
                          CONTENT="velle,"/>
                  <SP HEIGHT="55" WIDTH="15" VPOS="497" HPOS="1588"/>
                  <String HEIGHT="55"
                          WIDTH="108"
                          VPOS="497"
                          HPOS="1542"
                          CONTENT="cum"/>
                  <SP HEIGHT="55" WIDTH="15" VPOS="497" HPOS="1650"/>
                  <String HEIGHT="55"
                          WIDTH="231"
                          VPOS="497"
                          HPOS="1604"
                          CONTENT="beatitudine"/>
                  <SP HEIGHT="55" WIDTH="15" VPOS="497" HPOS="1835"/>
                  <String HEIGHT="55"
                          WIDTH="108"
                          VPOS="497"
                          HPOS="1789"
                          CONTENT="quo"/>
                  <SP HEIGHT="55" WIDTH="15" VPOS="497" HPOS="1897"/>
                  <String HEIGHT="55" WIDTH="62" VPOS="497" HPOS="1835" CONTENT="ad"/>
               </TextLine>
               <TextLine ID="r1l14"
                         BASELINE="599"
                         HEIGHT="61"
                         WIDTH="745"
                         VPOS="538"
                         HPOS="1146">
                  <String HEIGHT="61"
                          WIDTH="149"
                          VPOS="538"
                          HPOS="1131"
                          CONTENT="nolle."/>
                  <SP HEIGHT="61" WIDTH="15" VPOS="538" HPOS="1280"/>
                  <String HEIGHT="61"
                          WIDTH="194"
                          VPOS="538"
                          HPOS="1235"
                          CONTENT="Assumptum"/>
                  <SP HEIGHT="61" WIDTH="15" VPOS="538" HPOS="1429"/>
                  <String HEIGHT="61"
                          WIDTH="149"
                          VPOS="538"
                          HPOS="1384"
                          CONTENT="patet:"/>
                  <SP HEIGHT="61" WIDTH="15" VPOS="538" HPOS="1533"/>
                  <String HEIGHT="61"
                          WIDTH="119"
                          VPOS="538"
                          HPOS="1489"
                          CONTENT="quia"/>
                  <SP HEIGHT="61" WIDTH="15" VPOS="538" HPOS="1608"/>
                  <String HEIGHT="61"
                          WIDTH="179"
                          VPOS="538"
                          HPOS="1563"
                          CONTENT="miseriam"/>
                  <SP HEIGHT="61" WIDTH="15" VPOS="538" HPOS="1742"/>
                  <String HEIGHT="61"
                          WIDTH="149"
                          VPOS="538"
                          HPOS="1697"
                          CONTENT="culpae"/>
                  <SP HEIGHT="61" WIDTH="15" VPOS="538" HPOS="1846"/>
                  <String HEIGHT="61"
                          WIDTH="104"
                          VPOS="538"
                          HPOS="1787"
                          CONTENT="volun"/>
               </TextLine>
               <TextLine ID="r1l16"
                         BASELINE="645"
                         HEIGHT="62"
                         WIDTH="763"
                         VPOS="583"
                         HPOS="1136">
                  <String HEIGHT="62" WIDTH="99" VPOS="583" HPOS="1122" CONTENT="tas"/>
                  <SP HEIGHT="62" WIDTH="14" VPOS="583" HPOS="1221"/>
                  <String HEIGHT="62"
                          WIDTH="141"
                          VPOS="583"
                          HPOS="1178"
                          CONTENT="potest"/>
                  <SP HEIGHT="62" WIDTH="14" VPOS="583" HPOS="1320"/>
                  <String HEIGHT="62"
                          WIDTH="141"
                          VPOS="583"
                          HPOS="1277"
                          CONTENT="velle:"/>
                  <SP HEIGHT="62" WIDTH="14" VPOS="583" HPOS="1419"/>
                  <String HEIGHT="62" WIDTH="71" VPOS="583" HPOS="1376" CONTENT="&amp;"/>
                  <SP HEIGHT="62" WIDTH="14" VPOS="583" HPOS="1447"/>
                  <String HEIGHT="62"
                          WIDTH="155"
                          VPOS="583"
                          HPOS="1404"
                          CONTENT="miseria"/>
                  <SP HEIGHT="62" WIDTH="14" VPOS="583" HPOS="1560"/>
                  <String HEIGHT="62"
                          WIDTH="141"
                          VPOS="583"
                          HPOS="1518"
                          CONTENT="poenae"/>
                  <SP HEIGHT="62" WIDTH="14" VPOS="583" HPOS="1659"/>
                  <String HEIGHT="62"
                          WIDTH="170"
                          VPOS="583"
                          HPOS="1616"
                          CONTENT="voluntas"/>
                  <SP HEIGHT="62" WIDTH="14" VPOS="583" HPOS="1786"/>
                  <String HEIGHT="62"
                          WIDTH="141"
                          VPOS="583"
                          HPOS="1744"
                          CONTENT="potest"/>
                  <SP HEIGHT="62" WIDTH="14" VPOS="583" HPOS="1885"/>
                  <String HEIGHT="62" WIDTH="71" VPOS="583" HPOS="1828" CONTENT="vel"/>
               </TextLine>
               <TextLine ID="r1l18"
                         BASELINE="685"
                         HEIGHT="62"
                         WIDTH="744"
                         VPOS="623"
                         HPOS="1141">
                  <String HEIGHT="62" WIDTH="96" VPOS="623" HPOS="1127" CONTENT="le:"/>
                  <SP HEIGHT="62" WIDTH="14" VPOS="623" HPOS="1224"/>
                  <String HEIGHT="62" WIDTH="69" VPOS="623" HPOS="1182" CONTENT="&amp;"/>
                  <SP HEIGHT="62" WIDTH="14" VPOS="623" HPOS="1251"/>
                  <String HEIGHT="62"
                          WIDTH="124"
                          VPOS="623"
                          HPOS="1210"
                          CONTENT="totum"/>
                  <SP HEIGHT="62" WIDTH="14" VPOS="623" HPOS="1334"/>
                  <String HEIGHT="62"
                          WIDTH="207"
                          VPOS="623"
                          HPOS="1293"
                          CONTENT="aggregatum:"/>
                  <SP HEIGHT="62" WIDTH="14" VPOS="623" HPOS="1499"/>
                  <String HEIGHT="62" WIDTH="69" VPOS="623" HPOS="1458" CONTENT="&amp;"/>
                  <SP HEIGHT="62" WIDTH="14" VPOS="623" HPOS="1527"/>
                  <String HEIGHT="62"
                          WIDTH="124"
                          VPOS="623"
                          HPOS="1485"
                          CONTENT="nulla"/>
                  <SP HEIGHT="62" WIDTH="14" VPOS="623" HPOS="1609"/>
                  <String HEIGHT="62" WIDTH="96" VPOS="623" HPOS="1568" CONTENT="est"/>
                  <SP HEIGHT="62" WIDTH="14" VPOS="623" HPOS="1665"/>
                  <String HEIGHT="62"
                          WIDTH="110"
                          VPOS="623"
                          HPOS="1623"
                          CONTENT="alia"/>
                  <SP HEIGHT="62" WIDTH="14" VPOS="623" HPOS="1733"/>
                  <String HEIGHT="62"
                          WIDTH="165"
                          VPOS="623"
                          HPOS="1692"
                          CONTENT="miseria:"/>
                  <SP HEIGHT="62" WIDTH="14" VPOS="623" HPOS="1857"/>
                  <String HEIGHT="62"
                          WIDTH="83"
                          VPOS="623"
                          HPOS="1802"
                          CONTENT="ergo"/>
               </TextLine>
               <TextLine ID="r1l20"
                         BASELINE="720"
                         HEIGHT="46"
                         WIDTH="747"
                         VPOS="674"
                         HPOS="1150">
                  <String HEIGHT="46"
                          WIDTH="215"
                          VPOS="674"
                          HPOS="1136"
                          CONTENT="propositum."/>
                  <SP HEIGHT="46" WIDTH="14" VPOS="674" HPOS="1351"/>
                  <String HEIGHT="46"
                          WIDTH="115"
                          VPOS="674"
                          HPOS="1308"
                          CONTENT="Quia"/>
                  <SP HEIGHT="46" WIDTH="14" VPOS="674" HPOS="1423"/>
                  <String HEIGHT="46"
                          WIDTH="172"
                          VPOS="674"
                          HPOS="1380"
                          CONTENT="miseriam"/>
                  <SP HEIGHT="46" WIDTH="14" VPOS="674" HPOS="1552"/>
                  <String HEIGHT="46"
                          WIDTH="144"
                          VPOS="674"
                          HPOS="1509"
                          CONTENT="culpae"/>
                  <SP HEIGHT="46" WIDTH="14" VPOS="674" HPOS="1653"/>
                  <String HEIGHT="46"
                          WIDTH="172"
                          VPOS="674"
                          HPOS="1610"
                          CONTENT="voluntas"/>
                  <SP HEIGHT="46" WIDTH="14" VPOS="674" HPOS="1782"/>
                  <String HEIGHT="46"
                          WIDTH="144"
                          VPOS="674"
                          HPOS="1739"
                          CONTENT="possit"/>
                  <SP HEIGHT="46" WIDTH="14" VPOS="674" HPOS="1883"/>
                  <String HEIGHT="46" WIDTH="72" VPOS="674" HPOS="1825" CONTENT="vel"/>
               </TextLine>
               <TextLine ID="r1l22"
                         BASELINE="768"
                         HEIGHT="48"
                         WIDTH="757"
                         VPOS="720"
                         HPOS="1147">
                  <String HEIGHT="48" WIDTH="76" VPOS="720" HPOS="1134" CONTENT="e,"/>
                  <SP HEIGHT="48" WIDTH="13" VPOS="720" HPOS="1210"/>
                  <String HEIGHT="48"
                          WIDTH="151"
                          VPOS="720"
                          HPOS="1172"
                          CONTENT="probatur"/>
                  <SP HEIGHT="48" WIDTH="13" VPOS="720" HPOS="1324"/>
                  <String HEIGHT="48"
                          WIDTH="101"
                          VPOS="720"
                          HPOS="1286"
                          CONTENT="sic."/>
                  <SP HEIGHT="48" WIDTH="13" VPOS="720" HPOS="1387"/>
                  <String HEIGHT="48"
                          WIDTH="101"
                          VPOS="720"
                          HPOS="1349"
                          CONTENT="hunc"/>
                  <SP HEIGHT="48" WIDTH="13" VPOS="720" HPOS="1450"/>
                  <String HEIGHT="48"
                          WIDTH="114"
                          VPOS="720"
                          HPOS="1412"
                          CONTENT="actum"/>
                  <SP HEIGHT="48" WIDTH="13" VPOS="720" HPOS="1526"/>
                  <String HEIGHT="48"
                          WIDTH="151"
                          VPOS="720"
                          HPOS="1488"
                          CONTENT="voluntas"/>
                  <SP HEIGHT="48" WIDTH="13" VPOS="720" HPOS="1639"/>
                  <String HEIGHT="48"
                          WIDTH="126"
                          VPOS="720"
                          HPOS="1601"
                          CONTENT="potest"/>
                  <SP HEIGHT="48" WIDTH="13" VPOS="720" HPOS="1727"/>
                  <String HEIGHT="48"
                          WIDTH="126"
                          VPOS="720"
                          HPOS="1690"
                          CONTENT="velle:"/>
                  <SP HEIGHT="48" WIDTH="13" VPOS="720" HPOS="1816"/>
                  <String HEIGHT="48" WIDTH="88" VPOS="720" HPOS="1778" CONTENT="hic"/>
                  <SP HEIGHT="48" WIDTH="13" VPOS="720" HPOS="1866"/>
                  <String HEIGHT="48"
                          WIDTH="88"
                          VPOS="720"
                          HPOS="1816"
                          CONTENT="actus"/>
               </TextLine>
               <TextLine ID="r1l24"
                         BASELINE="806"
                         HEIGHT="43"
                         WIDTH="745"
                         VPOS="763"
                         HPOS="1147">
                  <String HEIGHT="43"
                          WIDTH="104"
                          VPOS="763"
                          HPOS="1132"
                          CONTENT="est"/>
                  <SP HEIGHT="43" WIDTH="15" VPOS="763" HPOS="1236"/>
                  <String HEIGHT="43"
                          WIDTH="164"
                          VPOS="763"
                          HPOS="1192"
                          CONTENT="miseria"/>
                  <SP HEIGHT="43" WIDTH="15" VPOS="763" HPOS="1356"/>
                  <String HEIGHT="43"
                          WIDTH="164"
                          VPOS="763"
                          HPOS="1311"
                          CONTENT="culpae."/>
                  <SP HEIGHT="43" WIDTH="15" VPOS="763" HPOS="1475"/>
                  <String HEIGHT="43"
                          WIDTH="164"
                          VPOS="763"
                          HPOS="1430"
                          CONTENT="igitur."/>
                  <SP HEIGHT="43" WIDTH="15" VPOS="763" HPOS="1594"/>
                  <String HEIGHT="43" WIDTH="89" VPOS="763" HPOS="1549" CONTENT="De"/>
                  <SP HEIGHT="43" WIDTH="15" VPOS="763" HPOS="1639"/>
                  <String HEIGHT="43"
                          WIDTH="179"
                          VPOS="763"
                          HPOS="1594"
                          CONTENT="cruciatu"/>
                  <SP HEIGHT="43" WIDTH="15" VPOS="763" HPOS="1773"/>
                  <String HEIGHT="43" WIDTH="75" VPOS="763" HPOS="1728" CONTENT="&amp;"/>
                  <SP HEIGHT="43" WIDTH="15" VPOS="763" HPOS="1803"/>
                  <String HEIGHT="43"
                          WIDTH="134"
                          VPOS="763"
                          HPOS="1758"
                          CONTENT="poena"/>
                  <SP HEIGHT="43" WIDTH="15" VPOS="763" HPOS="1892"/>
                  <String HEIGHT="43" WIDTH="60" VPOS="763" HPOS="1832" CONTENT="eo"/>
               </TextLine>
               <TextLine ID="r1l26"
                         BASELINE="847"
                         HEIGHT="43"
                         WIDTH="750"
                         VPOS="804"
                         HPOS="1147">
                  <String HEIGHT="43" WIDTH="91" VPOS="804" HPOS="1134" CONTENT="dem"/>
                  <SP HEIGHT="43" WIDTH="13" VPOS="804" HPOS="1225"/>
                  <String HEIGHT="43"
                          WIDTH="103"
                          VPOS="804"
                          HPOS="1186"
                          CONTENT="modo"/>
                  <SP HEIGHT="43" WIDTH="13" VPOS="804" HPOS="1289"/>
                  <String HEIGHT="43"
                          WIDTH="194"
                          VPOS="804"
                          HPOS="1250"
                          CONTENT="ostenditur."/>
                  <SP HEIGHT="43" WIDTH="13" VPOS="804" HPOS="1444"/>
                  <String HEIGHT="43" WIDTH="91" VPOS="804" HPOS="1406" CONTENT="nam"/>
                  <SP HEIGHT="43" WIDTH="13" VPOS="804" HPOS="1496"/>
                  <String HEIGHT="43"
                          WIDTH="103"
                          VPOS="804"
                          HPOS="1457"
                          CONTENT="bene"/>
                  <SP HEIGHT="43" WIDTH="13" VPOS="804" HPOS="1561"/>
                  <String HEIGHT="43"
                          WIDTH="168"
                          VPOS="804"
                          HPOS="1522"
                          CONTENT="sequitur:"/>
                  <SP HEIGHT="43" WIDTH="13" VPOS="804" HPOS="1690"/>
                  <String HEIGHT="43"
                          WIDTH="129"
                          VPOS="804"
                          HPOS="1651"
                          CONTENT="sortes"/>
                  <SP HEIGHT="43" WIDTH="13" VPOS="804" HPOS="1781"/>
                  <String HEIGHT="43"
                          WIDTH="142"
                          VPOS="804"
                          HPOS="1742"
                          CONTENT="peccat:"/>
                  <SP HEIGHT="43" WIDTH="13" VPOS="804" HPOS="1884"/>
                  <String HEIGHT="43"
                          WIDTH="65"
                          VPOS="804"
                          HPOS="1832"
                          CONTENT="er"
                          SUBS_TYPE="HypPart1"
                          SUBS_CONTENT="ergo"/>
                  <HYP CONTENT="-"/>
               </TextLine>
               <TextLine ID="r1l28"
                         BASELINE="906"
                         HEIGHT="50"
                         WIDTH="769"
                         VPOS="856"
                         HPOS="1134">
                  <String HEIGHT="50"
                          WIDTH="89"
                          VPOS="856"
                          HPOS="1119"
                          CONTENT="go"
                          SUBS_TYPE="HypPart2"
                          SUBS_CONTENT="ergo"/>
                  <SP HEIGHT="50" WIDTH="15" VPOS="856" HPOS="1208"/>
                  <String HEIGHT="50"
                          WIDTH="148"
                          VPOS="856"
                          HPOS="1164"
                          CONTENT="sortes"/>
                  <SP HEIGHT="50" WIDTH="15" VPOS="856" HPOS="1311"/>
                  <String HEIGHT="50"
                          WIDTH="163"
                          VPOS="856"
                          HPOS="1267"
                          CONTENT="punitur"/>
                  <SP HEIGHT="50" WIDTH="15" VPOS="856" HPOS="1430"/>
                  <String HEIGHT="50"
                          WIDTH="104"
                          VPOS="856"
                          HPOS="1385"
                          CONTENT="vel"/>
                  <SP HEIGHT="50" WIDTH="15" VPOS="856" HPOS="1489"/>
                  <String HEIGHT="50"
                          WIDTH="192"
                          VPOS="856"
                          HPOS="1445"
                          CONTENT="punietur:"/>
                  <SP HEIGHT="50" WIDTH="15" VPOS="856" HPOS="1637"/>
                  <String HEIGHT="50"
                          WIDTH="207"
                          VPOS="856"
                          HPOS="1592"
                          CONTENT="theologice"/>
                  <SP HEIGHT="50" WIDTH="15" VPOS="856" HPOS="1799"/>
                  <String HEIGHT="50"
                          WIDTH="177"
                          VPOS="856"
                          HPOS="1755"
                          CONTENT="loquendo"/>
                  <SP HEIGHT="50" WIDTH="15" VPOS="856" HPOS="1933"/>
                  <String HEIGHT="50" WIDTH="30" VPOS="856" HPOS="1873" CONTENT=""/>
               </TextLine>
               <TextLine ID="r1l30"
                         BASELINE="943"
                         HEIGHT="47"
                         WIDTH="762"
                         VPOS="896"
                         HPOS="1135">
                  <String HEIGHT="47" WIDTH="80" VPOS="896" HPOS="1122" CONTENT="de"/>
                  <SP HEIGHT="47" WIDTH="13" VPOS="896" HPOS="1202"/>
                  <String HEIGHT="47"
                          WIDTH="120"
                          VPOS="896"
                          HPOS="1162"
                          CONTENT="lege."/>
                  <SP HEIGHT="47" WIDTH="13" VPOS="896" HPOS="1282"/>
                  <String HEIGHT="47" WIDTH="67" VPOS="896" HPOS="1242" CONTENT="&amp;"/>
                  <SP HEIGHT="47" WIDTH="13" VPOS="896" HPOS="1309"/>
                  <String HEIGHT="47"
                          WIDTH="174"
                          VPOS="896"
                          HPOS="1269"
                          CONTENT="anteceden"/>
                  <SP HEIGHT="47" WIDTH="13" VPOS="896" HPOS="1442"/>
                  <String HEIGHT="47" WIDTH="94" VPOS="896" HPOS="1402" CONTENT="est"/>
                  <SP HEIGHT="47" WIDTH="13" VPOS="896" HPOS="1496"/>
                  <String HEIGHT="47"
                          WIDTH="160"
                          VPOS="896"
                          HPOS="1456"
                          CONTENT="volitum:"/>
                  <SP HEIGHT="47" WIDTH="13" VPOS="896" HPOS="1616"/>
                  <String HEIGHT="47" WIDTH="67" VPOS="896" HPOS="1576" CONTENT="&amp;"/>
                  <SP HEIGHT="47" WIDTH="13" VPOS="896" HPOS="1643"/>
                  <String HEIGHT="47"
                          WIDTH="160"
                          VPOS="896"
                          HPOS="1603"
                          CONTENT="voluntas"/>
                  <SP HEIGHT="47" WIDTH="13" VPOS="896" HPOS="1763"/>
                  <String HEIGHT="47"
                          WIDTH="134"
                          VPOS="896"
                          HPOS="1723"
                          CONTENT="potest"/>
                  <SP HEIGHT="47" WIDTH="13" VPOS="896" HPOS="1857"/>
                  <String HEIGHT="47"
                          WIDTH="94"
                          VPOS="896"
                          HPOS="1803"
                          CONTENT="velle"/>
               </TextLine>
               <TextLine ID="r1l32"
                         BASELINE="991"
                         HEIGHT="52"
                         WIDTH="758"
                         VPOS="939"
                         HPOS="1137">
                  <String HEIGHT="52"
                          WIDTH="286"
                          VPOS="939"
                          HPOS="1120"
                          CONTENT="consequentiam"/>
                  <SP HEIGHT="52" WIDTH="17" VPOS="939" HPOS="1407"/>
                  <String HEIGHT="52"
                          WIDTH="168"
                          VPOS="939"
                          HPOS="1356"
                          CONTENT="bonam:"/>
                  <SP HEIGHT="52" WIDTH="17" VPOS="939" HPOS="1524"/>
                  <String HEIGHT="52"
                          WIDTH="135"
                          VPOS="939"
                          HPOS="1474"
                          CONTENT="ergo"/>
                  <SP HEIGHT="52" WIDTH="17" VPOS="939" HPOS="1609"/>
                  <String HEIGHT="52"
                          WIDTH="168"
                          VPOS="939"
                          HPOS="1558"
                          CONTENT="potest"/>
                  <SP HEIGHT="52" WIDTH="17" VPOS="939" HPOS="1727"/>
                  <String HEIGHT="52"
                          WIDTH="152"
                          VPOS="939"
                          HPOS="1676"
                          CONTENT="velle"/>
                  <SP HEIGHT="52" WIDTH="17" VPOS="939" HPOS="1828"/>
                  <String HEIGHT="52"
                          WIDTH="135"
                          VPOS="939"
                          HPOS="1760"
                          CONTENT="conse"
                          SUBS_TYPE="HypPart1"
                          SUBS_CONTENT="consequens."/>
                  <HYP CONTENT="-"/>
               </TextLine>
               <TextLine ID="r1l33"
                         BASELINE="1038"
                         HEIGHT="54"
                         WIDTH="750"
                         VPOS="984"
                         HPOS="1146">
                  <String HEIGHT="54"
                          WIDTH="144"
                          VPOS="984"
                          HPOS="1132"
                          CONTENT="quens."
                          SUBS_TYPE="HypPart2"
                          SUBS_CONTENT="consequens."/>
                  <SP HEIGHT="54" WIDTH="14" VPOS="984" HPOS="1276"/>
                  <String HEIGHT="54" WIDTH="72" VPOS="984" HPOS="1233" CONTENT="⁋"/>
                  <SP HEIGHT="54" WIDTH="14" VPOS="984" HPOS="1305"/>
                  <String HEIGHT="54"
                          WIDTH="216"
                          VPOS="984"
                          HPOS="1261"
                          CONTENT="Respondetur"/>
                  <SP HEIGHT="54" WIDTH="14" VPOS="984" HPOS="1478"/>
                  <String HEIGHT="54"
                          WIDTH="202"
                          VPOS="984"
                          HPOS="1434"
                          CONTENT="concedendo"/>
                  <SP HEIGHT="54" WIDTH="14" VPOS="984" HPOS="1636"/>
                  <String HEIGHT="54"
                          WIDTH="115"
                          VPOS="984"
                          HPOS="1593"
                          CONTENT="quod"/>
                  <SP HEIGHT="54" WIDTH="14" VPOS="984" HPOS="1709"/>
                  <String HEIGHT="54"
                          WIDTH="173"
                          VPOS="984"
                          HPOS="1665"
                          CONTENT="voluntas"/>
                  <SP HEIGHT="54" WIDTH="14" VPOS="984" HPOS="1838"/>
                  <String HEIGHT="54"
                          WIDTH="115"
                          VPOS="984"
                          HPOS="1781"
                          CONTENT="potest"/>
               </TextLine>
               <TextLine ID="r1l36"
                         BASELINE="1074"
                         HEIGHT="48"
                         WIDTH="760"
                         VPOS="1026"
                         HPOS="1137">
                  <String HEIGHT="48"
                          WIDTH="186"
                          VPOS="1026"
                          HPOS="1121"
                          CONTENT="miseriam"/>
                  <SP HEIGHT="48" WIDTH="16" VPOS="1026" HPOS="1308"/>
                  <String HEIGHT="48"
                          WIDTH="155"
                          VPOS="1026"
                          HPOS="1261"
                          CONTENT="culpae"/>
                  <SP HEIGHT="48" WIDTH="16" VPOS="1026" HPOS="1416"/>
                  <String HEIGHT="48" WIDTH="78" VPOS="1026" HPOS="1370" CONTENT="&amp;"/>
                  <SP HEIGHT="48" WIDTH="16" VPOS="1026" HPOS="1447"/>
                  <String HEIGHT="48"
                          WIDTH="155"
                          VPOS="1026"
                          HPOS="1401"
                          CONTENT="poenae"/>
                  <SP HEIGHT="48" WIDTH="16" VPOS="1026" HPOS="1556"/>
                  <String HEIGHT="48"
                          WIDTH="140"
                          VPOS="1026"
                          HPOS="1509"
                          CONTENT="velle"/>
                  <SP HEIGHT="48" WIDTH="16" VPOS="1026" HPOS="1649"/>
                  <String HEIGHT="48" WIDTH="78" VPOS="1026" HPOS="1602" CONTENT="/"/>
                  <SP HEIGHT="48" WIDTH="16" VPOS="1026" HPOS="1680"/>
                  <String HEIGHT="48" WIDTH="78" VPOS="1026" HPOS="1633" CONTENT="&amp;"/>
                  <SP HEIGHT="48" WIDTH="16" VPOS="1026" HPOS="1711"/>
                  <String HEIGHT="48"
                          WIDTH="233"
                          VPOS="1026"
                          HPOS="1664"
                          CONTENT="aggregatum,"/>
                  <SP HEIGHT="48" WIDTH="16" VPOS="1026" HPOS="1897"/>
                  <String HEIGHT="48" WIDTH="62" VPOS="1026" HPOS="1835" CONTENT="de"/>
               </TextLine>
               <TextLine ID="r1l37"
                         BASELINE="1115"
                         HEIGHT="42"
                         WIDTH="759"
                         VPOS="1073"
                         HPOS="1135">
                  <String HEIGHT="42"
                          WIDTH="138"
                          VPOS="1073"
                          HPOS="1121"
                          CONTENT="aliqua"/>
                  <SP HEIGHT="42" WIDTH="14" VPOS="1073" HPOS="1259"/>
                  <String HEIGHT="42"
                          WIDTH="138"
                          VPOS="1073"
                          HPOS="1218"
                          CONTENT="poena."/>
                  <SP HEIGHT="42" WIDTH="14" VPOS="1073" HPOS="1356"/>
                  <String HEIGHT="42"
                          WIDTH="97"
                          VPOS="1073"
                          HPOS="1314"
                          CONTENT="sed"/>
                  <SP HEIGHT="42" WIDTH="14" VPOS="1073" HPOS="1411"/>
                  <String HEIGHT="42"
                          WIDTH="110"
                          VPOS="1073"
                          HPOS="1370"
                          CONTENT="dari"/>
                  <SP HEIGHT="42" WIDTH="14" VPOS="1073" HPOS="1480"/>
                  <String HEIGHT="42"
                          WIDTH="138"
                          VPOS="1073"
                          HPOS="1439"
                          CONTENT="potest"/>
                  <SP HEIGHT="42" WIDTH="14" VPOS="1073" HPOS="1577"/>
                  <String HEIGHT="42"
                          WIDTH="124"
                          VPOS="1073"
                          HPOS="1535"
                          CONTENT="poena"/>
                  <SP HEIGHT="42" WIDTH="14" VPOS="1073" HPOS="1659"/>
                  <String HEIGHT="42"
                          WIDTH="97"
                          VPOS="1073"
                          HPOS="1618"
                          CONTENT="tam"/>
                  <SP HEIGHT="42" WIDTH="14" VPOS="1073" HPOS="1715"/>
                  <String HEIGHT="42"
                          WIDTH="124"
                          VPOS="1073"
                          HPOS="1673"
                          CONTENT="atrox"/>
                  <SP HEIGHT="42" WIDTH="14" VPOS="1073" HPOS="1797"/>
                  <String HEIGHT="42"
                          WIDTH="97"
                          VPOS="1073"
                          HPOS="1756"
                          CONTENT="(vt"/>
                  <SP HEIGHT="42" WIDTH="14" VPOS="1073" HPOS="1853"/>
                  <String HEIGHT="42"
                          WIDTH="97"
                          VPOS="1073"
                          HPOS="1797"
                          CONTENT="arbi"
                          SUBS_TYPE="HypPart1"
                          SUBS_CONTENT="arbitror)"/>
                  <HYP CONTENT="-"/>
               </TextLine>
               <TextLine ID="r1l40"
                         BASELINE="1160"
                         HEIGHT="48"
                         WIDTH="764"
                         VPOS="1112"
                         HPOS="1140">
                  <String HEIGHT="48"
                          WIDTH="123"
                          VPOS="1112"
                          HPOS="1126"
                          CONTENT="tror)"
                          SUBS_TYPE="HypPart2"
                          SUBS_CONTENT="arbitror)"/>
                  <SP HEIGHT="48" WIDTH="14" VPOS="1112" HPOS="1249"/>
                  <String HEIGHT="48" WIDTH="82" VPOS="1112" HPOS="1208" CONTENT="vt"/>
                  <SP HEIGHT="48" WIDTH="14" VPOS="1112" HPOS="1290"/>
                  <String HEIGHT="48" WIDTH="82" VPOS="1112" HPOS="1249" CONTENT="si"/>
                  <SP HEIGHT="48" WIDTH="14" VPOS="1112" HPOS="1331"/>
                  <String HEIGHT="48"
                          WIDTH="96"
                          VPOS="1112"
                          HPOS="1290"
                          CONTENT="eam"/>
                  <SP HEIGHT="48" WIDTH="14" VPOS="1112" HPOS="1386"/>
                  <String HEIGHT="48"
                          WIDTH="164"
                          VPOS="1112"
                          HPOS="1345"
                          CONTENT="voluntas"/>
                  <SP HEIGHT="48" WIDTH="14" VPOS="1112" HPOS="1508"/>
                  <String HEIGHT="48"
                          WIDTH="123"
                          VPOS="1112"
                          HPOS="1467"
                          CONTENT="esset"/>
                  <SP HEIGHT="48" WIDTH="14" VPOS="1112" HPOS="1590"/>
                  <String HEIGHT="48"
                          WIDTH="164"
                          VPOS="1112"
                          HPOS="1549"
                          CONTENT="exparta,"/>
                  <SP HEIGHT="48" WIDTH="14" VPOS="1112" HPOS="1713"/>
                  <String HEIGHT="48"
                          WIDTH="123"
                          VPOS="1112"
                          HPOS="1672"
                          CONTENT="ipsam"/>
                  <SP HEIGHT="48" WIDTH="14" VPOS="1112" HPOS="1795"/>
                  <String HEIGHT="48"
                          WIDTH="96"
                          VPOS="1112"
                          HPOS="1754"
                          CONTENT="non"/>
                  <SP HEIGHT="48" WIDTH="14" VPOS="1112" HPOS="1849"/>
                  <String HEIGHT="48"
                          WIDTH="109"
                          VPOS="1112"
                          HPOS="1795"
                          CONTENT="posset"/>
               </TextLine>
               <TextLine ID="r1l42"
                         BASELINE="1210"
                         HEIGHT="51"
                         WIDTH="763"
                         VPOS="1159"
                         HPOS="1137">
                  <String HEIGHT="51"
                          WIDTH="123"
                          VPOS="1159"
                          HPOS="1123"
                          CONTENT="velle"/>
                  <SP HEIGHT="51" WIDTH="14" VPOS="1159" HPOS="1246"/>
                  <String HEIGHT="51" WIDTH="82" VPOS="1159" HPOS="1205" CONTENT="ex"/>
                  <SP HEIGHT="51" WIDTH="14" VPOS="1159" HPOS="1287"/>
                  <String HEIGHT="51"
                          WIDTH="109"
                          VPOS="1159"
                          HPOS="1246"
                          CONTENT="tota"/>
                  <SP HEIGHT="51" WIDTH="14" VPOS="1159" HPOS="1355"/>
                  <String HEIGHT="51"
                          WIDTH="177"
                          VPOS="1159"
                          HPOS="1314"
                          CONTENT="libertate"/>
                  <SP HEIGHT="51" WIDTH="14" VPOS="1159" HPOS="1491"/>
                  <String HEIGHT="51"
                          WIDTH="109"
                          VPOS="1159"
                          HPOS="1450"
                          CONTENT="sua:"/>
                  <SP HEIGHT="51" WIDTH="14" VPOS="1159" HPOS="1559"/>
                  <String HEIGHT="51"
                          WIDTH="164"
                          VPOS="1159"
                          HPOS="1519"
                          CONTENT="quicquod"/>
                  <SP HEIGHT="51" WIDTH="14" VPOS="1159" HPOS="1682"/>
                  <String HEIGHT="51"
                          WIDTH="150"
                          VPOS="1159"
                          HPOS="1641"
                          CONTENT="homines"/>
                  <SP HEIGHT="51" WIDTH="14" VPOS="1159" HPOS="1791"/>
                  <String HEIGHT="51"
                          WIDTH="95"
                          VPOS="1159"
                          HPOS="1750"
                          CONTENT="ore"/>
                  <SP HEIGHT="51" WIDTH="14" VPOS="1159" HPOS="1846"/>
                  <String HEIGHT="51"
                          WIDTH="109"
                          VPOS="1159"
                          HPOS="1791"
                          CONTENT="dicant"/>
               </TextLine>
               <TextLine ID="r1l44"
                         BASELINE="1251"
                         HEIGHT="53"
                         WIDTH="757"
                         VPOS="1198"
                         HPOS="1147">
                  <String HEIGHT="53" WIDTH="91" VPOS="1198" HPOS="1132" CONTENT="de"/>
                  <SP HEIGHT="53" WIDTH="15" VPOS="1198" HPOS="1223"/>
                  <String HEIGHT="53"
                          WIDTH="182"
                          VPOS="1198"
                          HPOS="1177"
                          CONTENT="inimicis"/>
                  <SP HEIGHT="53" WIDTH="15" VPOS="1198" HPOS="1359"/>
                  <String HEIGHT="53" WIDTH="91" VPOS="1198" HPOS="1314" CONTENT="se"/>
                  <SP HEIGHT="53" WIDTH="15" VPOS="1198" HPOS="1404"/>
                  <String HEIGHT="53"
                          WIDTH="136"
                          VPOS="1198"
                          HPOS="1359"
                          CONTENT="velle"/>
                  <SP HEIGHT="53" WIDTH="15" VPOS="1198" HPOS="1495"/>
                  <String HEIGHT="53"
                          WIDTH="106"
                          VPOS="1198"
                          HPOS="1450"
                          CONTENT="eos"/>
                  <SP HEIGHT="53" WIDTH="15" VPOS="1198" HPOS="1556"/>
                  <String HEIGHT="53"
                          WIDTH="136"
                          VPOS="1198"
                          HPOS="1510"
                          CONTENT="posse"/>
                  <SP HEIGHT="53" WIDTH="15" VPOS="1198" HPOS="1647"/>
                  <String HEIGHT="53"
                          WIDTH="197"
                          VPOS="1198"
                          HPOS="1601"
                          CONTENT="occidere:"/>
                  <SP HEIGHT="53" WIDTH="15" VPOS="1198" HPOS="1798"/>
                  <String HEIGHT="53" WIDTH="76" VPOS="1198" HPOS="1753" CONTENT="&amp;"/>
                  <SP HEIGHT="53" WIDTH="15" VPOS="1198" HPOS="1828"/>
                  <String HEIGHT="53" WIDTH="91" VPOS="1198" HPOS="1783" CONTENT="ea"/>
                  <SP HEIGHT="53" WIDTH="15" VPOS="1198" HPOS="1874"/>
                  <String HEIGHT="53"
                          WIDTH="91"
                          VPOS="1198"
                          HPOS="1813"
                          CONTENT="lege"/>
               </TextLine>
               <TextLine ID="r1l45"
                         BASELINE="1298"
                         HEIGHT="51"
                         WIDTH="752"
                         VPOS="1247"
                         HPOS="1140">
                  <String HEIGHT="51"
                          WIDTH="133"
                          VPOS="1247"
                          HPOS="1125"
                          CONTENT="velle"/>
                  <SP HEIGHT="51" WIDTH="15" VPOS="1247" HPOS="1258"/>
                  <String HEIGHT="51"
                          WIDTH="162"
                          VPOS="1247"
                          HPOS="1214"
                          CONTENT="damnati"/>
                  <SP HEIGHT="51" WIDTH="15" VPOS="1247" HPOS="1376"/>
                  <String HEIGHT="51" WIDTH="88" VPOS="1247" HPOS="1332" CONTENT="in"/>
                  <SP HEIGHT="51" WIDTH="15" VPOS="1247" HPOS="1420"/>
                  <String HEIGHT="51"
                          WIDTH="118"
                          VPOS="1247"
                          HPOS="1376"
                          CONTENT="orco"/>
                  <SP HEIGHT="51" WIDTH="15" VPOS="1247" HPOS="1494"/>
                  <String HEIGHT="51"
                          WIDTH="103"
                          VPOS="1247"
                          HPOS="1450"
                          CONTENT="cum"/>
                  <SP HEIGHT="51" WIDTH="15" VPOS="1247" HPOS="1553"/>
                  <String HEIGHT="51"
                          WIDTH="177"
                          VPOS="1247"
                          HPOS="1509"
                          CONTENT="Plutone."/>
                  <SP HEIGHT="51" WIDTH="15" VPOS="1247" HPOS="1686"/>
                  <String HEIGHT="51"
                          WIDTH="147"
                          VPOS="1247"
                          HPOS="1641"
                          CONTENT="Beatus"/>
                  <SP HEIGHT="51" WIDTH="15" VPOS="1247" HPOS="1789"/>
                  <String HEIGHT="51"
                          WIDTH="162"
                          VPOS="1247"
                          HPOS="1730"
                          CONTENT="Augustinu"/>
               </TextLine>
               <TextLine ID="r1l47"
                         BASELINE="1340"
                         HEIGHT="46"
                         WIDTH="750"
                         VPOS="1294"
                         HPOS="1141">
                  <String HEIGHT="46"
                          WIDTH="123"
                          VPOS="1294"
                          HPOS="1127"
                          CONTENT="autem"/>
                  <SP HEIGHT="46" WIDTH="14" VPOS="1294" HPOS="1250"/>
                  <String HEIGHT="46"
                          WIDTH="95"
                          VPOS="1294"
                          HPOS="1209"
                          CONTENT="per"/>
                  <SP HEIGHT="46" WIDTH="14" VPOS="1294" HPOS="1305"/>
                  <String HEIGHT="46"
                          WIDTH="164"
                          VPOS="1294"
                          HPOS="1264"
                          CONTENT="miseriam"/>
                  <SP HEIGHT="46" WIDTH="14" VPOS="1294" HPOS="1427"/>
                  <String HEIGHT="46"
                          WIDTH="191"
                          VPOS="1294"
                          HPOS="1386"
                          CONTENT="intelligit"/>
                  <SP HEIGHT="46" WIDTH="14" VPOS="1294" HPOS="1577"/>
                  <String HEIGHT="46"
                          WIDTH="150"
                          VPOS="1294"
                          HPOS="1536"
                          CONTENT="aliquid"/>
                  <SP HEIGHT="46" WIDTH="14" VPOS="1294" HPOS="1686"/>
                  <String HEIGHT="46" WIDTH="82" VPOS="1294" HPOS="1646" CONTENT="in"/>
                  <SP HEIGHT="46" WIDTH="14" VPOS="1294" HPOS="1727"/>
                  <String HEIGHT="46"
                          WIDTH="95"
                          VPOS="1294"
                          HPOS="1686"
                          CONTENT="quo"/>
                  <SP HEIGHT="46" WIDTH="14" VPOS="1294" HPOS="1782"/>
                  <String HEIGHT="46"
                          WIDTH="136"
                          VPOS="1294"
                          HPOS="1741"
                          CONTENT="nullum"/>
                  <SP HEIGHT="46" WIDTH="14" VPOS="1294" HPOS="1877"/>
                  <String HEIGHT="46"
                          WIDTH="68"
                          VPOS="1294"
                          HPOS="1823"
                          CONTENT="est"/>
               </TextLine>
               <TextLine ID="r1l50"
                         BASELINE="1393"
                         HEIGHT="56"
                         WIDTH="757"
                         VPOS="1337"
                         HPOS="1135">
                  <String HEIGHT="56"
                          WIDTH="193"
                          VPOS="1337"
                          HPOS="1119"
                          CONTENT="specimen"/>
                  <SP HEIGHT="56" WIDTH="16" VPOS="1337" HPOS="1312"/>
                  <String HEIGHT="56"
                          WIDTH="145"
                          VPOS="1337"
                          HPOS="1264"
                          CONTENT="boni."/>
                  <SP HEIGHT="56" WIDTH="16" VPOS="1337" HPOS="1409"/>
                  <String HEIGHT="56"
                          WIDTH="113"
                          VPOS="1337"
                          HPOS="1360"
                          CONTENT="hoc"/>
                  <SP HEIGHT="56" WIDTH="16" VPOS="1337" HPOS="1473"/>
                  <String HEIGHT="56"
                          WIDTH="113"
                          VPOS="1337"
                          HPOS="1425"
                          CONTENT="est"/>
                  <SP HEIGHT="56" WIDTH="16" VPOS="1337" HPOS="1538"/>
                  <String HEIGHT="56"
                          WIDTH="225"
                          VPOS="1337"
                          HPOS="1489"
                          CONTENT="accipiendo"/>
                  <SP HEIGHT="56" WIDTH="16" VPOS="1337" HPOS="1715"/>
                  <String HEIGHT="56"
                          WIDTH="193"
                          VPOS="1337"
                          HPOS="1667"
                          CONTENT="opposito"/>
                  <SP HEIGHT="56" WIDTH="16" VPOS="1337" HPOS="1860"/>
                  <String HEIGHT="56"
                          WIDTH="97"
                          VPOS="1337"
                          HPOS="1795"
                          CONTENT="modo"/>
               </TextLine>
               <TextLine ID="r1l51"
                         BASELINE="1432"
                         HEIGHT="50"
                         WIDTH="763"
                         VPOS="1382"
                         HPOS="1134">
                  <String HEIGHT="50" WIDTH="95" VPOS="1382" HPOS="1118" CONTENT="ad"/>
                  <SP HEIGHT="50" WIDTH="16" VPOS="1382" HPOS="1213"/>
                  <String HEIGHT="50"
                          WIDTH="143"
                          VPOS="1382"
                          HPOS="1166"
                          CONTENT="bonum"/>
                  <SP HEIGHT="50" WIDTH="16" VPOS="1382" HPOS="1309"/>
                  <String HEIGHT="50"
                          WIDTH="159"
                          VPOS="1382"
                          HPOS="1261"
                          CONTENT="verum,"/>
                  <SP HEIGHT="50" WIDTH="16" VPOS="1382" HPOS="1420"/>
                  <String HEIGHT="50"
                          WIDTH="111"
                          VPOS="1382"
                          HPOS="1372"
                          CONTENT="vel"/>
                  <SP HEIGHT="50" WIDTH="16" VPOS="1382" HPOS="1484"/>
                  <String HEIGHT="50"
                          WIDTH="143"
                          VPOS="1382"
                          HPOS="1436"
                          CONTENT="bonum"/>
                  <SP HEIGHT="50" WIDTH="16" VPOS="1382" HPOS="1579"/>
                  <String HEIGHT="50"
                          WIDTH="207"
                          VPOS="1382"
                          HPOS="1531"
                          CONTENT="apparens."/>
                  <SP HEIGHT="50" WIDTH="16" VPOS="1382" HPOS="1738"/>
                  <String HEIGHT="50" WIDTH="79" VPOS="1382" HPOS="1690" CONTENT="⁋"/>
                  <SP HEIGHT="50" WIDTH="16" VPOS="1382" HPOS="1770"/>
                  <String HEIGHT="50"
                          WIDTH="143"
                          VPOS="1382"
                          HPOS="1722"
                          CONTENT="Adhuc"/>
                  <SP HEIGHT="50" WIDTH="16" VPOS="1382" HPOS="1865"/>
                  <String HEIGHT="50"
                          WIDTH="95"
                          VPOS="1382"
                          HPOS="1802"
                          CONTENT="argu"/>
               </TextLine>
               <TextLine ID="r1l54"
                         BASELINE="1474"
                         HEIGHT="48"
                         WIDTH="753"
                         VPOS="1426"
                         HPOS="1138">
                  <String HEIGHT="48"
                          WIDTH="141"
                          VPOS="1426"
                          HPOS="1122"
                          CONTENT="itur."/>
                  <SP HEIGHT="48" WIDTH="16" VPOS="1426" HPOS="1264"/>
                  <String HEIGHT="48"
                          WIDTH="251"
                          VPOS="1426"
                          HPOS="1216"
                          CONTENT="demonstratis"/>
                  <SP HEIGHT="48" WIDTH="16" VPOS="1426" HPOS="1467"/>
                  <String HEIGHT="48" WIDTH="94" VPOS="1426" HPOS="1420" CONTENT="a."/>
                  <SP HEIGHT="48" WIDTH="16" VPOS="1426" HPOS="1515"/>
                  <String HEIGHT="48"
                          WIDTH="157"
                          VPOS="1426"
                          HPOS="1467"
                          CONTENT="maiore"/>
                  <SP HEIGHT="48" WIDTH="16" VPOS="1426" HPOS="1624"/>
                  <String HEIGHT="48"
                          WIDTH="126"
                          VPOS="1426"
                          HPOS="1577"
                          CONTENT="bono"/>
                  <SP HEIGHT="48" WIDTH="16" VPOS="1426" HPOS="1703"/>
                  <String HEIGHT="48" WIDTH="78" VPOS="1426" HPOS="1656" CONTENT="&amp;"/>
                  <SP HEIGHT="48" WIDTH="16" VPOS="1426" HPOS="1734"/>
                  <String HEIGHT="48" WIDTH="94" VPOS="1426" HPOS="1687" CONTENT="b."/>
                  <SP HEIGHT="48" WIDTH="16" VPOS="1426" HPOS="1781"/>
                  <String HEIGHT="48"
                          WIDTH="157"
                          VPOS="1426"
                          HPOS="1734"
                          CONTENT="minore"/>
                  <SP HEIGHT="48" WIDTH="16" VPOS="1426" HPOS="1891"/>
                  <String HEIGHT="48" WIDTH="63" VPOS="1426" HPOS="1828" CONTENT="bo"/>
               </TextLine>
               <TextLine ID="r1l55"
                         BASELINE="1522"
                         HEIGHT="49"
                         WIDTH="772"
                         VPOS="1473"
                         HPOS="1128">
                  <String HEIGHT="49"
                          WIDTH="102"
                          VPOS="1473"
                          HPOS="1113"
                          CONTENT="non"/>
                  <SP HEIGHT="49" WIDTH="15" VPOS="1473" HPOS="1215"/>
                  <String HEIGHT="49"
                          WIDTH="320"
                          VPOS="1473"
                          HPOS="1172"
                          CONTENT="incompossibilibus:"/>
                  <SP HEIGHT="49" WIDTH="15" VPOS="1473" HPOS="1492"/>
                  <String HEIGHT="49" WIDTH="73" VPOS="1473" HPOS="1448" CONTENT="&amp;"/>
                  <SP HEIGHT="49" WIDTH="15" VPOS="1473" HPOS="1521"/>
                  <String HEIGHT="49"
                          WIDTH="160"
                          VPOS="1473"
                          HPOS="1478"
                          CONTENT="taliter"/>
                  <SP HEIGHT="49" WIDTH="15" VPOS="1473" HPOS="1638"/>
                  <String HEIGHT="49"
                          WIDTH="218"
                          VPOS="1473"
                          HPOS="1594"
                          CONTENT="apprehensis"/>
                  <SP HEIGHT="49" WIDTH="15" VPOS="1473" HPOS="1813"/>
                  <String HEIGHT="49" WIDTH="87" VPOS="1473" HPOS="1769" CONTENT="in"/>
                  <SP HEIGHT="49" WIDTH="15" VPOS="1473" HPOS="1856"/>
                  <String HEIGHT="49"
                          WIDTH="102"
                          VPOS="1473"
                          HPOS="1798"
                          CONTENT="intel"/>
               </TextLine>
               <TextLine ID="r1l57"
                         BASELINE="1564"
                         HEIGHT="53"
                         WIDTH="761"
                         VPOS="1511"
                         HPOS="1128">
                  <String HEIGHT="53"
                          WIDTH="137"
                          VPOS="1511"
                          HPOS="1113"
                          CONTENT="lectu"/>
                  <SP HEIGHT="53" WIDTH="15" VPOS="1511" HPOS="1250"/>
                  <String HEIGHT="53"
                          WIDTH="183"
                          VPOS="1511"
                          HPOS="1204"
                          CONTENT="qualiter"/>
                  <SP HEIGHT="53" WIDTH="15" VPOS="1511" HPOS="1387"/>
                  <String HEIGHT="53"
                          WIDTH="122"
                          VPOS="1511"
                          HPOS="1341"
                          CONTENT="illa"/>
                  <SP HEIGHT="53" WIDTH="15" VPOS="1511" HPOS="1463"/>
                  <String HEIGHT="53"
                          WIDTH="122"
                          VPOS="1511"
                          HPOS="1417"
                          CONTENT="bona"/>
                  <SP HEIGHT="53" WIDTH="15" VPOS="1511" HPOS="1539"/>
                  <String HEIGHT="53" WIDTH="91" VPOS="1511" HPOS="1493" CONTENT="se"/>
                  <SP HEIGHT="53" WIDTH="15" VPOS="1511" HPOS="1585"/>
                  <String HEIGHT="53"
                          WIDTH="152"
                          VPOS="1511"
                          HPOS="1539"
                          CONTENT="habent"/>
                  <SP HEIGHT="53" WIDTH="15" VPOS="1511" HPOS="1691"/>
                  <String HEIGHT="53" WIDTH="91" VPOS="1511" HPOS="1645" CONTENT="in"/>
                  <SP HEIGHT="53" WIDTH="15" VPOS="1511" HPOS="1737"/>
                  <String HEIGHT="53"
                          WIDTH="107"
                          VPOS="1511"
                          HPOS="1691"
                          CONTENT="re:"/>
                  <SP HEIGHT="53" WIDTH="15" VPOS="1511" HPOS="1798"/>
                  <String HEIGHT="53"
                          WIDTH="152"
                          VPOS="1511"
                          HPOS="1737"
                          CONTENT="voluntas"/>
               </TextLine>
               <TextLine ID="r1l59"
                         BASELINE="1616"
                         HEIGHT="56"
                         WIDTH="755"
                         VPOS="1560"
                         HPOS="1143">
                  <String HEIGHT="56"
                          WIDTH="119"
                          VPOS="1560"
                          HPOS="1130"
                          CONTENT="otest"/>
                  <SP HEIGHT="56" WIDTH="13" VPOS="1560" HPOS="1249"/>
                  <String HEIGHT="56"
                          WIDTH="119"
                          VPOS="1560"
                          HPOS="1209"
                          CONTENT="velle"/>
                  <SP HEIGHT="56" WIDTH="13" VPOS="1560" HPOS="1328"/>
                  <String HEIGHT="56" WIDTH="79" VPOS="1560" HPOS="1289" CONTENT="b."/>
                  <SP HEIGHT="56" WIDTH="13" VPOS="1560" HPOS="1368"/>
                  <String HEIGHT="56"
                          WIDTH="93"
                          VPOS="1560"
                          HPOS="1328"
                          CONTENT="sed"/>
                  <SP HEIGHT="56" WIDTH="13" VPOS="1560" HPOS="1421"/>
                  <String HEIGHT="56" WIDTH="79" VPOS="1560" HPOS="1381" CONTENT="in"/>
                  <SP HEIGHT="56" WIDTH="13" VPOS="1560" HPOS="1461"/>
                  <String HEIGHT="56" WIDTH="79" VPOS="1560" HPOS="1421" CONTENT="b."/>
                  <SP HEIGHT="56" WIDTH="13" VPOS="1560" HPOS="1501"/>
                  <String HEIGHT="56"
                          WIDTH="119"
                          VPOS="1560"
                          HPOS="1461"
                          CONTENT="nulla"/>
                  <SP HEIGHT="56" WIDTH="13" VPOS="1560" HPOS="1580"/>
                  <String HEIGHT="56"
                          WIDTH="93"
                          VPOS="1560"
                          HPOS="1540"
                          CONTENT="est"/>
                  <SP HEIGHT="56" WIDTH="13" VPOS="1560" HPOS="1633"/>
                  <String HEIGHT="56"
                          WIDTH="119"
                          VPOS="1560"
                          HPOS="1593"
                          CONTENT="ratio"/>
                  <SP HEIGHT="56" WIDTH="13" VPOS="1560" HPOS="1713"/>
                  <String HEIGHT="56"
                          WIDTH="119"
                          VPOS="1560"
                          HPOS="1673"
                          CONTENT="boni,"/>
                  <SP HEIGHT="56" WIDTH="13" VPOS="1560" HPOS="1792"/>
                  <String HEIGHT="56"
                          WIDTH="106"
                          VPOS="1560"
                          HPOS="1752"
                          CONTENT="quod"/>
                  <SP HEIGHT="56" WIDTH="13" VPOS="1560" HPOS="1858"/>
                  <String HEIGHT="56"
                          WIDTH="93"
                          VPOS="1560"
                          HPOS="1805"
                          CONTENT="probo"/>
               </TextLine>
               <TextLine ID="r1l61"
                         BASELINE="1652"
                         HEIGHT="49"
                         WIDTH="770"
                         VPOS="1603"
                         HPOS="1134">
                  <String HEIGHT="49"
                          WIDTH="131"
                          VPOS="1603"
                          HPOS="1118"
                          CONTENT="quia"/>
                  <SP HEIGHT="49" WIDTH="16" VPOS="1603" HPOS="1249"/>
                  <String HEIGHT="49"
                          WIDTH="147"
                          VPOS="1603"
                          HPOS="1200"
                          CONTENT="minus"/>
                  <SP HEIGHT="49" WIDTH="16" VPOS="1603" HPOS="1347"/>
                  <String HEIGHT="49"
                          WIDTH="147"
                          VPOS="1603"
                          HPOS="1298"
                          CONTENT="bonum"/>
                  <SP HEIGHT="49" WIDTH="16" VPOS="1603" HPOS="1445"/>
                  <String HEIGHT="49"
                          WIDTH="164"
                          VPOS="1603"
                          HPOS="1396"
                          CONTENT="maiori"/>
                  <SP HEIGHT="49" WIDTH="16" VPOS="1603" HPOS="1560"/>
                  <String HEIGHT="49"
                          WIDTH="131"
                          VPOS="1603"
                          HPOS="1511"
                          CONTENT="bono"/>
                  <SP HEIGHT="49" WIDTH="16" VPOS="1603" HPOS="1642"/>
                  <String HEIGHT="49"
                          WIDTH="229"
                          VPOS="1603"
                          HPOS="1593"
                          CONTENT="comparatum"/>
                  <SP HEIGHT="49" WIDTH="16" VPOS="1603" HPOS="1822"/>
                  <String HEIGHT="49"
                          WIDTH="115"
                          VPOS="1603"
                          HPOS="1773"
                          CONTENT="non"/>
                  <SP HEIGHT="49" WIDTH="16" VPOS="1603" HPOS="1888"/>
                  <String HEIGHT="49"
                          WIDTH="82"
                          VPOS="1603"
                          HPOS="1822"
                          CONTENT="ha"
                          SUBS_TYPE="HypPart1"
                          SUBS_CONTENT="habet"/>
                  <HYP CONTENT="-"/>
               </TextLine>
               <TextLine ID="r1l63"
                         BASELINE="1700"
                         HEIGHT="51"
                         WIDTH="757"
                         VPOS="1649"
                         HPOS="1141">
                  <String HEIGHT="51"
                          WIDTH="95"
                          VPOS="1649"
                          HPOS="1127"
                          CONTENT="bet"
                          SUBS_TYPE="HypPart2"
                          SUBS_CONTENT="habet"/>
                  <SP HEIGHT="51" WIDTH="14" VPOS="1649" HPOS="1222"/>
                  <String HEIGHT="51"
                          WIDTH="162"
                          VPOS="1649"
                          HPOS="1182"
                          CONTENT="rationem"/>
                  <SP HEIGHT="51" WIDTH="14" VPOS="1649" HPOS="1344"/>
                  <String HEIGHT="51"
                          WIDTH="122"
                          VPOS="1649"
                          HPOS="1303"
                          CONTENT="boni."/>
                  <SP HEIGHT="51" WIDTH="14" VPOS="1649" HPOS="1425"/>
                  <String HEIGHT="51" WIDTH="68" VPOS="1649" HPOS="1384" CONTENT="⁋"/>
                  <SP HEIGHT="51" WIDTH="14" VPOS="1649" HPOS="1452"/>
                  <String HEIGHT="51"
                          WIDTH="216"
                          VPOS="1649"
                          HPOS="1411"
                          CONTENT="Respondetur."/>
                  <SP HEIGHT="51" WIDTH="14" VPOS="1649" HPOS="1628"/>
                  <String HEIGHT="51"
                          WIDTH="95"
                          VPOS="1649"
                          HPOS="1587"
                          CONTENT="hoc"/>
                  <SP HEIGHT="51" WIDTH="14" VPOS="1649" HPOS="1682"/>
                  <String HEIGHT="51"
                          WIDTH="189"
                          VPOS="1649"
                          HPOS="1641"
                          CONTENT="argumentum"/>
                  <SP HEIGHT="51" WIDTH="14" VPOS="1649" HPOS="1830"/>
                  <String HEIGHT="51"
                          WIDTH="95"
                          VPOS="1649"
                          HPOS="1790"
                          CONTENT="non"/>
                  <SP HEIGHT="51" WIDTH="14" VPOS="1649" HPOS="1884"/>
                  <String HEIGHT="51"
                          WIDTH="68"
                          VPOS="1649"
                          HPOS="1830"
                          CONTENT="mo"
                          SUBS_TYPE="HypPart1"
                          SUBS_CONTENT="mouet."/>
                  <HYP CONTENT="-"/>
               </TextLine>
               <TextLine ID="r1l65"
                         BASELINE="1743"
                         HEIGHT="49"
                         WIDTH="764"
                         VPOS="1694"
                         HPOS="1125">
                  <String HEIGHT="49"
                          WIDTH="113"
                          VPOS="1694"
                          HPOS="1111"
                          CONTENT="uet."
                          SUBS_TYPE="HypPart2"
                          SUBS_CONTENT="mouet."/>
                  <SP HEIGHT="49" WIDTH="14" VPOS="1694" HPOS="1224"/>
                  <String HEIGHT="49"
                          WIDTH="170"
                          VPOS="1694"
                          HPOS="1182"
                          CONTENT="vtrumque"/>
                  <SP HEIGHT="49" WIDTH="14" VPOS="1694" HPOS="1351"/>
                  <String HEIGHT="49"
                          WIDTH="113"
                          VPOS="1694"
                          HPOS="1309"
                          CONTENT="enim"/>
                  <SP HEIGHT="49" WIDTH="14" VPOS="1694" HPOS="1422"/>
                  <String HEIGHT="49"
                          WIDTH="156"
                          VPOS="1694"
                          HPOS="1380"
                          CONTENT="illorum"/>
                  <SP HEIGHT="49" WIDTH="14" VPOS="1694" HPOS="1535"/>
                  <String HEIGHT="49"
                          WIDTH="99"
                          VPOS="1694"
                          HPOS="1493"
                          CONTENT="est"/>
                  <SP HEIGHT="49" WIDTH="14" VPOS="1694" HPOS="1592"/>
                  <String HEIGHT="49"
                          WIDTH="141"
                          VPOS="1694"
                          HPOS="1549"
                          CONTENT="bonum."/>
                  <SP HEIGHT="49" WIDTH="14" VPOS="1694" HPOS="1691"/>
                  <String HEIGHT="49"
                          WIDTH="156"
                          VPOS="1694"
                          HPOS="1648"
                          CONTENT="loannes"/>
                  <SP HEIGHT="49" WIDTH="14" VPOS="1694" HPOS="1804"/>
                  <String HEIGHT="49"
                          WIDTH="127"
                          VPOS="1694"
                          HPOS="1762"
                          CONTENT="Buri."/>
                  <SP HEIGHT="49" WIDTH="14" VPOS="1694" HPOS="1889"/>
                  <String HEIGHT="49" WIDTH="57" VPOS="1694" HPOS="1832" CONTENT="in"/>
               </TextLine>
               <TextLine ID="r1l67"
                         BASELINE="1787"
                         HEIGHT="53"
                         WIDTH="758"
                         VPOS="1734"
                         HPOS="1128">
                  <String HEIGHT="53"
                          WIDTH="105"
                          VPOS="1734"
                          HPOS="1115"
                          CONTENT="iii."/>
                  <SP HEIGHT="53" WIDTH="13" VPOS="1734" HPOS="1219"/>
                  <String HEIGHT="53"
                          WIDTH="170"
                          VPOS="1734"
                          HPOS="1180"
                          CONTENT="Ethicorum"/>
                  <SP HEIGHT="53" WIDTH="13" VPOS="1734" HPOS="1350"/>
                  <String HEIGHT="53"
                          WIDTH="118"
                          VPOS="1734"
                          HPOS="1311"
                          CONTENT="dicit"/>
                  <SP HEIGHT="53" WIDTH="13" VPOS="1734" HPOS="1429"/>
                  <String HEIGHT="53"
                          WIDTH="105"
                          VPOS="1734"
                          HPOS="1389"
                          CONTENT="quod"/>
                  <SP HEIGHT="53" WIDTH="13" VPOS="1734" HPOS="1494"/>
                  <String HEIGHT="53"
                          WIDTH="157"
                          VPOS="1734"
                          HPOS="1455"
                          CONTENT="voluntas"/>
                  <SP HEIGHT="53" WIDTH="13" VPOS="1734" HPOS="1612"/>
                  <String HEIGHT="53"
                          WIDTH="91"
                          VPOS="1734"
                          HPOS="1572"
                          CONTENT="non"/>
                  <SP HEIGHT="53" WIDTH="13" VPOS="1734" HPOS="1664"/>
                  <String HEIGHT="53"
                          WIDTH="131"
                          VPOS="1734"
                          HPOS="1625"
                          CONTENT="potest"/>
                  <SP HEIGHT="53" WIDTH="13" VPOS="1734" HPOS="1755"/>
                  <String HEIGHT="53"
                          WIDTH="170"
                          VPOS="1734"
                          HPOS="1716"
                          CONTENT="acceptare"/>
                  <SP HEIGHT="53" WIDTH="13" VPOS="1734" HPOS="1886"/>
                  <String HEIGHT="53" WIDTH="52" VPOS="1734" HPOS="1834" CONTENT="mi"/>
               </TextLine>
               <TextLine ID="r1l69"
                         BASELINE="1829"
                         HEIGHT="41"
                         WIDTH="772"
                         VPOS="1788"
                         HPOS="1128">
                  <String HEIGHT="41"
                          WIDTH="97"
                          VPOS="1788"
                          HPOS="1114"
                          CONTENT="nus"/>
                  <SP HEIGHT="41" WIDTH="14" VPOS="1788" HPOS="1211"/>
                  <String HEIGHT="41"
                          WIDTH="124"
                          VPOS="1788"
                          HPOS="1169"
                          CONTENT="bonum"/>
                  <SP HEIGHT="41" WIDTH="14" VPOS="1788" HPOS="1293"/>
                  <String HEIGHT="41" WIDTH="69" VPOS="1788" HPOS="1252" CONTENT="/"/>
                  <SP HEIGHT="41" WIDTH="14" VPOS="1788" HPOS="1321"/>
                  <String HEIGHT="41"
                          WIDTH="138"
                          VPOS="1788"
                          HPOS="1280"
                          CONTENT="maiore"/>
                  <SP HEIGHT="41" WIDTH="14" VPOS="1788" HPOS="1418"/>
                  <String HEIGHT="41"
                          WIDTH="165"
                          VPOS="1788"
                          HPOS="1376"
                          CONTENT="relicto."/>
                  <SP HEIGHT="41" WIDTH="14" VPOS="1788" HPOS="1542"/>
                  <String HEIGHT="41"
                          WIDTH="110"
                          VPOS="1788"
                          HPOS="1500"
                          CONTENT="quod"/>
                  <SP HEIGHT="41" WIDTH="14" VPOS="1788" HPOS="1611"/>
                  <String HEIGHT="41"
                          WIDTH="138"
                          VPOS="1788"
                          HPOS="1569"
                          CONTENT="falsum"/>
                  <SP HEIGHT="41" WIDTH="14" VPOS="1788" HPOS="1707"/>
                  <String HEIGHT="41"
                          WIDTH="152"
                          VPOS="1788"
                          HPOS="1666"
                          CONTENT="iudico."/>
                  <SP HEIGHT="41" WIDTH="14" VPOS="1788" HPOS="1817"/>
                  <String HEIGHT="41"
                          WIDTH="97"
                          VPOS="1788"
                          HPOS="1776"
                          CONTENT="nam"/>
                  <SP HEIGHT="41" WIDTH="14" VPOS="1788" HPOS="1872"/>
                  <String HEIGHT="41"
                          WIDTH="97"
                          VPOS="1788"
                          HPOS="1831"
                          CONTENT="ma-"/>
                  <SP HEIGHT="41" WIDTH="14" VPOS="1788" HPOS="1928"/>
                  <String HEIGHT="41" WIDTH="28" VPOS="1788" HPOS="1872" CONTENT=""/>
               </TextLine>
               <TextLine ID="r1l71"
                         BASELINE="1873"
                         HEIGHT="50"
                         WIDTH="758"
                         VPOS="1823"
                         HPOS="1137">
                  <String HEIGHT="50"
                          WIDTH="104"
                          VPOS="1823"
                          HPOS="1122"
                          CONTENT="ius"/>
                  <SP HEIGHT="50" WIDTH="15" VPOS="1823" HPOS="1226"/>
                  <String HEIGHT="50"
                          WIDTH="134"
                          VPOS="1823"
                          HPOS="1182"
                          CONTENT="bonum"/>
                  <SP HEIGHT="50" WIDTH="15" VPOS="1823" HPOS="1315"/>
                  <String HEIGHT="50"
                          WIDTH="104"
                          VPOS="1823"
                          HPOS="1271"
                          CONTENT="non"/>
                  <SP HEIGHT="50" WIDTH="15" VPOS="1823" HPOS="1375"/>
                  <String HEIGHT="50"
                          WIDTH="208"
                          VPOS="1823"
                          HPOS="1330"
                          CONTENT="necessitat"/>
                  <SP HEIGHT="50" WIDTH="15" VPOS="1823" HPOS="1538"/>
                  <String HEIGHT="50"
                          WIDTH="208"
                          VPOS="1823"
                          HPOS="1494"
                          CONTENT="voluntatem"/>
                  <SP HEIGHT="50" WIDTH="15" VPOS="1823" HPOS="1702"/>
                  <String HEIGHT="50" WIDTH="89" VPOS="1823" HPOS="1657" CONTENT="ad"/>
                  <SP HEIGHT="50" WIDTH="15" VPOS="1823" HPOS="1746"/>
                  <String HEIGHT="50"
                          WIDTH="134"
                          VPOS="1823"
                          HPOS="1702"
                          CONTENT="ipsum"/>
                  <SP HEIGHT="50" WIDTH="15" VPOS="1823" HPOS="1836"/>
                  <String HEIGHT="50"
                          WIDTH="119"
                          VPOS="1823"
                          HPOS="1776"
                          CONTENT="volen"
                          SUBS_TYPE="HypPart1"
                          SUBS_CONTENT="volendum:"/>
                  <HYP CONTENT="-"/>
               </TextLine>
               <TextLine ID="r1l73"
                         BASELINE="1914"
                         HEIGHT="43"
                         WIDTH="760"
                         VPOS="1871"
                         HPOS="1138">
                  <String HEIGHT="43"
                          WIDTH="119"
                          VPOS="1871"
                          HPOS="1123"
                          CONTENT="dum:"
                          SUBS_TYPE="HypPart2"
                          SUBS_CONTENT="volendum:"/>
                  <SP HEIGHT="43" WIDTH="15" VPOS="1871" HPOS="1242"/>
                  <String HEIGHT="43"
                          WIDTH="119"
                          VPOS="1871"
                          HPOS="1198"
                          CONTENT="immo"/>
                  <SP HEIGHT="43" WIDTH="15" VPOS="1871" HPOS="1317"/>
                  <String HEIGHT="43"
                          WIDTH="149"
                          VPOS="1871"
                          HPOS="1272"
                          CONTENT="potest"/>
                  <SP HEIGHT="43" WIDTH="15" VPOS="1871" HPOS="1421"/>
                  <String HEIGHT="43"
                          WIDTH="179"
                          VPOS="1871"
                          HPOS="1376"
                          CONTENT="voluntas"/>
                  <SP HEIGHT="43" WIDTH="15" VPOS="1871" HPOS="1555"/>
                  <String HEIGHT="43"
                          WIDTH="134"
                          VPOS="1871"
                          HPOS="1511"
                          CONTENT="ipsum"/>
                  <SP HEIGHT="43" WIDTH="15" VPOS="1871" HPOS="1645"/>
                  <String HEIGHT="43"
                          WIDTH="179"
                          VPOS="1871"
                          HPOS="1600"
                          CONTENT="recusare"/>
                  <SP HEIGHT="43" WIDTH="15" VPOS="1871" HPOS="1779"/>
                  <String HEIGHT="43" WIDTH="75" VPOS="1871" HPOS="1734" CONTENT="/"/>
                  <SP HEIGHT="43" WIDTH="15" VPOS="1871" HPOS="1809"/>
                  <String HEIGHT="43"
                          WIDTH="104"
                          VPOS="1871"
                          HPOS="1764"
                          CONTENT="qua"/>
                  <SP HEIGHT="43" WIDTH="15" VPOS="1871" HPOS="1868"/>
                  <String HEIGHT="43"
                          WIDTH="89"
                          VPOS="1871"
                          HPOS="1809"
                          CONTENT="recu"/>
               </TextLine>
               <TextLine ID="r1l75"
                         BASELINE="1963"
                         HEIGHT="51"
                         WIDTH="757"
                         VPOS="1912"
                         HPOS="1138">
                  <String HEIGHT="51"
                          WIDTH="157"
                          VPOS="1912"
                          HPOS="1124"
                          CONTENT="satione"/>
                  <SP HEIGHT="51" WIDTH="14" VPOS="1912" HPOS="1281"/>
                  <String HEIGHT="51"
                          WIDTH="129"
                          VPOS="1912"
                          HPOS="1238"
                          CONTENT="facta"/>
                  <SP HEIGHT="51" WIDTH="14" VPOS="1912" HPOS="1367"/>
                  <String HEIGHT="51"
                          WIDTH="171"
                          VPOS="1912"
                          HPOS="1324"
                          CONTENT="voluntas"/>
                  <SP HEIGHT="51" WIDTH="14" VPOS="1912" HPOS="1495"/>
                  <String HEIGHT="51"
                          WIDTH="143"
                          VPOS="1912"
                          HPOS="1452"
                          CONTENT="potest"/>
                  <SP HEIGHT="51" WIDTH="14" VPOS="1912" HPOS="1595"/>
                  <String HEIGHT="51"
                          WIDTH="129"
                          VPOS="1912"
                          HPOS="1552"
                          CONTENT="velle"/>
                  <SP HEIGHT="51" WIDTH="14" VPOS="1912" HPOS="1681"/>
                  <String HEIGHT="51"
                          WIDTH="129"
                          VPOS="1912"
                          HPOS="1638"
                          CONTENT="minus"/>
                  <SP HEIGHT="51" WIDTH="14" VPOS="1912" HPOS="1766"/>
                  <String HEIGHT="51"
                          WIDTH="143"
                          VPOS="1912"
                          HPOS="1724"
                          CONTENT="bonum."/>
                  <SP HEIGHT="51" WIDTH="14" VPOS="1912" HPOS="1866"/>
                  <String HEIGHT="51" WIDTH="71" VPOS="1912" HPOS="1824" CONTENT="⁋"/>
                  <SP HEIGHT="51" WIDTH="14" VPOS="1912" HPOS="1895"/>
                  <String HEIGHT="51" WIDTH="57" VPOS="1912" HPOS="1838" CONTENT="Vl"/>
               </TextLine>
               <TextLine ID="r1l77"
                         BASELINE="2018"
                         HEIGHT="57"
                         WIDTH="760"
                         VPOS="1961"
                         HPOS="1129">
                  <String HEIGHT="57"
                          WIDTH="101"
                          VPOS="1961"
                          HPOS="1116"
                          CONTENT="timo"/>
                  <SP HEIGHT="57" WIDTH="13" VPOS="1961" HPOS="1218"/>
                  <String HEIGHT="57"
                          WIDTH="152"
                          VPOS="1961"
                          HPOS="1180"
                          CONTENT="arguitur"/>
                  <SP HEIGHT="57" WIDTH="13" VPOS="1961" HPOS="1332"/>
                  <String HEIGHT="57" WIDTH="76" VPOS="1961" HPOS="1294" CONTENT="ad"/>
                  <SP HEIGHT="57" WIDTH="13" VPOS="1961" HPOS="1370"/>
                  <String HEIGHT="57"
                          WIDTH="114"
                          VPOS="1961"
                          HPOS="1332"
                          CONTENT="idem."/>
                  <SP HEIGHT="57" WIDTH="13" VPOS="1961" HPOS="1446"/>
                  <String HEIGHT="57"
                          WIDTH="203"
                          VPOS="1961"
                          HPOS="1408"
                          CONTENT="praesentetur"/>
                  <SP HEIGHT="57" WIDTH="13" VPOS="1961" HPOS="1610"/>
                  <String HEIGHT="57" WIDTH="76" VPOS="1961" HPOS="1572" CONTENT="b."/>
                  <SP HEIGHT="57" WIDTH="13" VPOS="1961" HPOS="1648"/>
                  <String HEIGHT="57"
                          WIDTH="165"
                          VPOS="1961"
                          HPOS="1610"
                          CONTENT="voluntati"/>
                  <SP HEIGHT="57" WIDTH="13" VPOS="1961" HPOS="1775"/>
                  <String HEIGHT="57"
                          WIDTH="89"
                          VPOS="1961"
                          HPOS="1737"
                          CONTENT="per"/>
                  <SP HEIGHT="57" WIDTH="13" VPOS="1961" HPOS="1826"/>
                  <String HEIGHT="57"
                          WIDTH="114"
                          VPOS="1961"
                          HPOS="1775"
                          CONTENT="intelle"/>
               </TextLine>
               <TextLine ID="r1l79"
                         BASELINE="2049"
                         HEIGHT="45"
                         WIDTH="772"
                         VPOS="2004"
                         HPOS="1129">
                  <String HEIGHT="45"
                          WIDTH="100"
                          VPOS="2004"
                          HPOS="1117"
                          CONTENT="ctum"/>
                  <SP HEIGHT="45" WIDTH="12" VPOS="2004" HPOS="1216"/>
                  <String HEIGHT="45"
                          WIDTH="100"
                          VPOS="2004"
                          HPOS="1179"
                          CONTENT="sine"/>
                  <SP HEIGHT="45" WIDTH="12" VPOS="2004" HPOS="1278"/>
                  <String HEIGHT="45" WIDTH="75" VPOS="2004" HPOS="1241" CONTENT="a."/>
                  <SP HEIGHT="45" WIDTH="12" VPOS="2004" HPOS="1316"/>
                  <String HEIGHT="45"
                          WIDTH="87"
                          VPOS="2004"
                          HPOS="1278"
                          CONTENT="iam"/>
                  <SP HEIGHT="45" WIDTH="12" VPOS="2004" HPOS="1366"/>
                  <String HEIGHT="45"
                          WIDTH="149"
                          VPOS="2004"
                          HPOS="1328"
                          CONTENT="voluntas"/>
                  <SP HEIGHT="45" WIDTH="12" VPOS="2004" HPOS="1478"/>
                  <String HEIGHT="45"
                          WIDTH="125"
                          VPOS="2004"
                          HPOS="1440"
                          CONTENT="potest"/>
                  <SP HEIGHT="45" WIDTH="12" VPOS="2004" HPOS="1565"/>
                  <String HEIGHT="45"
                          WIDTH="112"
                          VPOS="2004"
                          HPOS="1527"
                          CONTENT="velle"/>
                  <SP HEIGHT="45" WIDTH="12" VPOS="2004" HPOS="1640"/>
                  <String HEIGHT="45"
                          WIDTH="87"
                          VPOS="2004"
                          HPOS="1602"
                          CONTENT="be,"/>
                  <SP HEIGHT="45" WIDTH="12" VPOS="2004" HPOS="1689"/>
                  <String HEIGHT="45"
                          WIDTH="100"
                          VPOS="2004"
                          HPOS="1652"
                          CONTENT="quod"/>
                  <SP HEIGHT="45" WIDTH="12" VPOS="2004" HPOS="1752"/>
                  <String HEIGHT="45"
                          WIDTH="162"
                          VPOS="2004"
                          HPOS="1714"
                          CONTENT="probatur,"/>
                  <SP HEIGHT="45" WIDTH="12" VPOS="2004" HPOS="1876"/>
                  <String HEIGHT="45"
                          WIDTH="75"
                          VPOS="2004"
                          HPOS="1826"
                          CONTENT="quia"/>
               </TextLine>
               <TextLine ID="r1l81"
                         BASELINE="2094"
                         HEIGHT="44"
                         WIDTH="756"
                         VPOS="2050"
                         HPOS="1138">
                  <String HEIGHT="44" WIDTH="87" VPOS="2050" HPOS="1123" CONTENT="b."/>
                  <SP HEIGHT="44" WIDTH="15" VPOS="2050" HPOS="1211"/>
                  <String HEIGHT="44"
                          WIDTH="102"
                          VPOS="2050"
                          HPOS="1167"
                          CONTENT="est"/>
                  <SP HEIGHT="44" WIDTH="15" VPOS="2050" HPOS="1269"/>
                  <String HEIGHT="44"
                          WIDTH="131"
                          VPOS="2050"
                          HPOS="1225"
                          CONTENT="bonum"/>
                  <SP HEIGHT="44" WIDTH="15" VPOS="2050" HPOS="1356"/>
                  <String HEIGHT="44" WIDTH="87" VPOS="2050" HPOS="1312" CONTENT="ex"/>
                  <SP HEIGHT="44" WIDTH="15" VPOS="2050" HPOS="1400"/>
                  <String HEIGHT="44"
                          WIDTH="204"
                          VPOS="2050"
                          HPOS="1356"
                          CONTENT="hypothesi:"/>
                  <SP HEIGHT="44" WIDTH="15" VPOS="2050" HPOS="1560"/>
                  <String HEIGHT="44" WIDTH="73" VPOS="2050" HPOS="1516" CONTENT="&amp;"/>
                  <SP HEIGHT="44" WIDTH="15" VPOS="2050" HPOS="1589"/>
                  <String HEIGHT="44"
                          WIDTH="102"
                          VPOS="2050"
                          HPOS="1545"
                          CONTENT="per"/>
                  <SP HEIGHT="44" WIDTH="15" VPOS="2050" HPOS="1647"/>
                  <String HEIGHT="44"
                          WIDTH="204"
                          VPOS="2050"
                          HPOS="1603"
                          CONTENT="consequens"/>
                  <SP HEIGHT="44" WIDTH="15" VPOS="2050" HPOS="1807"/>
                  <String HEIGHT="44"
                          WIDTH="145"
                          VPOS="2050"
                          HPOS="1749"
                          CONTENT="obiectum"/>
               </TextLine>
               <TextLine ID="r1l83"
                         BASELINE="2142"
                         HEIGHT="48"
                         WIDTH="761"
                         VPOS="2094"
                         HPOS="1144">
                  <String HEIGHT="48"
                          WIDTH="213"
                          VPOS="2094"
                          HPOS="1129"
                          CONTENT="voluntatis"/>
                  <SP HEIGHT="48" WIDTH="15" VPOS="2094" HPOS="1342"/>
                  <String HEIGHT="48" WIDTH="91" VPOS="2094" HPOS="1296" CONTENT="in"/>
                  <SP HEIGHT="48" WIDTH="15" VPOS="2094" HPOS="1388"/>
                  <String HEIGHT="48"
                          WIDTH="183"
                          VPOS="2094"
                          HPOS="1342"
                          CONTENT="volendo."/>
                  <SP HEIGHT="48" WIDTH="15" VPOS="2094" HPOS="1525"/>
                  <String HEIGHT="48"
                          WIDTH="152"
                          VPOS="2094"
                          HPOS="1479"
                          CONTENT="stante"/>
                  <SP HEIGHT="48" WIDTH="15" VPOS="2094" HPOS="1631"/>
                  <String HEIGHT="48"
                          WIDTH="198"
                          VPOS="2094"
                          HPOS="1585"
                          CONTENT="volitione"/>
                  <SP HEIGHT="48" WIDTH="15" VPOS="2094" HPOS="1783"/>
                  <String HEIGHT="48"
                          WIDTH="167"
                          VPOS="2094"
                          HPOS="1738"
                          CONTENT="circab."/>
                  <SP HEIGHT="48" WIDTH="15" VPOS="2094" HPOS="1905"/>
                  <String HEIGHT="48" WIDTH="61" VPOS="2094" HPOS="1844" CONTENT="bo"/>
               </TextLine>
               <TextLine ID="r1l85"
                         BASELINE="2192"
                         HEIGHT="51"
                         WIDTH="753"
                         VPOS="2141"
                         HPOS="1141">
                  <String HEIGHT="51"
                          WIDTH="118"
                          VPOS="2141"
                          HPOS="1126"
                          CONTENT="num,"/>
                  <SP HEIGHT="51" WIDTH="15" VPOS="2141" HPOS="1244"/>
                  <String HEIGHT="51"
                          WIDTH="221"
                          VPOS="2141"
                          HPOS="1200"
                          CONTENT="superueniat"/>
                  <SP HEIGHT="51" WIDTH="15" VPOS="2141" HPOS="1422"/>
                  <String HEIGHT="51" WIDTH="89" VPOS="2141" HPOS="1377" CONTENT="a."/>
                  <SP HEIGHT="51" WIDTH="15" VPOS="2141" HPOS="1466"/>
                  <String HEIGHT="51"
                          WIDTH="133"
                          VPOS="2141"
                          HPOS="1422"
                          CONTENT="bonum"/>
                  <SP HEIGHT="51" WIDTH="15" VPOS="2141" HPOS="1554"/>
                  <String HEIGHT="51"
                          WIDTH="162"
                          VPOS="2141"
                          HPOS="1510"
                          CONTENT="melius:"/>
                  <SP HEIGHT="51" WIDTH="15" VPOS="2141" HPOS="1673"/>
                  <String HEIGHT="51"
                          WIDTH="133"
                          VPOS="2141"
                          HPOS="1628"
                          CONTENT="adhuc"/>
                  <SP HEIGHT="51" WIDTH="15" VPOS="2141" HPOS="1761"/>
                  <String HEIGHT="51"
                          WIDTH="177"
                          VPOS="2141"
                          HPOS="1717"
                          CONTENT="voluntas"/>
                  <SP HEIGHT="51" WIDTH="15" VPOS="2141" HPOS="1894"/>
                  <String HEIGHT="51" WIDTH="59" VPOS="2141" HPOS="1835" CONTENT="po"/>
               </TextLine>
               <TextLine ID="r1l87"
                         BASELINE="2235"
                         HEIGHT="53"
                         WIDTH="770"
                         VPOS="2182"
                         HPOS="1131">
                  <String HEIGHT="53"
                          WIDTH="108"
                          VPOS="2182"
                          HPOS="1117"
                          CONTENT="test"/>
                  <SP HEIGHT="53" WIDTH="14" VPOS="2182" HPOS="1226"/>
                  <String HEIGHT="53"
                          WIDTH="189"
                          VPOS="2182"
                          HPOS="1185"
                          CONTENT="continuare"/>
                  <SP HEIGHT="53" WIDTH="14" VPOS="2182" HPOS="1374"/>
                  <String HEIGHT="53"
                          WIDTH="122"
                          VPOS="2182"
                          HPOS="1334"
                          CONTENT="velle"/>
                  <SP HEIGHT="53" WIDTH="14" VPOS="2182" HPOS="1455"/>
                  <String HEIGHT="53"
                          WIDTH="122"
                          VPOS="2182"
                          HPOS="1415"
                          CONTENT="circa"/>
                  <SP HEIGHT="53" WIDTH="14" VPOS="2182" HPOS="1536"/>
                  <String HEIGHT="53" WIDTH="81" VPOS="2182" HPOS="1496" CONTENT="b."/>
                  <SP HEIGHT="53" WIDTH="14" VPOS="2182" HPOS="1577"/>
                  <String HEIGHT="53"
                          WIDTH="108"
                          VPOS="2182"
                          HPOS="1536"
                          CONTENT="quia"/>
                  <SP HEIGHT="53" WIDTH="14" VPOS="2182" HPOS="1644"/>
                  <String HEIGHT="53"
                          WIDTH="95"
                          VPOS="2182"
                          HPOS="1604"
                          CONTENT="non"/>
                  <SP HEIGHT="53" WIDTH="14" VPOS="2182" HPOS="1698"/>
                  <String HEIGHT="53"
                          WIDTH="216"
                          VPOS="2182"
                          HPOS="1658"
                          CONTENT="necessitatur"/>
                  <SP HEIGHT="53" WIDTH="14" VPOS="2182" HPOS="1874"/>
                  <String HEIGHT="53"
                          WIDTH="81"
                          VPOS="2182"
                          HPOS="1820"
                          CONTENT="vel"
                          SUBS_TYPE="HypPart1"
                          SUBS_CONTENT="velle"/>
                  <HYP CONTENT="-"/>
               </TextLine>
               <TextLine ID="r1l89"
                         BASELINE="2277"
                         HEIGHT="57"
                         WIDTH="766"
                         VPOS="2220"
                         HPOS="1137">
                  <String HEIGHT="57"
                          WIDTH="94"
                          VPOS="2220"
                          HPOS="1121"
                          CONTENT="le"
                          SUBS_TYPE="HypPart2"
                          SUBS_CONTENT="velle"/>
                  <SP HEIGHT="57" WIDTH="16" VPOS="2220" HPOS="1215"/>
                  <String HEIGHT="57" WIDTH="94" VPOS="2220" HPOS="1168" CONTENT="a."/>
                  <SP HEIGHT="57" WIDTH="16" VPOS="2220" HPOS="1262"/>
                  <String HEIGHT="57"
                          WIDTH="125"
                          VPOS="2220"
                          HPOS="1215"
                          CONTENT="ergo"/>
                  <SP HEIGHT="57" WIDTH="16" VPOS="2220" HPOS="1340"/>
                  <String HEIGHT="57"
                          WIDTH="141"
                          VPOS="2220"
                          HPOS="1293"
                          CONTENT="eodem"/>
                  <SP HEIGHT="57" WIDTH="16" VPOS="2220" HPOS="1434"/>
                  <String HEIGHT="57"
                          WIDTH="125"
                          VPOS="2220"
                          HPOS="1387"
                          CONTENT="modo"/>
                  <SP HEIGHT="57" WIDTH="16" VPOS="2220" HPOS="1512"/>
                  <String HEIGHT="57"
                          WIDTH="172"
                          VPOS="2220"
                          HPOS="1465"
                          CONTENT="elicere"/>
                  <SP HEIGHT="57" WIDTH="16" VPOS="2220" HPOS="1637"/>
                  <String HEIGHT="57"
                          WIDTH="172"
                          VPOS="2220"
                          HPOS="1590"
                          CONTENT="poterat"/>
                  <SP HEIGHT="57" WIDTH="16" VPOS="2220" HPOS="1762"/>
                  <String HEIGHT="57"
                          WIDTH="141"
                          VPOS="2220"
                          HPOS="1715"
                          CONTENT="velle"/>
                  <SP HEIGHT="57" WIDTH="16" VPOS="2220" HPOS="1856"/>
                  <String HEIGHT="57"
                          WIDTH="109"
                          VPOS="2220"
                          HPOS="1794"
                          CONTENT="respe"/>
               </TextLine>
               <TextLine ID="r1l91"
                         BASELINE="2319"
                         HEIGHT="50"
                         WIDTH="551"
                         VPOS="2269"
                         HPOS="1131">
                  <String HEIGHT="50"
                          WIDTH="92"
                          VPOS="2269"
                          HPOS="1118"
                          CONTENT="ctu"/>
                  <SP HEIGHT="50" WIDTH="13" VPOS="2269" HPOS="1210"/>
                  <String HEIGHT="50" WIDTH="79" VPOS="2269" HPOS="1170" CONTENT="b."/>
                  <SP HEIGHT="50" WIDTH="13" VPOS="2269" HPOS="1249"/>
                  <String HEIGHT="50" WIDTH="79" VPOS="2269" HPOS="1210" CONTENT="in"/>
                  <SP HEIGHT="50" WIDTH="13" VPOS="2269" HPOS="1288"/>
                  <String HEIGHT="50"
                          WIDTH="184"
                          VPOS="2269"
                          HPOS="1249"
                          CONTENT="praesentia"/>
                  <SP HEIGHT="50" WIDTH="13" VPOS="2269" HPOS="1433"/>
                  <String HEIGHT="50" WIDTH="79" VPOS="2269" HPOS="1393" CONTENT="a."/>
                  <SP HEIGHT="50" WIDTH="13" VPOS="2269" HPOS="1472"/>
                  <String HEIGHT="50"
                          WIDTH="144"
                          VPOS="2269"
                          HPOS="1433"
                          CONTENT="obiecti"/>
                  <SP HEIGHT="50" WIDTH="13" VPOS="2269" HPOS="1577"/>
                  <String HEIGHT="50" WIDTH="79" VPOS="2269" HPOS="1538" CONTENT="ab"/>
                  <SP HEIGHT="50" WIDTH="13" VPOS="2269" HPOS="1616"/>
                  <String HEIGHT="50"
                          WIDTH="118"
                          VPOS="2269"
                          HPOS="1564"
                          CONTENT="initio."/>
               </TextLine>
               <TextLine ID="r1l93"
                         BASELINE="2406"
                         HEIGHT="73"
                         WIDTH="743"
                         VPOS="2333"
                         HPOS="1147">
                  <String HEIGHT="73" WIDTH="113" VPOS="2333" HPOS="1124" CONTENT="⁋"/>
                  <SP HEIGHT="73" WIDTH="23" VPOS="2333" HPOS="1237"/>
                  <String HEIGHT="73"
                          WIDTH="225"
                          VPOS="2333"
                          HPOS="1170"
                          CONTENT="Tertia"/>
                  <SP HEIGHT="73" WIDTH="23" VPOS="2333" HPOS="1395"/>
                  <String HEIGHT="73"
                          WIDTH="293"
                          VPOS="2333"
                          HPOS="1327"
                          CONTENT="conclusio"/>
                  <SP HEIGHT="73" WIDTH="23" VPOS="2333" HPOS="1620"/>
                  <String HEIGHT="73"
                          WIDTH="315"
                          VPOS="2333"
                          HPOS="1552"
                          CONTENT="impugnatur"/>
                  <SP HEIGHT="73" WIDTH="23" VPOS="2333" HPOS="1867"/>
                  <String HEIGHT="73"
                          WIDTH="113"
                          VPOS="2333"
                          HPOS="1777"
                          CONTENT="sic"/>
               </TextLine>
               <TextLine ID="r1l96"
                         BASELINE="2456"
                         HEIGHT="55"
                         WIDTH="748"
                         VPOS="2401"
                         HPOS="1147">
                  <String HEIGHT="55"
                          WIDTH="187"
                          VPOS="2401"
                          HPOS="1135"
                          CONTENT="intellectus"/>
                  <SP HEIGHT="55" WIDTH="12" VPOS="2401" HPOS="1322"/>
                  <String HEIGHT="55"
                          WIDTH="137"
                          VPOS="2401"
                          HPOS="1284"
                          CONTENT="iudicat"/>
                  <SP HEIGHT="55" WIDTH="12" VPOS="2401" HPOS="1421"/>
                  <String HEIGHT="55" WIDTH="62" VPOS="2401" HPOS="1384" CONTENT="/"/>
                  <SP HEIGHT="55" WIDTH="12" VPOS="2401" HPOS="1446"/>
                  <String HEIGHT="55"
                          WIDTH="100"
                          VPOS="2401"
                          HPOS="1409"
                          CONTENT="deum"/>
                  <SP HEIGHT="55" WIDTH="12" VPOS="2401" HPOS="1509"/>
                  <String HEIGHT="55"
                          WIDTH="87"
                          VPOS="2401"
                          HPOS="1471"
                          CONTENT="non"/>
                  <SP HEIGHT="55" WIDTH="12" VPOS="2401" HPOS="1558"/>
                  <String HEIGHT="55"
                          WIDTH="112"
                          VPOS="2401"
                          HPOS="1521"
                          CONTENT="esse,"/>
                  <SP HEIGHT="55" WIDTH="12" VPOS="2401" HPOS="1633"/>
                  <String HEIGHT="55"
                          WIDTH="100"
                          VPOS="2401"
                          HPOS="1596"
                          CONTENT="esse"/>
                  <SP HEIGHT="55" WIDTH="12" VPOS="2401" HPOS="1696"/>
                  <String HEIGHT="55"
                          WIDTH="199"
                          VPOS="2401"
                          HPOS="1658"
                          CONTENT="impossibile."/>
                  <SP HEIGHT="55" WIDTH="12" VPOS="2401" HPOS="1858"/>
                  <String HEIGHT="55"
                          WIDTH="100"
                          VPOS="2401"
                          HPOS="1820"
                          CONTENT="ergo"/>
                  <SP HEIGHT="55" WIDTH="12" VPOS="2401" HPOS="1920"/>
                  <String HEIGHT="55" WIDTH="25" VPOS="2401" HPOS="1870" CONTENT=""/>
               </TextLine>
               <TextLine ID="r1l98"
                         BASELINE="2497"
                         HEIGHT="54"
                         WIDTH="743"
                         VPOS="2443"
                         HPOS="1144">
                  <String HEIGHT="54"
                          WIDTH="162"
                          VPOS="2443"
                          HPOS="1130"
                          CONTENT="voluntas"/>
                  <SP HEIGHT="54" WIDTH="14" VPOS="2443" HPOS="1293"/>
                  <String HEIGHT="54"
                          WIDTH="95"
                          VPOS="2443"
                          HPOS="1252"
                          CONTENT="non"/>
                  <SP HEIGHT="54" WIDTH="14" VPOS="2443" HPOS="1347"/>
                  <String HEIGHT="54"
                          WIDTH="135"
                          VPOS="2443"
                          HPOS="1306"
                          CONTENT="potest"/>
                  <SP HEIGHT="54" WIDTH="14" VPOS="2443" HPOS="1441"/>
                  <String HEIGHT="54"
                          WIDTH="122"
                          VPOS="2443"
                          HPOS="1401"
                          CONTENT="velle"/>
                  <SP HEIGHT="54" WIDTH="14" VPOS="2443" HPOS="1522"/>
                  <String HEIGHT="54"
                          WIDTH="108"
                          VPOS="2443"
                          HPOS="1482"
                          CONTENT="deum"/>
                  <SP HEIGHT="54" WIDTH="14" VPOS="2443" HPOS="1590"/>
                  <String HEIGHT="54"
                          WIDTH="95"
                          VPOS="2443"
                          HPOS="1549"
                          CONTENT="non"/>
                  <SP HEIGHT="54" WIDTH="14" VPOS="2443" HPOS="1644"/>
                  <String HEIGHT="54"
                          WIDTH="122"
                          VPOS="2443"
                          HPOS="1603"
                          CONTENT="esse,"/>
                  <SP HEIGHT="54" WIDTH="14" VPOS="2443" HPOS="1725"/>
                  <String HEIGHT="54"
                          WIDTH="95"
                          VPOS="2443"
                          HPOS="1684"
                          CONTENT="vel"/>
                  <SP HEIGHT="54" WIDTH="14" VPOS="2443" HPOS="1779"/>
                  <String HEIGHT="54"
                          WIDTH="122"
                          VPOS="2443"
                          HPOS="1738"
                          CONTENT="nolle"/>
                  <SP HEIGHT="54" WIDTH="14" VPOS="2443" HPOS="1860"/>
                  <String HEIGHT="54"
                          WIDTH="81"
                          VPOS="2443"
                          HPOS="1806"
                          CONTENT="deum"/>
               </TextLine>
               <TextLine ID="r1l100"
                         BASELINE="2536"
                         HEIGHT="48"
                         WIDTH="763"
                         VPOS="2488"
                         HPOS="1137">
                  <String HEIGHT="48"
                          WIDTH="123"
                          VPOS="2488"
                          HPOS="1123"
                          CONTENT="esse."/>
                  <SP HEIGHT="48" WIDTH="14" VPOS="2488" HPOS="1246"/>
                  <String HEIGHT="48"
                          WIDTH="218"
                          VPOS="2488"
                          HPOS="1205"
                          CONTENT="Respondetur."/>
                  <SP HEIGHT="48" WIDTH="14" VPOS="2488" HPOS="1423"/>
                  <String HEIGHT="48"
                          WIDTH="95"
                          VPOS="2488"
                          HPOS="1382"
                          CONTENT="hoc"/>
                  <SP HEIGHT="48" WIDTH="14" VPOS="2488" HPOS="1478"/>
                  <String HEIGHT="48"
                          WIDTH="191"
                          VPOS="2488"
                          HPOS="1437"
                          CONTENT="argumentum"/>
                  <SP HEIGHT="48" WIDTH="14" VPOS="2488" HPOS="1628"/>
                  <String HEIGHT="48"
                          WIDTH="164"
                          VPOS="2488"
                          HPOS="1587"
                          CONTENT="dependet"/>
                  <SP HEIGHT="48" WIDTH="14" VPOS="2488" HPOS="1750"/>
                  <String HEIGHT="48" WIDTH="82" VPOS="2488" HPOS="1709" CONTENT="ex"/>
                  <SP HEIGHT="48" WIDTH="14" VPOS="2488" HPOS="1791"/>
                  <String HEIGHT="48"
                          WIDTH="136"
                          VPOS="2488"
                          HPOS="1750"
                          CONTENT="duabus"/>
                  <SP HEIGHT="48" WIDTH="14" VPOS="2488" HPOS="1886"/>
                  <String HEIGHT="48"
                          WIDTH="68"
                          VPOS="2488"
                          HPOS="1832"
                          CONTENT="opi"/>
               </TextLine>
               <TextLine ID="r1l102"
                         BASELINE="2582"
                         HEIGHT="51"
                         WIDTH="761"
                         VPOS="2531"
                         HPOS="1137">
                  <String HEIGHT="51"
                          WIDTH="166"
                          VPOS="2531"
                          HPOS="1123"
                          CONTENT="nionibus"/>
                  <SP HEIGHT="51" WIDTH="14" VPOS="2531" HPOS="1289"/>
                  <String HEIGHT="51"
                          WIDTH="180"
                          VPOS="2531"
                          HPOS="1248"
                          CONTENT="recitatis"/>
                  <SP HEIGHT="51" WIDTH="14" VPOS="2531" HPOS="1428"/>
                  <String HEIGHT="51" WIDTH="83" VPOS="2531" HPOS="1386" CONTENT="in"/>
                  <SP HEIGHT="51" WIDTH="14" VPOS="2531" HPOS="1469"/>
                  <String HEIGHT="51"
                          WIDTH="180"
                          VPOS="2531"
                          HPOS="1428"
                          CONTENT="distinct."/>
                  <SP HEIGHT="51" WIDTH="14" VPOS="2531" HPOS="1607"/>
                  <String HEIGHT="51"
                          WIDTH="97"
                          VPOS="2531"
                          HPOS="1566"
                          CONTENT="vi."/>
                  <SP HEIGHT="51" WIDTH="14" VPOS="2531" HPOS="1663"/>
                  <String HEIGHT="51"
                          WIDTH="166"
                          VPOS="2531"
                          HPOS="1621"
                          CONTENT="Secundi."/>
                  <SP HEIGHT="51" WIDTH="14" VPOS="2531" HPOS="1787"/>
                  <String HEIGHT="51"
                          WIDTH="125"
                          VPOS="2531"
                          HPOS="1746"
                          CONTENT="iuxta"/>
                  <SP HEIGHT="51" WIDTH="14" VPOS="2531" HPOS="1870"/>
                  <String HEIGHT="51"
                          WIDTH="83"
                          VPOS="2531"
                          HPOS="1815"
                          CONTENT="vnam"/>
               </TextLine>
               <TextLine ID="r1l104"
                         BASELINE="2625"
                         HEIGHT="46"
                         WIDTH="763"
                         VPOS="2579"
                         HPOS="1137">
                  <String HEIGHT="46"
                          WIDTH="184"
                          VPOS="2579"
                          HPOS="1124"
                          CONTENT="solutionem"/>
                  <SP HEIGHT="46" WIDTH="13" VPOS="2579" HPOS="1308"/>
                  <String HEIGHT="46"
                          WIDTH="210"
                          VPOS="2579"
                          HPOS="1269"
                          CONTENT="consequentia"/>
                  <SP HEIGHT="46" WIDTH="13" VPOS="2579" HPOS="1479"/>
                  <String HEIGHT="46"
                          WIDTH="92"
                          VPOS="2579"
                          HPOS="1440"
                          CONTENT="est"/>
                  <SP HEIGHT="46" WIDTH="13" VPOS="2579" HPOS="1532"/>
                  <String HEIGHT="46"
                          WIDTH="132"
                          VPOS="2579"
                          HPOS="1492"
                          CONTENT="nulla."/>
                  <SP HEIGHT="46" WIDTH="13" VPOS="2579" HPOS="1624"/>
                  <String HEIGHT="46"
                          WIDTH="118"
                          VPOS="2579"
                          HPOS="1584"
                          CONTENT="iuxta"/>
                  <SP HEIGHT="46" WIDTH="13" VPOS="2579" HPOS="1703"/>
                  <String HEIGHT="46"
                          WIDTH="118"
                          VPOS="2579"
                          HPOS="1663"
                          CONTENT="aliam"/>
                  <SP HEIGHT="46" WIDTH="13" VPOS="2579" HPOS="1782"/>
                  <String HEIGHT="46"
                          WIDTH="105"
                          VPOS="2579"
                          HPOS="1742"
                          CONTENT="quis"/>
                  <SP HEIGHT="46" WIDTH="13" VPOS="2579" HPOS="1847"/>
                  <String HEIGHT="46"
                          WIDTH="105"
                          VPOS="2579"
                          HPOS="1795"
                          CONTENT="potest"/>
               </TextLine>
               <TextLine ID="r1l106"
                         BASELINE="2673"
                         HEIGHT="50"
                         WIDTH="752"
                         VPOS="2623"
                         HPOS="1143">
                  <String HEIGHT="50"
                          WIDTH="125"
                          VPOS="2623"
                          HPOS="1130"
                          CONTENT="habere"/>
                  <SP HEIGHT="50" WIDTH="13" VPOS="2623" HPOS="1256"/>
                  <String HEIGHT="50"
                          WIDTH="113"
                          VPOS="2623"
                          HPOS="1218"
                          CONTENT="nolle"/>
                  <SP HEIGHT="50" WIDTH="13" VPOS="2623" HPOS="1331"/>
                  <String HEIGHT="50"
                          WIDTH="201"
                          VPOS="2623"
                          HPOS="1293"
                          CONTENT="conditionale"/>
                  <SP HEIGHT="50" WIDTH="13" VPOS="2623" HPOS="1494"/>
                  <String HEIGHT="50"
                          WIDTH="100"
                          VPOS="2623"
                          HPOS="1456"
                          CONTENT="quod"/>
                  <SP HEIGHT="50" WIDTH="13" VPOS="2623" HPOS="1557"/>
                  <String HEIGHT="50" WIDTH="75" VPOS="2623" HPOS="1519" CONTENT="ad"/>
                  <SP HEIGHT="50" WIDTH="13" VPOS="2623" HPOS="1594"/>
                  <String HEIGHT="50"
                          WIDTH="150"
                          VPOS="2623"
                          HPOS="1557"
                          CONTENT="peccatum"/>
                  <SP HEIGHT="50" WIDTH="13" VPOS="2623" HPOS="1707"/>
                  <String HEIGHT="50"
                          WIDTH="150"
                          VPOS="2623"
                          HPOS="1669"
                          CONTENT="sufficir"/>
                  <SP HEIGHT="50" WIDTH="13" VPOS="2623" HPOS="1820"/>
                  <String HEIGHT="50"
                          WIDTH="125"
                          VPOS="2623"
                          HPOS="1770"
                          CONTENT="scilicet"/>
               </TextLine>
               <TextLine ID="r1l108"
                         BASELINE="2718"
                         HEIGHT="52"
                         WIDTH="760"
                         VPOS="2666"
                         HPOS="1138">
                  <String HEIGHT="52" WIDTH="86" VPOS="2666" HPOS="1124" CONTENT="si"/>
                  <SP HEIGHT="52" WIDTH="14" VPOS="2666" HPOS="1210"/>
                  <String HEIGHT="52"
                          WIDTH="129"
                          VPOS="2666"
                          HPOS="1167"
                          CONTENT="esset"/>
                  <SP HEIGHT="52" WIDTH="14" VPOS="2666" HPOS="1296"/>
                  <String HEIGHT="52"
                          WIDTH="201"
                          VPOS="2666"
                          HPOS="1253"
                          CONTENT="possibile,"/>
                  <SP HEIGHT="52" WIDTH="14" VPOS="2666" HPOS="1453"/>
                  <String HEIGHT="52"
                          WIDTH="143"
                          VPOS="2666"
                          HPOS="1410"
                          CONTENT="nollem"/>
                  <SP HEIGHT="52" WIDTH="14" VPOS="2666" HPOS="1554"/>
                  <String HEIGHT="52"
                          WIDTH="115"
                          VPOS="2666"
                          HPOS="1511"
                          CONTENT="deum"/>
                  <SP HEIGHT="52" WIDTH="14" VPOS="2666" HPOS="1626"/>
                  <String HEIGHT="52"
                          WIDTH="129"
                          VPOS="2666"
                          HPOS="1583"
                          CONTENT="esse,"/>
                  <SP HEIGHT="52" WIDTH="14" VPOS="2666" HPOS="1712"/>
                  <String HEIGHT="52"
                          WIDTH="100"
                          VPOS="2666"
                          HPOS="1669"
                          CONTENT="vel"/>
                  <SP HEIGHT="52" WIDTH="14" VPOS="2666" HPOS="1769"/>
                  <String HEIGHT="52"
                          WIDTH="143"
                          VPOS="2666"
                          HPOS="1726"
                          CONTENT="vellem"/>
                  <SP HEIGHT="52" WIDTH="14" VPOS="2666" HPOS="1869"/>
                  <String HEIGHT="52"
                          WIDTH="86"
                          VPOS="2666"
                          HPOS="1812"
                          CONTENT="deum"/>
               </TextLine>
               <TextLine ID="r1l110"
                         BASELINE="2778"
                         HEIGHT="70"
                         WIDTH="397"
                         VPOS="2708"
                         HPOS="1140">
                  <String HEIGHT="70"
                          WIDTH="99"
                          VPOS="2708"
                          HPOS="1126"
                          CONTENT="non"/>
                  <SP HEIGHT="70" WIDTH="14" VPOS="2708" HPOS="1225"/>
                  <String HEIGHT="70"
                          WIDTH="113"
                          VPOS="2708"
                          HPOS="1183"
                          CONTENT="esse"/>
                  <SP HEIGHT="70" WIDTH="14" VPOS="2708" HPOS="1296"/>
                  <String HEIGHT="70" WIDTH="85" VPOS="2708" HPOS="1253" CONTENT="si"/>
                  <SP HEIGHT="70" WIDTH="14" VPOS="2708" HPOS="1339"/>
                  <String HEIGHT="70"
                          WIDTH="128"
                          VPOS="2708"
                          HPOS="1296"
                          CONTENT="esset"/>
                  <SP HEIGHT="70" WIDTH="14" VPOS="2708" HPOS="1424"/>
                  <String HEIGHT="70"
                          WIDTH="170"
                          VPOS="2708"
                          HPOS="1367"
                          CONTENT="possibile."/>
               </TextLine>
            </TextBlock>
         </PrintSpace>
      </Page>
   </Layout>
</alto>
