2375 3306
281 307 136 68 ducta:
377 307 109 68 quia
445 307 163 68 damnatus
567 307 95 68 non
621 307 122 68 videt
703 307 122 68 deum:
785 307 68 68 &
812 307 150 68 oportet
921 307 109 68 dare
975 307 68 68 ali

284 358 96 61 quid
344 358 72 61 in
380 358 145 61 damuato,
489 358 133 61 ratione
585 358 108 61 cuius
657 358 108 61 poena
730 358 96 61 eius
790 358 181 61 continuetur
922 358 133 61 perpetuo.

284 409 67 51 ⁋
310 409 148 51 Quinto.
418 409 80 51 si
458 409 94 51 non
512 409 161 51 ferretur
632 409 80 51 in
673 409 107 51 deum
740 409 188 51 dilectione
887 409 94 51 vel
927 409 121 51 delecta

285 450 118 57 tione,
368 450 83 57 aut
415 450 83 57 hoc
463 450 106 57 esset
534 450 83 57 per
581 450 106 57 actum
652 450 166 57 contrarium
782 450 166 57 positiuum:
912 450 95 57 quod
971 450 83 57 est
1007 450 47 57 im

284 503 175 47 possibile
418 503 67 47 /
445 503 162 47 scilicet
567 503 162 47 respuere
688 503 121 47 bonum
769 503 94 47 vbi
823 503 121 47 nulla
890 503 162 47 occurrerei

282 547 110 53 ratio
355 547 110 53 mali.
428 547 85 53 aut
477 547 85 53 per
526 547 110 53 actum
599 547 147 53 praeuium
709 547 85 53 quo
758 547 122 53 vellet
843 547 85 53 non
892 547 110 53 ferri
966 547 73 53 in
990 547 61 53 il-

281 584 104 46 lud.
346 584 65 46 &
372 584 91 46 hoc
425 584 78 46 no
464 584 91 46 est
516 584 183 46 possibile:
659 584 104 46 quia
725 584 91 46 non
777 584 131 46 potest
868 584 157 46 iudicare
973 584 78 46 esse

285 628 112 56 bonum
359 628 62 56 /
384 628 87 56 non
434 628 112 56 ferri
508 628 74 56 in
545 628 124 56 illud.
632 628 87 56 aut
682 628 186 56 simpliciter
831 628 186 56 suspendendo
967 628 87 56 actum

280 670 164 58 elicitum
403 670 96 58 vel
458 670 205 58 eliciendum:
621 670 68 58 &
649 670 96 58 hoc
703 670 123 58 esset
785 670 136 58 moueri
881 670 136 58 contra
963 670 96 58 iudi-

279 720 96 47 cium
339 720 156 47 rationis.
459 720 192 47 Respondetur.
615 720 144 47 dicerent
724 720 96 47 alii
784 720 96 47 quod
844 720 120 47 posset
916 720 144 47 suspendere

288 768 134 48 omnem
377 768 134 48 actum
466 768 208 48 voluntatis
629 768 89 48 ex
674 768 193 48 libertate
822 768 119 48 sua:
897 768 104 48 nec
941 768 104 48 vllum

271 809 272 50 inconueniens
492 809 136 50 esse
577 809 170 50 nullum
697 809 153 50 actum
799 809 170 50 habere
918 809 102 50 ad
952 809 102 50 iudi

271 849 136 64 cium
339 849 187 64 rationis.

267 906 112 89 ⁋
311 906 268 89 Suadetur
513 906 201 89 tamen
647 906 224 89 aliter
781 906 268 89 conclusio,

266 979 135 62 Primo
356 979 120 62 sic.
431 979 165 62 Aliquod
551 979 180 62 obiectum
687 979 105 62 sic
747 979 210 62 voluntatem
912 979 135 62 mouet
987 979 60 62 vt

276 1027 93 50 non
329 1027 132 50 possit
421 1027 159 50 voluntas
540 1027 119 50 ipsum
620 1027 119 50 nolle
699 1027 66 50 /
726 1027 79 50 ex
765 1027 185 50 quaestione
897 1027 146 50 praeceder

272 1073 92 54 te:
325 1073 66 54 &
351 1073 145 54 aliquod
456 1073 158 54 obiectum
575 1073 119 54 magis
654 1073 145 54 allicit
759 1073 105 54 quam
825 1073 119 54 aliud
904 1073 79 54 in
944 1073 92 54 sui
983 1073 66 54 amo

275 1124 102 48 rem:
339 1124 76 48 ex
377 1124 115 48 eadem
454 1124 191 48 quaestione.
607 1124 102 48 quia
670 1124 115 48 illud
747 1124 153 48 obiectum
862 1124 102 48 quod
913 1124 127 48 volunta:

271 1159 99 52 non
328 1159 142 52 potest
427 1159 184 52 respuere,
569 1159 142 52 multum
668 1159 199 52 voluntatem
824 1159 128 52 ipsam
909 1159 156 52 allicit
1008 1159 43 52 &

271 1207 154 59 trahit
379 1207 93 59 in
425 1207 108 59 sui
487 1207 170 59 amorem.
610 1207 123 59 Hinc
687 1207 108 59 non
749 1207 154 59 desunt
857 1207 170 59 eruditi
965 1207 77 59 vir

281 1246 172 56 dicentes
410 1246 229 56 beatitudinem
596 1246 172 56 formalem
725 1246 215 56 necessitare
883 1246 172 56 voluntatem

279 1292 80 52 in
319 1292 241 52 prosequutionem
520 1292 107 52 sui.
587 1292 80 52 vt
627 1292 121 52 patet
707 1292 94 52 tum
761 1292 80 52 in
801 1292 94 52 hac
855 1292 188 52 quaestione
988 1292 54 52 ex

268 1336 130 60 Petro
354 1336 188 60 Paludano,
499 1336 72 60 &
528 1336 202 60 Middiltono
687 1336 87 60 in
730 1336 202 60 quaestione
875 1336 173 60 praeceden-

272 1387 98 46 ti:
328 1387 98 46 tum
384 1387 84 46 in
427 1387 183 46 aliquibus
567 1387 127 46 locis
651 1387 127 46 beati
736 1387 141 46 Thomae
834 1387 70 46 /
862 1387 141 46 quibus
947 1387 98 46 visus

275 1432 92 49 est
328 1432 106 49 idem
394 1432 158 49 tenere,.
512 1432 119 49 quare
591 1432 106 49 dari
657 1432 132 49 potest
750 1432 158 49 obiectum
868 1432 145 49 aliquod
961 1432 79 49 quod

270 1469 137 58 magis
361 1469 152 58 trahit
467 1469 213 58 voluntatem
635 1469 91 58 in
680 1469 106 58 sui
741 1469 152 58 amorem
847 1469 122 58 quam
908 1469 137 58 beatitu

271 1509 91 56 do
316 1509 197 56 formalis:
468 1509 76 56 &
499 1509 106 56 non
559 1509 152 56 potest
666 1509 121 56 dari
741 1509 182 56 obiectum
878 1509 121 56 quod
939 1509 106 56 magis

272 1565 170 48 attrahat
400 1565 114 48 quam
471 1565 114 48 deus
542 1565 128 48 clare
627 1565 142 48 visus.
726 1565 114 48 ergo
797 1565 114 48 deus
869 1565 128 48 clare
940 1565 99 48 visus

269 1612 209 50 voluntate
430 1612 225 50 necessitat
606 1612 96 50 ad
654 1612 273 50 prosecutionem
879 1612 129 50 sui.
960 1612 80 50 ⁋
976 1612 64 50 Se

267 1654 136 50 cundo
358 1654 181 50 arguitur
493 1654 91 50 ad
539 1654 136 50 idem.
629 1654 227 50 Difficilius
811 1654 181 50 voluntas
931 1654 106 50 euel-

277 1690 125 65 litur
360 1690 69 65 a
388 1690 97 65 suo
443 1690 152 65 obiecto
554 1690 111 65 quod
623 1690 97 65 est
678 1690 111 65 sibi
748 1690 194 65 conueniens
900 1690 111 65 quam
969 1690 83 65 ab
997 1690 42 65 i

268 1734 81 58 lo
309 1734 108 58 quod
377 1734 95 58 est
431 1734 108 58 sibi
498 1734 243 58 disconueniens:
701 1734 122 58 sicut
782 1734 203 58 difficilius
931 1734 108 58 euelli

269 1780 96 50 tur
324 1780 68 50 a
351 1780 219 50 sensualitate
529 1780 96 50 vel
584 1780 82 50 ab
625 1780 164 50 appetitu
747 1780 164 50 naturali
870 1780 109 50 quam
939 1780 82 50 ab
966 1780 82 50 alio

272 1831 177 52 obiecto.
405 1831 118 52 ergo
479 1831 206 52 ascendendo
641 1831 88 52 in
685 1831 177 52 obiectis
803 1831 236 52 convenientibus

278 1873 86 53 in
321 1873 143 53 ordine
421 1873 86 53 ad
463 1873 200 53 voluntatem
621 1873 157 53 creatam
735 1873 157 53 dabitur
849 1873 114 53 vnum
906 1873 143 53 obiectum

272 1908 190 67 voluntatem
422 1908 203 67 necessitans
584 1908 81 67 si
625 1908 244 67 apprehendatur:
828 1908 68 67 &
855 1908 95 67 non
909 1908 136 67 potest
991 1908 54 67 da

275 1963 86 48 ri
318 1963 171 48 obiectum
446 1963 100 48 tam
503 1963 200 48 conveniens
660 1963 186 48 voluntati
803 1963 157 48 creatae
917 1963 114 48 quam
975 1963 71 48 est

279 2003 147 54 deus:
377 2003 114 54 nec
442 2003 163 54 tantum
557 2003 147 54 ipsam
655 2003 213 54 mitigans:
818 2003 131 54 ergo
900 2003 131 54 deus
965 2003 82 54 est

267 2053 104 55 tale
332 2053 157 55 obiectum
450 2053 144 55 siclare
554 2053 170 55 videatur,
685 2053 104 55 quod
750 2053 91 55 non
802 2053 131 55 potest
893 2053 91 55 non
933 2053 104 55 diligi

269 2099 79 46 ⁋
301 2099 173 46 Tertio,
427 2099 110 46 hoc
489 2099 126 46 modo
568 2099 189 46 seruatur
710 2099 236 46 perpetuitas
883 2099 157 46 beatitu-

267 2142 148 46 dinis,
371 2142 104 46 nec
430 2142 119 46 opus
505 2142 104 46 est
564 2142 148 46 fugere
668 2142 89 46 ad
712 2142 148 46 aliud:
816 2142 119 46 ergo
891 2142 119 46 haec
950 2142 89 46 sen-

273 2183 130 58 tentia
364 2183 91 58 est
416 2183 220 58 rationabilis.
597 2183 91 58 sed
649 2183 117 58 illud
727 2183 91 58 non
779 2183 182 58 concludit:
921 2183 104 58 quia
973 2183 65 58 pro

266 2225 173 53 damnatis
395 2225 158 53 aliquod
510 2225 115 53 dare
582 2225 173 53 oportet.
712 2225 72 53 ⁋
741 2225 144 53 Quarto
841 2225 187 53 arguitur.
971 2225 72 53 hoc

262 2274 98 52 est
318 2274 181 52 honestius
457 2274 167 52 respectu
583 2274 98 52 dei
639 2274 112 52 quod
708 2274 98 52 est
764 2274 112 52 tale
834 2274 167 52 obiectum
959 2274 84 52 in
987 2274 56 52 se

264 2308 79 63 vt
303 2308 79 63 si
343 2308 118 63 clare
422 2308 158 63 videatur
540 2308 66 63 /
566 2308 92 63 non
619 2308 132 63 possit
711 2308 92 63 non
764 2308 145 63 diligi.
869 2308 66 63 &
895 2308 118 63 magis
961 2308 79 63 qua-

263 2361 115 54 drat
334 2361 100 54 cum
392 2361 158 54 ratione
506 2361 72 54 &
535 2361 215 54 experientia
707 2361 86 54 in
750 2361 129 54 rebus
836 2361 143 54 aliis.
937 2361 86 54 vt
965 2361 72 54 pae

270 2404 91 52 in
315 2404 166 52 secundo
436 2404 211 52 argumento.
602 2404 136 52 Teneo
693 2404 151 52 itaque
798 2404 181 52 secundam
919 2404 121 52 conclu

256 2445 155 67 sionem,
369 2445 113 67 quae
439 2445 99 67 est
495 2445 113 67 mihi
566 2445 127 67 multo
650 2445 225 67 verisimilior
834 2445 113 67 quam
890 2445 155 67 opposita.

249 2502 107 82 ⁋
291 2502 214 82 Contra
442 2502 150 82 eam
527 2502 236 82 aliorum
699 2502 300 82 rationibus
913 2502 129 82 obii

267 2580 152 52 citur.
373 2580 152 52 Primo.
479 2580 136 52 Vnius
570 2580 197 52 potentiae
722 2580 106 52 est
782 2580 136 52 solus
873 2580 121 52 vnus
934 2580 106 52 modus

268 2625 165 60 agendi:
388 2625 120 60 ergo
463 2625 180 60 voluntas
598 2625 120 60 solu
674 2625 120 60 agit
749 2625 150 60 libere
854 2625 75 60 &
869 2625 165 60 contingin

277 2663 113 65 ter.
348 2663 113 65 Dico
419 2663 99 65 hoc
475 2663 198 65 argumentum
631 2663 113 65 esse
702 2663 142 65 contra
801 2663 128 65 ipsos
872 2663 156 65 arguentes

274 2703 69 81 &
302 2703 123 81 ratio
384 2703 96 81 est
439 2703 110 81 quia
507 2703 165 81 voluntas
631 2703 178 81 concurrit
768 2703 206 81 partialiter
932 2703 82 81 ad
960 2703 82 81 suam

1123 304 229 68 beatitudinem
1309 304 172 68 secundum
1437 304 114 68 eos.
1509 304 71 68 &
1537 304 86 68 si
1580 304 229 68 contingenter
1752 304 157 68 concurrat

1128 370 132 52 potest
1220 370 79 52 se
1260 370 92 52 non
1313 370 211 52 beatificare,
1484 370 106 52 quod
1550 370 92 52 est
1603 370 145 52 falsum.
1709 370 106 52 ergo
1775 370 79 52 ex
1801 370 106 52 neces-

1122 410 146 54 sitate
1224 410 204 54 concurrit.
1384 410 204 54 Necessitas
1545 410 116 54 enim
1617 410 102 54 non
1676 410 175 54 repugnat
1792 410 102 54 volun

1124 455 109 45 tati
1193 455 164 45 respectu
1315 455 150 45 obiecti
1424 455 136 45 aliter
1520 455 218 45 praesentati.
1697 455 150 45 nunquid
1793 455 95 45 actus

1126 499 203 49 producitur
1285 499 232 49 contingenter
1473 499 87 49 in
1516 499 101 49 vno
1574 499 174 49 instanti
1704 499 101 49 qui
1762 499 87 49 de
1791 499 116 49 neces-

1118 548 129 51 sitate
1209 548 117 51 durat
1286 548 91 51 per
1338 548 142 51 tempus:
1442 548 91 51 sic
1494 548 104 51 enim
1558 548 129 51 dicere
1649 548 155 51 oportet.
1766 548 65 51 ⁋
1778 548 117 51 Secundo

1127 586 179 56 arguitur.
1265 586 124 56 Clara
1347 586 206 56 apprehensio
1513 586 124 56 finis
1595 586 96 56 non
1650 586 151 56 videtur
1760 586 110 56 esse
1815 586 83 56 nisi

1116 637 136 50 maior
1206 637 241 50 approximatio
1402 637 166 50 actiui:
1523 637 120 50 ergo
1598 637 105 50 non
1658 637 226 50 necessitat,
1824 637 75 50 sed

1120 673 163 53 intendit
1242 673 176 53 actionem.
1378 673 149 53 Concedo
1486 673 190 53 antecedens
1635 673 108 53 quia
1703 673 108 53 idem
1771 673 95 53 est
1812 673 81 53 obie

1110 714 117 61 ctum
1184 714 117 61 viae
1257 714 73 61 &
1286 714 161 61 patriae
1403 714 73 61 /
1432 714 102 61 sed
1491 714 146 61 aliter
1594 714 234 61 apprehensum,
1784 714 102 61 nec
1828 714 73 61 est

1122 767 135 53 maior
1212 767 240 53 approximatio
1407 767 210 53 entitatiue
1571 767 75 53 /
1601 767 75 53 &
1631 767 210 53 localiter:
1796 767 105 53 sed
1841 767 60 53 ma

1121 809 115 58 ior
1186 809 98 58 in
1235 809 246 58 cognoscendo
1432 809 82 58 &
1465 809 197 58 clarior:
1612 809 82 58 &
1645 809 115 58 per
1694 809 197 58 consequens

1122 852 134 53 maior
1212 852 209 53 attractio.
1376 852 134 53 sicut
1465 852 179 53 pulchrum
1600 852 179 53 visibile
1734 852 104 53 vel
1779 852 119 53 audibi

1107 895 86 57 le
1150 895 187 57 intuitiue
1294 895 173 57 cognitum
1424 895 115 57 plus
1496 895 130 57 mouet
1582 895 187 57 potentiam
1726 895 115 57 quam
1799 895 86 57 in
1827 895 58 57 no

1111 944 128 50 titia
1196 944 213 50 abstractiua
1366 944 71 50 &
1395 944 128 50 ficta
1480 944 227 50 apprehensiue
1665 944 185 50 cognitum.
1793 944 99 50 istae

1112 988 121 49 autem
1192 988 202 49 dilectiones
1354 988 162 49 scilicet
1476 988 108 49 viae
1543 988 67 49 &
1570 988 162 49 patriae,
1692 988 135 49 specie
1773 988 121 49 distin-

1116 1031 161 52 guuntur
1233 1031 73 52 /
1262 1031 88 52 vt
1306 1031 146 52 postea
1408 1031 175 52 dicemus.
1540 1031 73 52 ⁋
1569 1031 146 52 Tertio
1671 1031 190 52 arguitur.
1802 1031 88 52 Deus

1110 1077 106 50 non
1170 1077 121 50 agit
1246 1077 211 50 necessario
1411 1077 90 50 ad
1457 1077 121 50 hanc
1532 1077 241 50 dilectionem:
1728 1077 121 50 quia
1788 1077 106 50 nihil

1122 1122 112 49 agit
1192 1122 197 49 necessario
1347 1122 84 49 ad
1389 1122 140 49 extra,
1487 1122 98 49 nec
1543 1122 182 49 voluntas,
1683 1122 112 49 quia
1754 1122 98 49 est
1796 1122 98 49 agens

1112 1164 234 51 contingens.
1300 1164 140 51 Dico.
1393 1164 94 51 si
1440 1164 172 51 arguens
1565 1164 125 51 huic
1643 1164 203 51 argumento
1783 1164 109 51 inni-

1108 1204 142 63 tatur:
1207 1204 199 63 concludent
1363 1204 142 63 contra
1463 1204 128 63 seipm
1548 1204 114 63 quod
1619 1204 185 63 beatitudo
1747 1204 142 63 cessabit

1104 1257 87 44 in
1148 1257 160 44 patria.
1264 1257 160 44 Volumus
1380 1257 160 44 dicere.
1496 1257 87 44 si
1540 1257 116 44 deus
1612 1257 203 44 concurrat:
1772 1257 73 44 &
1786 1257 102 44 crea-

1106 1300 107 54 tura
1172 1300 187 54 rationalis
1319 1300 133 54 videat
1412 1300 120 54 deum:
1492 1300 80 54 de
1532 1300 200 54 necessitate
1692 1300 187 54 attrahetur
1826 1300 53 54 ad

1105 1350 221 50 dilectionem
1282 1350 118 50 dei.
1356 1350 74 50 ⁋
1385 1350 147 50 Quarto
1488 1350 192 50 arguitur.
1636 1350 118 50 Deus
1709 1350 133 50 clare
1783 1350 103 50 visus

1109 1390 136 56 potest
1204 1390 149 56 concipi
1313 1390 95 56 sub
1367 1390 149 56 ratione
1476 1390 244 56 displicentiae:
1679 1390 109 56 ergo
1747 1390 109 56 deus
1802 1390 81 56 cla-

1109 1435 76 52 re
1147 1435 114 52 visus
1223 1435 126 52 potest
1312 1435 88 52 non
1362 1435 139 52 diligi.
1463 1435 190 52 Respondetur
1615 1435 139 52 negando
1716 1435 177 52 antecedens
1842 1435 51 52 se

1107 1480 136 54 cundum
1203 1480 163 54 communem
1325 1480 136 54 legem:
1420 1480 68 54 &
1447 1480 122 54 etiam
1529 1480 245 54 consequentiam:
1733 1480 109 54 quia
1787 1480 95 54 visio

1111 1520 101 55 dei
1168 1520 72 55 &
1197 1520 116 55 deus
1270 1520 116 55 ipse
1342 1520 101 55 tam
1400 1520 188 55 perfectus
1544 1520 202 55 entitatiue
1703 1520 101 55 sic
1747 1520 130 55 volunta

1115 1563 94 62 tem
1168 1563 80 62 ad
1208 1563 80 62 se
1248 1563 134 62 trahit
1342 1563 67 62 /
1369 1563 80 62 vt
1409 1563 94 62 non
1462 1563 134 62 possit
1556 1563 94 62 non
1610 1563 174 62 diligere.
1743 1563 107 62 Adam
1797 1563 80 62 prae

1114 1609 126 54 terea
1198 1609 84 54 in
1240 1609 126 54 prima
1325 1609 126 54 dist.
1409 1609 126 54 primi
1493 1609 70 54 /
1521 1609 126 54 vatia
1605 1609 168 54 argumeta
1732 1609 140 54 contra
1816 1609 70 54 co-

1109 1657 187 52 clusionem
1252 1657 115 52 hanc
1324 1657 144 52 facit.
1425 1657 101 52 sed
1482 1657 115 52 quia
1554 1657 101 52 non
1612 1657 115 52 sunt
1684 1657 129 52 magni
1770 1657 144 52 ponde-

1110 1695 104 49 ris
1169 1695 118 49 ipsa
1243 1695 178 49 dimitto.
1377 1695 104 49 Ego
1436 1695 104 49 sic
1495 1695 89 49 in
1540 1695 193 49 proposito
1688 1695 193 49 imaginor.
1821 1695 74 49 Lon

1109 1746 78 51 ge
1148 1746 261 51 incomparabiliter
1370 1746 91 51 est
1423 1746 118 51 maior
1501 1746 170 51 attractio
1632 1746 91 51 rei
1684 1746 196 51 spiritualis
1828 1746 65 51 pul

1106 1792 166 47 cherrimae
1234 1792 179 47 entitatiue
1375 1792 102 47 quam
1439 1792 89 47 rei
1490 1792 192 47 corporalis:
1643 1792 64 47 &
1669 1792 77 47 in
1707 1792 102 47 illa
1771 1792 89 47 est
1822 1792 89 47 ma-

1118 1830 91 52 ior
1170 1830 220 52 complacentia.
1351 1830 142 52 quomodo
1454 1830 168 52 difficile
1584 1830 116 52 esset
1661 1830 103 52 viro
1713 1830 168 52 castissimam

1111 1872 90 54 &
1147 1872 198 54 optimam
1291 1872 108 54 ac
1345 1872 288 54 pulcherrimam
1580 1872 216 54 matronam
1724 1872 162 54 habenti

1107 1920 99 50 eam
1164 1920 99 50 non
1220 1920 170 50 diligere
1348 1920 227 50 apprehensam,
1532 1920 85 50 in
1574 1920 113 50 casu
1645 1920 99 50 quo
1702 1920 99 50 ope
1759 1920 99 50 sui
1801 1920 85 50 viri

1108 1964 149 48 egeret,
1217 1964 95 48 cum
1271 1964 149 48 angelus
1379 1964 122 48 longe
1460 1964 108 48 plus
1528 1964 190 48 voluptatis
1677 1964 203 48 spiritualis
1826 1964 54 48 ha

1100 2008 115 57 beat
1171 2008 86 57 si
1214 2008 172 57 videatur
1344 2008 86 57 ab
1387 2008 129 57 anima
1473 2008 172 57 seperata
1602 2008 100 57 qui
1659 2008 115 57 haec
1717 2008 172 57 castissima

1109 2055 130 58 mulier
1200 2055 78 58 in
1239 2055 130 58 ordine
1330 2055 78 58 ad
1369 2055 104 58 suum
1434 2055 130 58 virum.
1526 2055 65 58 &
1552 2055 91 58 sic
1604 2055 182 58 ascendendo
1747 2055 91 58 per
1786 2055 91 58 omnes

1109 2098 158 46 angelos
1224 2098 144 46 semper
1325 2098 115 46 erit
1397 2098 130 46 maior
1483 2098 187 46 attractio
1627 2098 72 46 &
1656 2098 144 46 libera
1756 2098 101 46 per
1800 2098 86 46 crea

1119 2144 117 49 turas
1197 2144 130 49 omnes.
1288 2144 130 49 tandem
1378 2144 104 49 deum
1443 2144 156 49 videndo,
1560 2144 117 49 primo
1638 2144 104 49 erit
1702 2144 169 49 naturalis
1819 2144 65 49 vel

1108 2187 202 55 necessaria
1266 2187 187 55 attractio
1410 2187 202 55 voluntatis
1569 2187 159 55 creatae
1684 2187 86 55 ad
1727 2187 115 55 eum.
1800 2187 72 55 &
1814 2187 72 55 ita

1113 2227 147 63 Paulus
1216 2227 88 63 in
1260 2227 132 63 raptu
1349 2227 88 63 ex
1393 2227 221 63 necessitate
1569 2227 118 63 deum
1628 2227 147 63 dilexit.

1103 2284 110 86 ⁋
1147 2284 374 86 Distinctionis
1433 2284 439 86 Quadragesimaenonae

1298 2364 310 80 Quaestio
1505 2364 181 80 Nona.

1435 2428 143 83 Ono
1516 2428 123 83 in
1578 2428 143 83 hac
1639 2428 246 83 distinctio

1429 2501 79 57 ne
1468 2501 157 57 quaetro.
1586 2501 79 57 An
1626 2501 157 57 voluntas
1731 2501 144 57 efficien-

1444 2543 101 70 iam
1501 2543 144 70 habeat
1602 2543 173 70 respectu
1731 2543 115 70 suae
1789 2543 86 70 bti-

1441 2592 156 60 tudinis.
1558 2592 209 60 Respondetur.
1728 2592 130 60 Duplex
1806 2592 65 60 est

1430 2634 111 66 hic
1493 2634 142 66 ratio
1588 2634 190 66 opinandi
1731 2634 111 66 tam
1778 2634 95 66 apud

1422 2684 199 64 lantiquos
1575 2684 199 64 theologos
1728 2684 122 64 quam
1789 2684 92 64 neo-

1411 2713 229 89 lltericos
1587 2713 158 89 satis
1675 2713 194 89 communis:
