2368 3305
288 355 119 69 cit.
362 355 104 69 Hoc
422 355 104 69 non
481 355 178 69 libenter
615 355 223 69 concederem.
793 355 104 69 Nec
852 355 104 69 ego
912 355 119 69 vllo
971 355 89 69 modo

293 402 107 57 hoc
354 402 183 57 concedo.
491 402 122 57 scio
567 402 137 57 tamen
659 402 137 57 odium
750 402 107 57 dei
811 402 137 57 posse
902 402 122 57 bene
963 402 107 57 sieri

295 453 83 52 vt
337 453 83 52 si
378 453 69 52 a
406 453 97 52 deo
461 453 193 52 producatur
613 453 124 52 extra
695 453 166 52 subiectu
819 453 83 52 in
861 453 138 52 genere
944 453 110 52 quali-

292 498 144 51 tatis,
392 498 72 51 &
421 498 129 51 odium
507 498 101 51 dei
565 498 115 51 bene
637 498 101 51 fit
694 498 72 51 a
723 498 101 51 deo
781 498 144 51 quando
881 498 173 51 creatura
996 498 58 51 ma

292 533 82 63 le
333 533 137 63 elicit
430 533 124 63 odium
512 533 110 63 dei.
581 533 96 63 sed
635 533 96 63 non
690 533 151 63 concedo
800 533 137 63 vnquam
896 533 124 63 odium
979 533 96 63 dei
1020 533 41 63 a

282 576 127 64 solo
361 576 111 64 deo
409 576 127 64 fieri.

290 672 110 80 ⁋
334 672 374 80 Distinctionis
620 672 439 80 Quadragesimaenonae

445 750 309 93 Quaestio
651 750 232 93 Decima.

622 844 182 91 Ecimo
743 844 223 91 quaero.
905 844 122 91 An
946 844 101 91 bea

625 913 136 68 titudo
721 913 204 68 partialiter
884 913 191 68 producatur
1020 913 41 68 a

633 962 130 60 beato.
724 962 195 60 Respondetur
866 962 182 60 affirmatiue.

632 1005 92 61 nam
684 1005 157 61 btintudo
802 1005 170 61 consistit
933 1005 79 61 in
959 1005 92 61 acti-

635 1047 97 65 bus
691 1047 208 65 intellectus
857 1047 69 65 &
871 1047 180 65 voluntatis,

621 1090 95 67 l&
669 1090 95 67 in
716 1090 158 67 gaudio
826 1090 189 67 passione
952 1090 95 67 indi

614 1135 190 66 llsequente.
767 1135 89 66 sed
817 1135 114 66 omnia
894 1135 102 66 ista
957 1135 102 66 sunt
1008 1135 38 66 a

610 1180 138 62 lldeo
702 1180 169 62 mediate
825 1180 108 62 vel
871 1180 184 62 immediate,

290 1226 67 53 &
316 1226 80 53 ad
356 1226 120 53 omnem
437 1226 120 53 actum
517 1226 200 53 intellectus
677 1226 67 53 &
704 1226 200 53 voluntatis,
864 1226 200 53 intellectus
1011 1226 40 53 &

279 1275 185 45 voluntas
417 1275 247 45 efficientiam
618 1275 154 45 habent
725 1275 139 45 extra
818 1275 123 45 hanc
880 1275 169 45 materiam.

289 1310 167 64 Voluntas
414 1310 111 64 enim
484 1310 236 64 comprincipiat
679 1310 209 64 dilectionem
845 1310 97 64 dei
901 1310 83 64 in
943 1310 97 64 via
984 1310 70 64 cum

280 1361 150 48 notitia
389 1361 218 48 aenigmatica:
567 1361 109 48 ergo
635 1361 68 48 a
662 1361 164 48 fortiore
785 1361 95 48 hoc
839 1361 136 48 potest
921 1361 136 48 inpatria

282 1402 90 51 cum
334 1402 142 51 notitia
437 1402 116 51 multo
514 1402 167 51 clariore,
642 1402 154 51 scilicet
758 1402 154 51 visione.
874 1402 77 51 na
912 1402 90 51 cum
951 1402 103 51 lumine

289 1444 130 63 gloriae
384 1444 59 63 /
407 1444 165 63 influentia
537 1444 83 63 dei
584 1444 142 63 speciali
691 1444 118 63 potest
773 1444 177 63 intellectus
903 1444 142 63 concurrere

283 1493 74 63 ad
320 1493 149 63 visionis
431 1493 211 63 productionem,
605 1493 87 63 nec
654 1493 87 63 est
704 1493 112 63 ratio
778 1493 149 63 alicuius
890 1493 149 63 ponderis
989 1493 62 63 pro

289 1535 194 70 opposito.
439 1535 120 70 ergo
513 1535 120 70 haec
588 1535 194 70 conclusio
738 1535 224 70 affirmatiua
902 1535 105 70 vera.

269 1595 110 90 ⁋
313 1595 219 90 Contra
466 1595 175 90 hanc
576 1595 351 90 conclusionem
839 1595 197 90 obiicia

285 1660 208 64 nonnullis
445 1660 224 64 argumentis
621 1660 176 64 Ocltam.
748 1660 160 64 postea
860 1660 128 64 alia
924 1660 128 64 contra

269 1717 250 47 conclusionem
473 1717 188 47 afferam:
613 1717 78 47 &
645 1717 141 47 omnia
738 1717 156 47 eluere
848 1717 156 47 nitar.
942 1717 109 47 Argu-

273 1760 85 54 it
315 1760 128 54 primo
401 1760 199 54 Guilielmus
558 1760 128 54 Oclam
643 1760 114 54 sic.
714 1760 228 54 Quandocumque
900 1760 114 54 sunt
957 1760 85 54 ali-

273 1812 105 51 qua
333 1812 105 51 duo
393 1812 255 51 supenaturalia
603 1812 105 51 sic
663 1812 90 51 se
707 1812 180 51 habentia
842 1812 90 51 vt
887 1812 135 51 minus
962 1812 75 51 per

280 1841 135 65 fectum
375 1841 95 65 non
429 1841 135 65 possit
524 1841 149 65 produci
633 1841 68 65 a
660 1841 163 65 creatura
782 1841 81 65 ob
822 1841 108 65 suam
876 1841 163 65 perfectio-

283 1893 121 59 nem:
358 1893 106 59 nec
419 1893 136 59 magis
509 1893 196 59 perfectum
660 1893 75 59 a
690 1893 181 59 creatura
826 1893 121 59 vllo
901 1893 121 59 modo
962 1893 75 59 pro

291 1936 95 56 duci
351 1936 131 56 potest.
446 1936 84 56 sed
494 1936 119 56 gratia
577 1936 84 56 est
625 1936 107 56 minus
697 1936 143 56 perfecta
804 1936 95 56 quam
864 1936 143 56 btitudo.
971 1936 60 56 &
983 1936 48 56 pi

284 1982 80 51 or
324 1982 186 51 producitur
469 1982 172 51 totaliter
602 1982 66 51 a
629 1982 106 51 deo:
695 1982 106 51 ergo
761 1982 66 51 &
788 1982 119 51 aima.
868 1982 66 51 ⁋
894 1982 106 51 Dico
947 1982 93 51 illud

280 2025 212 49 argumentum
446 2025 181 49 bifariam
582 2025 197 49 deficere.
734 2025 136 49 primo
824 2025 121 49 nego
900 2025 121 49 quod
960 2025 76 49 bea

280 2072 135 57 titudo
375 2072 95 57 est
429 2072 108 57 quid
497 2072 243 57 supernaturale:
699 2072 95 57 cum
753 2072 162 57 creatura
875 2072 81 57 ad
915 2072 108 57 eius
969 2072 68 57 pro

282 2112 213 48 ductionem
446 2112 230 48 concurrat.
626 2112 197 48 Fortasse
774 2112 181 48 mutabis
889 2112 148 48 maiorem

281 2153 106 53 sic,
347 2153 212 53 quandocunque
519 2153 106 53 sunt
586 2153 133 53 aliqua
678 2153 93 53 sic
731 2153 80 53 se
771 2153 159 53 habentia
890 2153 93 53 &c.
930 2153 106 53 relin-

280 2198 146 50 quendo
383 2198 278 50 supernaturalia.
617 2198 103 50 sed
676 2198 146 50 iterum
778 2198 234 50 praesupponis
954 2198 88 50 fal-

279 2243 105 60 sum:
344 2243 105 60 quia
410 2243 118 60 illud
489 2243 92 60 non
541 2243 92 60 est
594 2243 144 60 propter
699 2243 223 60 perfectionem,
883 2243 105 60 quod
935 2243 105 60 patet.

281 2293 91 47 nam
333 2293 130 47 asinus
424 2293 156 47 producit
542 2293 130 47 asinum
633 2293 65 47 &
659 2293 91 47 non
711 2293 196 47 charitatem:
868 2293 65 47 &
894 2293 117 47 tamen
959 2293 78 47 asi-

276 2330 94 54 nus
329 2330 94 54 est
383 2330 188 54 perfectior
530 2330 188 54 charitate:
677 2330 107 54 ergo
744 2330 94 54 non
798 2330 94 54 est
852 2330 147 54 propter
945 2330 94 54 perfe

278 2377 160 58 ctionem.
398 2377 160 58 Interdum
517 2377 107 58 enim
584 2377 120 58 magis
664 2377 173 58 perfectum
797 2377 133 58 potest
890 2377 147 58 produci
984 2377 53 58 ab

284 2424 131 53 agente
375 2424 235 53 imperfectiore.
571 2424 78 53 vt
611 2424 118 53 ignis
689 2424 157 53 producit
807 2424 131 53 ignem:
898 2424 105 53 homo
951 2424 91 53 autem

276 2465 128 58 nullam
366 2465 192 58 substantiam
520 2465 167 58 producit.
648 2465 90 58 nam
699 2465 102 58 vero
763 2465 154 58 similius
878 2465 90 58 est
930 2465 102 58 quod
981 2465 51 58 nu

273 2509 79 53 la
312 2509 93 53 est
365 2509 119 53 forma
445 2509 225 53 corporeitatis
630 2509 172 53 distincta
762 2509 79 53 ab
802 2509 119 53 anima
868 2509 159 53 intellecti

272 2558 91 61 ua.
324 2558 65 61 ⁋
350 2558 142 61 Secundo
453 2558 142 61 arguit.
557 2558 142 61 meritum
661 2558 91 61 est
712 2558 65 61 a
738 2558 155 61 merente:
855 2558 104 61 ergo
907 2558 129 61 praemium

273 2598 131 50 debet
361 2598 117 50 esse
434 2598 73 50 a
463 2598 219 50 praemiante.
639 2598 117 50 Dico
712 2598 117 50 quod
785 2598 205 50 argumentum
931 2598 102 50 solum

276 2640 88 63 est
327 2640 63 63 a
352 2640 139 63 simili:
453 2640 63 63 &
478 2640 126 63 potius
566 2640 126 63 contra
655 2640 164 63 factorem.
781 2640 113 63 sicut
856 2640 113 63 autem
920 2640 113 63 meritum

278 2689 226 60 particulariter
467 2689 88 60 est
517 2689 63 60 a
542 2689 151 60 merente:
655 2689 88 60 sic
705 2689 151 60 consonum
818 2689 88 60 est
869 2689 138 60 rationi
957 2689 75 60 quod

265 2728 156 74 praemium
382 2728 234 74 particulariter
577 2728 91 74 sit
629 2728 65 74 a
655 2728 195 74 praemiante.
811 2728 65 74 ⁋
837 2728 130 74 Tertio
915 2728 117 74 arguit.

1130 360 83 60 ex
1172 360 96 60 hac
1227 360 207 60 conclusione
1392 360 165 60 sequitur
1516 360 110 60 quod
1585 360 138 60 beatus
1681 360 138 60 potest
1764 360 138 60 desinere

1131 416 67 45 a
1157 416 94 45 sua
1211 416 215 45 beatitudine.
1386 416 94 45 hoc
1440 416 121 45 autem
1521 416 94 45 est
1575 416 229 45 inconveniens.
1763 416 67 45 &
1790 416 108 45 quod
1844 416 54 45 se

1123 457 157 54 quatur,
1237 457 143 54 patet:
1337 457 114 54 quia
1408 457 186 54 potentiae
1551 457 200 54 rationales
1708 457 143 54 valent
1808 457 86 54 ad
1837 457 57 54 op

1131 509 165 48 posita.
1251 509 90 48 Ad
1296 509 105 48 hoc
1356 509 180 48 superius
1491 509 225 48 respondimus
1672 509 120 48 quod
1747 509 135 48 clare
1822 509 75 48 vi-

1128 547 119 56 dens
1202 547 119 56 deum
1277 547 237 56 necessitatur
1469 547 104 56 eum
1529 547 193 56 diligere:
1677 547 74 56 &
1707 547 119 56 deus
1766 547 119 56 semper

1130 591 143 52 coagit
1230 591 86 52 ad
1273 591 186 52 visionem:
1416 591 129 52 quare
1502 591 100 52 non
1559 591 143 52 potest
1660 591 158 52 cessare
1774 591 86 52 ab
1803 591 86 52 actu

1127 637 79 39 Si
1166 637 118 39 autem
1245 637 92 39 hoc
1297 637 92 39 non
1350 637 170 39 teneatur,
1481 637 197 39 necessarium
1638 637 92 39 est
1690 637 131 39 dicere
1782 637 105 39 quod
1834 637 66 39 vo-

1125 678 157 54 luntas
1235 678 79 54 a
1267 678 110 54 deo
1330 678 251 54 necessitatur
1534 678 220 54 continuare
1707 678 126 54 suum
1769 678 126 54 actum.

1129 722 146 54 Tertio
1232 722 117 54 dico
1305 722 205 54 argumentum
1466 722 117 54 esse
1539 722 205 54 aequaliter
1701 722 146 54 contra
1788 722 103 54 facto

1123 766 116 54 rem.
1195 766 102 54 nam
1253 766 131 54 licet
1340 766 131 54 actus
1427 766 73 54 a
1456 766 116 54 solo
1529 766 102 54 deo
1587 766 203 54 producatur
1746 766 73 54 &
1761 766 131 54 manute-

1112 815 149 50 neatur:
1221 815 162 50 potentia
1342 815 122 50 tamen
1424 815 135 50 potest
1518 815 95 50 non
1572 815 149 50 tendere
1681 815 81 50 in
1721 815 176 50 obiectum,
1843 815 54 50 po

1114 858 164 59 tissimum
1237 858 164 59 potentia
1360 858 109 59 dei.
1428 858 68 59 &
1455 858 123 59 forte
1537 858 123 59 etiam
1619 858 82 59 si
1660 858 109 59 sibi
1715 858 177 59 reliquatur.

1106 900 116 99 ⁋
1152 900 186 99 Nunc
1268 900 255 99 praeter
1454 900 279 99 rationes
1663 900 232 99 Ocltam
1802 900 93 99 po

1119 988 96 55 nam
1174 988 138 55 alias.
1271 988 69 55 &
1298 988 138 55 quarto
1395 988 179 55 arguitur.
1532 988 165 55 sequitur
1656 988 110 55 quod
1725 988 151 55 aliquis
1821 988 69 55 bea

1120 1027 152 64 tificat
1231 1027 166 64 seipsum:
1355 1027 110 64 quod
1424 1027 97 64 est
1479 1027 248 64 disconueniens.
1686 1027 110 64 quod
1741 1027 152 64 sequatur,

1117 1074 162 52 probatur
1239 1074 108 52 sic.
1307 1074 122 52 capio
1388 1074 122 52 Linum
1469 1074 149 52 btntum.
1578 1074 108 52 iste
1645 1074 122 52 Linus
1727 1074 162 52 cocurrit
1835 1074 54 52 ad

1109 1121 126 43 suam
1188 1121 267 43 beatitudinem:
1407 1121 126 43 ergo
1486 1121 94 43 se
1533 1121 235 43 beatificat:
1721 1121 110 43 cum
1768 1121 126 43 partia

1121 1156 117 52 liter
1199 1156 78 52 se
1238 1156 131 52 beatum
1330 1156 144 52 faciat.
1434 1156 78 52 Ad
1473 1156 144 52 quartum
1578 1156 196 52 multifariam
1721 1156 170 52 respondetur

1119 1203 146 55 Primo,
1221 1203 102 55 non
1280 1203 102 55 est
1338 1203 233 55 inconveniens
1527 1203 189 55 concedere
1673 1203 175 55 illatum.
1789 1203 102 55 secun

1124 1250 78 55 do
1163 1250 91 55 non
1215 1250 169 55 sequitur,
1345 1250 117 55 quima
1423 1250 78 55 ad
1462 1250 195 55 beatificare
1618 1250 91 55 non
1670 1250 156 55 sufficit
1774 1250 117 55 concur-

1112 1295 125 60 rere
1190 1295 94 60 ad
1237 1295 249 60 productionem
1440 1295 265 60 beatitudinis.
1658 1295 109 60 nam
1720 1295 140 60 visio
1798 1295 94 60 par-

1116 1340 147 56 tialiter
1226 1340 134 56 efficit
1323 1340 195 56 dilectionem:
1482 1340 61 56 &
1507 1340 110 56 tamen
1580 1340 85 56 non
1629 1340 122 56 dcitur
1714 1340 183 56 beatificare
1848 1340 37 56 s

1115 1379 91 61 sed
1167 1379 91 61 cum
1219 1379 91 61 hoc
1270 1379 181 61 requiritur
1413 1379 104 61 quod
1478 1379 104 61 fiat
1542 1379 65 61 a
1568 1379 181 61 principali
1698 1379 194 61 beatificante.

1112 1420 127 53 modo
1192 1420 191 53 potentia
1335 1420 159 53 creata
1446 1420 111 53 non
1510 1420 111 53 est
1573 1420 223 53 principale
1732 1420 159 53 beatifi-

1108 1467 110 66 cans
1177 1467 69 66 /
1205 1467 96 66 sed
1260 1467 124 66 deus.
1342 1467 138 66 Tertio
1439 1467 179 66 possibile
1576 1467 96 66 est
1631 1467 138 66 animam
1728 1467 138 66 actiue
1810 1467 69 66 age

1110 1517 88 58 re
1154 1517 88 58 ad
1199 1517 250 58 beatitudinem:
1405 1517 74 58 &
1434 1517 103 58 non
1493 1517 147 58 habere
1596 1517 235 58 causalitatem
1772 1517 118 58 quaere

1111 1551 171 67 beatitas
1239 1551 143 67 animam
1339 1551 186 67 informet.
1482 1551 100 67 sed
1539 1551 114 67 deus
1611 1551 86 67 se
1653 1551 114 67 solo
1725 1551 129 67 facit
1796 1551 86 67 quid

1109 1595 146 64 litatem
1215 1595 133 64 animam
1308 1595 186 64 informare:
1454 1595 93 64 nec
1507 1595 120 64 anima
1587 1595 159 64 producit
1706 1595 93 64 eam
1759 1595 120 64 extra
1826 1595 53 64 se

1115 1651 128 61 quia
1195 1651 96 61 in
1243 1651 144 61 eodem
1339 1651 192 61 instanti
1483 1651 112 61 quo
1546 1651 144 61 anima
1626 1651 256 61 comprincipiat,

1115 1684 126 61 deus
1194 1684 267 61 informationem
1414 1684 157 61 facit.
1524 1684 141 61 Forte
1618 1684 141 61 etiam
1712 1684 126 61 illa
1791 1684 126 61 qua-

1112 1727 127 66 litas
1196 1727 141 66 potest
1295 1727 155 66 produci
1407 1727 84 66 ab
1450 1727 127 66 anima
1534 1727 225 66 partialiter,
1717 1727 70 66 &
1745 1727 99 66 eam
1787 1727 99 66 infor

1108 1773 111 60 mare
1178 1773 222 60 partialiter:
1358 1773 97 60 cum
1414 1773 97 60 hoc
1469 1773 111 60 quod
1539 1773 167 60 potentia
1664 1773 97 60 per
1719 1773 125 60 illam
1789 1773 97 60 quali

1111 1817 151 69 tatem
1212 1817 118 69 non
1279 1817 168 69 tendat
1397 1817 101 69 in
1447 1817 202 69 obiectum
1598 1817 252 69 beatificum:
1783 1817 101 69 quia

1104 1869 120 51 deus
1179 1869 90 51 se
1224 1869 195 51 obiectiue
1374 1869 135 51 beato
1464 1869 225 51 praesentat.
1644 1869 75 51 &
1674 1869 105 51 sic
1734 1869 120 51 deus
1794 1869 90 51 dici

1109 1912 108 51 tur
1170 1912 232 51 beatificare
1356 1912 77 51 &
1387 1912 108 51 non
1449 1912 201 51 potentia.
1604 1912 77 51 ⁋
1634 1912 155 51 Quinto
1727 1912 155 51 arguitur

1106 1946 131 67 Nulla
1193 1946 174 67 creatura
1323 1946 145 67 potest
1425 1946 174 67 visionem
1555 1946 174 67 alicuius
1686 1946 160 67 obiecti
1787 1946 87 67 crea

1112 1994 83 68 ti
1154 1994 180 68 producere
1292 1994 193 68 totaliter:
1444 1994 111 68 ergo
1513 1994 97 68 nec
1568 1994 166 68 visionem
1693 1994 97 68 dei
1734 1994 152 68 partiali-

1099 2039 108 65 ter.
1167 2039 122 65 tenet
1249 2039 231 65 consequentia:
1438 2039 108 65 quia
1506 2039 108 65 plus
1574 2039 95 65 est
1628 2039 176 65 producere
1750 2039 136 65 visionem

1111 2083 99 65 dei
1167 2083 211 65 partialiter
1336 2083 113 65 quam
1406 2083 169 65 visionem
1533 2083 183 65 creaturae
1674 2083 197 65 totaliter.
1815 2083 70 65 Re-

1089 2127 241 66 spondetur
1275 2127 204 66 negando
1423 2127 334 66 consequentiam:
1702 2127 148 66 quia
1776 2127 111 66 vnum

1107 2181 210 49 creaturae
1269 2181 210 49 repugnat:
1430 2181 146 49 aliud
1527 2181 146 49 autem
1624 2181 129 49 non:
1705 2181 97 49 vt
1737 2181 146 49 aliunde

1099 2223 186 62 constat.
1239 2223 78 62 ⁋
1270 2223 140 62 Sexto
1363 2223 202 62 arguitur.
1519 2223 93 62 Ex
1565 2223 109 62 hac
1627 2223 186 62 opinione
1751 2223 109 62 sequi

1099 2268 102 47 tur
1158 2268 116 47 quod
1230 2268 131 47 anima
1318 2268 160 47 Christi
1434 2268 102 47 non
1492 2268 160 47 haberet
1608 2268 174 47 decentem
1725 2268 145 47 beatitu-

1109 2307 139 64 dinem:
1206 2307 97 64 cum
1262 2307 125 64 anima
1345 2307 111 64 eius
1415 2307 97 64 non
1470 2307 139 64 possit
1567 2307 194 64 concurrere
1720 2307 125 64 vltra
1790 2307 83 64 capa

1096 2356 181 53 citatem
1227 2356 181 53 actiuam
1359 2356 280 53 beatitudinis.
1589 2356 115 53 hoc
1655 2356 115 53 est
1704 2356 165 53 absonum.

1093 2395 170 55 igitur.
1216 2395 201 55 Respondeo
1371 2395 170 55 tenendo
1495 2395 124 55 illa
1573 2395 124 55 quae
1650 2395 155 55 semper
1743 2395 124 55 tenere

1105 2435 136 68 oleo,
1195 2435 121 68 quod
1271 2435 211 68 argumentum
1437 2435 106 68 non
1497 2435 211 68 concludit.
1663 2435 106 68 nam
1723 2435 136 68 teneo
1799 2435 75 68 vbi

1113 2487 97 58 quod
1173 2487 97 58 quod
1234 2487 109 58 anima
1307 2487 133 58 Christi
1404 2487 109 58 habet
1476 2487 157 58 infinitam
1597 2487 170 58 charitatem
1719 2487 145 58 intensiue:

1096 2526 73 60 &
1126 2526 102 60 cum
1184 2526 102 60 hoc
1242 2526 175 60 charitas
1373 2526 190 60 concurrit
1519 2526 87 60 ad
1563 2526 131 60 actum
1650 2526 219 60 meritorium:
1811 2526 58 60 vt

1097 2577 129 60 patet
1183 2577 100 60 ex.
1240 2577 129 60 xvii.
1326 2577 186 60 distinct.
1469 2577 143 60 primi.
1570 2577 86 60 Et
1613 2577 129 60 licet
1699 2577 143 60 beatus
1799 2577 100 60 non

1093 2621 154 59 mereatur
1209 2621 103 59 sibi
1273 2621 154 59 praemium
1389 2621 180 59 beatificum
1530 2621 77 59 de
1569 2621 116 59 nouo:
1646 2621 116 59 tamen
1723 2621 116 59 actus
1787 2621 77 59 eius

1099 2666 98 51 est
1155 2666 126 51 bonus
1239 2666 154 51 eiusdem
1352 2666 154 51 speciei
1464 2666 98 51 cum
1520 2666 197 51 meritorio:
1674 2666 112 51 quia
1731 2666 140 51 charitas

1099 2703 88 56 ad
1143 2703 132 56 illum
1231 2703 205 56 concurrit.
1392 2703 132 56 Quare
1480 2703 103 56 cum
1539 2703 191 56 quocumque
1686 2703 132 56 paruo
1759 2703 117 56 conatu

1099 2754 138 61 animae
1196 2754 151 61 Curisti
1306 2754 165 61 voluntas
1429 2754 110 61 eius
1498 2754 138 61 habere
1594 2754 138 61 possit
1691 2754 179 61 infinitum
1814 2754 69 61 dei
