2354 3313
461 360 129 60 iecto
547 360 143 60 specie
647 360 258 60 distinguantur.
862 360 186 60 similiter
1005 360 158 60 notitia
1106 360 143 60 intuiti-

465 407 96 61 na
513 407 80 61 &
545 407 241 61 abstractiua
738 407 96 61 de
786 407 145 61 eodem
883 407 177 61 obiecto
1011 407 161 61 specie
1107 407 145 61 distin-

462 464 211 51 guuntur.
620 464 193 51 Habitus
761 464 140 51 enim
848 464 298 51 comprincipiat
1077 464 175 51 notitiam

462 502 280 50 abstractiuam,
692 502 115 50 qui
758 502 115 50 non
824 502 214 50 concurrit
989 502 99 50 ad
1021 502 231 50 productionem

467 542 172 48 notitiae
596 542 215 48 intuitiuae:
768 542 100 48 sed
825 542 115 48 sola
897 542 172 48 potentia
1026 542 100 48 cum
1083 542 158 48 obiecto
1184 542 57 48 in

462 586 108 50 ter
523 586 154 50 causas
631 586 200 50 secundas.
785 586 77 50 &
815 586 108 50 hoc
877 586 92 50 in
923 586 185 50 notitiis
1046 586 200 50 simplicibus

473 631 204 56 intellectus
636 631 176 56 probabile
772 631 95 56 est
826 631 109 56 quod
894 631 163 56 scientia
1016 631 149 56 habitum
1111 631 136 56 sequens:

468 676 79 56 &
500 676 142 56 ipsum
595 676 221 56 praecedens
769 676 79 56 /
800 676 79 56 &
832 676 190 56 generans
974 676 111 56 non
1022 676 237 56 distinguuntur

469 723 151 46 specie.
579 723 179 46 similiter
717 723 83 46 in
758 723 193 46 virtutibus
910 723 138 46 ipsius
1006 723 193 46 voluntatis
1144 723 96 46 actui

470 766 180 45 habitum
600 766 245 45 praecedens:
796 766 82 45 &
829 766 147 45 ipsum
927 766 180 45 sequens
1041 766 212 45 identifican

465 807 104 54 tur
524 807 89 54 in
569 807 163 54 specie.
687 807 74 54 â‹
717 807 163 54 Quamuis
835 807 177 54 autemita
968 807 104 54 sit
1027 807 177 54 secundum
1145 807 104 54 legen

463 856 222 55 communem:
634 856 137 55 deus
719 856 154 55 tamen
822 856 171 55 potest
941 856 171 55 facere
1061 856 137 55 quod
1129 856 120 55 anima

470 897 130 53 Lini
551 897 163 53 habeat
665 897 196 53 notitiam
812 897 179 53 eiusdem
942 897 228 53 specieicum
1105 897 147 53 notitia

471 949 168 46 angeli,
593 949 107 46 vel
654 949 260 46 perfectiorem.
868 949 183 46 Probatur
1006 949 122 46 haec
1067 949 183 46 propositio

471 987 213 54 aliquibus
634 987 245 54 suppositis.
831 987 164 54 Primum
945 987 131 54 est.
1027 987 131 54 omne
1092 987 164 54 accidens

464 1027 206 57 spirituale
626 1027 235 57 susceptibile
817 1027 88 57 in
861 1027 147 57 angelo
964 1027 73 57 /
993 1027 162 57 suscipi
1111 1027 103 57 non
1155 1027 103 57 repu-

478 1075 126 59 gnat
557 1075 95 59 in
604 1075 158 59 animo:
715 1075 79 59 &
746 1075 221 59 econuerso.
920 1075 142 59 sicut
1015 1075 95 59 si
1062 1075 126 59 deus
1125 1075 142 59 crearet

477 1120 174 46 materiam
608 1120 174 46 alterius
739 1120 174 46 speciei:
869 1120 116 46 illa
942 1120 131 46 esset
1029 1120 203 46 susceptiua
1174 1120 87 46 albe

480 1163 132 45 dinis
568 1163 73 45 &
597 1163 219 45 accidentium
773 1163 117 45 quae
846 1163 161 45 materia
963 1163 117 45 ista
1036 1163 190 45 suscipit,
1167 1163 88 45 quod

477 1210 104 51 sic
537 1210 179 51 declaro.
671 1210 75 51 a
701 1210 149 51 multis
805 1210 164 51 putatur
924 1210 119 51 quod
999 1210 149 51 albedo
1103 1210 75 51 &
1118 1210 149 51 acciden-

481 1254 107 53 tia
542 1254 214 53 corporalia
710 1254 122 53 toti
787 1254 199 53 composito
940 1254 214 53 inhaereant
1108 1254 138 53 primo
1200 1254 77 53 /
1215 1254 46 53 &

470 1294 114 47 non
535 1294 179 47 ratione
665 1294 212 47 materiae:
828 1294 114 47 ita
893 1294 98 47 vt
942 1294 114 47 non
1007 1294 146 47 solum
1104 1294 146 47 totum
1186 1294 81 47 com

479 1338 179 57 positum
609 1338 114 57 sit
674 1338 211 57 subiectum
836 1338 308 57 denominationis:
1096 1338 114 57 sed
1144 1338 114 57 etiam

483 1384 241 59 inhaesionis:
679 1384 75 59 &
709 1384 136 59 tamen
800 1384 106 59 est
860 1384 136 59 eadem
950 1384 151 59 albedo
1056 1384 151 59 specie
1161 1384 90 59 in
1192 1384 75 59 asi

479 1428 115 49 non
544 1428 82 49 &
577 1428 147 49 equo.
675 1428 180 49 Secunda
806 1428 246 49 propositio.
1003 1428 147 49 anima
1085 1428 180 49 concurrit

478 1470 120 58 vel
546 1470 239 58 concurrere
734 1470 171 58 potest
854 1470 103 58 ad
905 1470 154 58 omnen
1008 1470 154 58 actum
1110 1470 137 58 quem
1179 1470 85 58 sus

492 1516 160 54 cipere
604 1516 176 54 potest.
732 1516 160 54 Tertia
844 1516 240 54 propositio.
1037 1516 192 54 quicquid
1165 1516 96 54 deus

493 1559 154 48 potest
600 1559 169 48 causare
723 1559 108 48 cum
785 1559 138 48 causa
877 1559 169 48 secunda
1000 1559 77 48 /
1030 1559 154 48 potest
1123 1559 138 48 causare

479 1607 94 53 se
526 1607 141 53 solo.
620 1607 125 53 Tunc
698 1607 125 53 sic.
777 1607 141 53 Anima
871 1607 110 53 est
933 1607 219 53 susceptiua
1105 1607 141 53 actus
1184 1607 78 53 an-

479 1648 161 62 gelici
592 1648 113 62 per
656 1648 161 62 primam
768 1648 290 62 propositionem:
1010 1648 80 62 &
1042 1648 113 62 non
1090 1648 177 62 repugnat.

484 1697 169 49 animae
603 1697 102 49 ad
653 1697 119 49 eum
721 1697 237 49 concurrere
907 1697 119 49 per
975 1697 220 49 secundam:
1144 1697 85 49 &
1161 1697 102 49 deus

483 1745 155 50 potest
591 1745 186 50 supplere
730 1745 201 50 concursum
885 1745 155 50 angeli
993 1745 108 50 per
1055 1745 186 50 tertiam.
1179 1745 77 50 igi

476 1780 135 59 tur.
560 1780 151 59 Licet
661 1780 151 59 autem
762 1780 185 59 angelus
897 1780 118 59 sit
964 1780 151 59 magis
1048 1780 219 59 perceptiuus

484 1830 107 51 cum
545 1830 138 51 eodem
637 1830 123 51 actu
713 1830 123 51 quam
790 1830 169 51 animus:
913 1830 123 51 deus
989 1830 138 51 tamen
1081 1830 153 51 potest
1173 1830 92 51 supr

491 1871 143 57 plere
586 1871 238 57 impotentiam
777 1871 159 57 animi.
888 1871 159 57 Contra
1000 1871 143 57 totum
1095 1871 143 57 illud
1191 1871 111 57 ar-

496 1917 157 55 guitur.
610 1917 171 55 sequitur
739 1917 114 55 quod
810 1917 186 55 beatitudo
953 1917 114 55 siue
1024 1917 214 55 intellectus
1181 1917 86 55 siue

489 1968 220 46 voluntatis
662 1968 110 46 non
725 1968 110 46 sit
787 1968 173 46 optimus
913 1968 141 46 actus
1007 1968 235 46 possibilis.
1180 1968 94 46 pro-

489 2004 149 56 batur.
593 2004 104 56 nam
653 2004 119 56 deus
728 2004 149 56 potest
832 2004 149 56 creare
936 2004 238 56 perfectiorem
1130 2004 75 56 &
1145 2004 119 56 perfe-

495 2054 169 51 ctiorem
617 2054 261 51 beatitudinem.
832 2054 123 51 quia
909 2054 92 51 si
955 2054 153 51 dentur
1062 2054 107 51 duo
1124 2054 138 51 actus
1216 2054 92 51 in

487 2100 154 50 eadem
589 2100 222 50 potentia,
760 2100 171 50 vtpote
880 2100 256 50 intuitiones
1085 2100 120 50 vel
1136 2100 137 50 amores

482 2135 136 54 circa
572 2135 121 54 idem
648 2135 196 54 obiectum:
799 2135 166 54 possunt
920 2135 181 54 infiniti
1056 2135 166 54 similes
1161 2135 106 54 dari-

495 2182 161 52 Concedo
612 2182 146 52 illud,
715 2182 117 52 quod
788 2182 132 52 nulla
875 2182 102 52 sit
934 2182 190 52 beatitudo
1080 2182 146 52 creata
1168 2182 102 52 opti-

485 2225 88 49 ma
529 2225 219 49 possibilis.
704 2225 117 49 quod
777 2225 146 49 patet:
879 2225 117 49 quia
952 2225 102 49 non
1010 2225 102 49 est
1069 2225 146 49 status
1171 2225 88 49 in
1200 2225 73 49 sub

498 2265 146 54 lectis
600 2265 306 54 beatificabilibus.
862 2265 102 54 sed
921 2265 175 54 quolibet
1052 2265 146 54 angelo
1154 2265 116 54 dato
1212 2265 58 54 de

488 2324 95 44 us
536 2324 158 44 potest
646 2324 205 44 infinitos
804 2324 142 44 inter
898 2324 142 44 illum
993 2324 79 44 &
1024 2324 126 44 deum
1088 2324 173 44 producere

497 2364 82 47 &
529 2364 114 47 non
595 2364 147 47 erunt
693 2364 114 47 duo
758 2364 180 47 eiusdem
889 2364 196 47 speciei,
1035 2364 114 47 non
1101 2364 147 47 tamen
1182 2364 82 47 qua

487 2409 104 44 si
539 2409 156 44 putem
643 2409 139 44 deum
729 2409 121 44 non
799 2409 156 44 posse
903 2409 225 44 producere
1076 2409 139 44 duos
1146 2409 121 44 ange-

483 2444 106 52 los
543 2444 166 52 eiusdem
664 2444 181 52 speciei.
800 2444 121 52 ergo
875 2444 121 52 illa
951 2444 106 52 via
1011 2444 106 52 non
1072 2444 166 52 dabitur
1177 2444 91 52 opti

502 2499 95 47 mus
557 2499 122 47 actus
638 2499 190 47 possibilis
787 2499 68 47 /
815 2499 95 47 nec
869 2499 122 47 visio
950 2499 95 47 dei
1005 2499 68 47 /
1032 2499 95 47 nec
1086 2499 176 47 dilectio.
1208 2499 68 47 sem

506 2532 111 58 per
570 2532 159 58 loquor
681 2532 95 58 de
728 2532 174 58 creata.
855 2532 111 58 sed
918 2532 190 58 loquimur
1061 2532 190 58 secundum
1188 2532 79 58 le-

496 2578 121 59 gem
565 2578 173 59 quando
686 2578 243 59 admittimus
877 2578 277 59 beatitudinem
1103 2578 139 59 esse
1172 2578 104 59 opti

499 2635 119 43 mum
567 2635 154 43 actum
670 2635 256 43 possibilem.
874 2635 85 43 â‹
909 2635 171 43 Tertio
1011 2635 256 43 principaliter

495 2675 244 50 argumentor.
690 2675 196 50 quilibet
837 2675 163 50 beatus
951 2675 147 50 habet
1049 2675 212 50 infinitum
1196 2675 81 50 gau

490 2717 151 46 dium.
591 2717 134 46 modo
675 2717 168 46 nullum
792 2717 218 46 infinitum
960 2717 117 46 est
1027 2717 134 46 alio
1111 2717 151 46 maius
1195 2717 84 46 pro

492 2754 138 76 prie:
583 2754 122 76 ergo
660 2754 153 76 nullus
767 2754 168 76 proprie
889 2754 183 76 loquendo
1027 2754 107 76 est
1088 2754 122 76 alio
1149 2754 122 76 beati

1303 356 130 56 or.
1377 356 241 56 assumptum
1562 356 222 56 probatur
1728 356 259 56 supponendo
1932 356 148 56 vnam
2006 356 93 56 pro

1314 413 229 55 positionem
1494 413 180 55 Anselmi
1625 413 229 55 prosologi.
1804 413 115 55 xv.
1870 413 131 55 quod
1935 413 164 55 quilibet

1310 460 174 44 tantum
1431 460 208 44 gaudebit
1587 460 104 44 de
1639 460 174 44 gaudio
1761 460 208 44 alterius
1917 460 191 44 quantum
2039 460 69 44 de

1315 499 209 58 proprio.
1471 499 139 58 Tunc
1558 499 139 58 sic.
1645 499 157 58 signo
1750 499 139 58 duos
1837 499 174 58 beatos
1958 499 174 58 Sortem
2063 499 52 58 &

1315 543 203 48 Platonem
1467 543 135 48 nunc
1552 543 135 48 sibi
1636 543 237 48 obuiantes:
1822 543 135 48 nunc
1907 543 169 48 Sortes
2008 543 85 48 vi-

1313 586 112 59 det
1377 586 176 59 gaudium
1505 586 207 59 Platonis.
1664 586 176 59 dicatur
1792 586 144 59 illud
1888 586 96 59 a.
1935 586 160 59 gaudet
2031 586 64 59 de

1312 627 96 53 a.
1360 627 160 53 gaudio
1472 627 96 53 ac
1521 627 96 53 si
1569 627 128 53 ipse
1649 627 160 53 Sortes
1761 627 112 53 hoc
1825 627 193 53 haberet:
1970 627 80 53 &
1986 627 112 53 habet

1303 681 156 53 nouum
1406 681 190 53 gaudium
1545 681 156 53 super
1648 681 104 53 a.
1700 681 190 53 dicatur
1839 681 156 53 illud
1925 681 173 53 gaudiuns

1309 718 100 49 b.
1359 718 133 49 quod
1442 718 166 49 Sortes
1559 718 150 49 habet
1659 718 100 49 de
1709 718 150 49 nouo.
1809 718 100 49 b.
1858 718 183 49 gaudium
1992 718 100 49 in
2025 718 83 49 Pla

1312 764 133 53 tone
1395 764 183 53 generat
1528 764 149 53 nouum
1628 764 199 53 gaudium.
1777 764 183 53 dicatur
1910 764 100 53 c.
1960 764 83 53 &
1976 764 133 53 rursus

1319 808 158 58 Sortes
1430 808 95 58 de
1477 808 95 58 c.
1524 808 158 58 gaudio
1635 808 142 58 habet
1729 808 95 58 d.
1777 808 189 58 gaudium.
1919 808 79 58 &
1950 808 110 58 sic
1997 808 95 58 sini

1318 853 170 52 statu.
1437 853 85 52 â‹
1471 853 254 52 Respondetur
1674 853 271 52 multifariam.
1895 853 153 52 primo
1979 853 119 52 illud

1306 896 190 58 gaudium
1444 896 156 58 nihil
1548 896 156 58 facit
1651 896 104 58 ad
1703 896 294 58 beatitudinem.
1945 896 121 58 cum
1997 896 104 58 enim

1316 938 99 50 sit
1372 938 184 50 deriuatum
1514 938 71 50 a
1542 938 170 50 creatura
1669 938 184 50 immediate
1811 938 71 50 /
1839 938 99 50 est
1896 938 170 50 alterius
2009 938 99 50 ratio

1313 986 112 48 nis
1377 986 80 48 a
1409 986 160 48 gaudio
1521 986 176 48 causato
1648 986 80 48 a
1680 986 207 48 fruitione
1840 986 128 48 dei.
1919 986 176 48 Secundo
2031 986 80 48 di-

1318 1033 84 57 co
1360 1033 111 57 quod
1429 1033 111 57 illa
1499 1033 139 57 gaudia
1597 1033 111 57 sunt
1666 1033 167 57 alterius
1792 1033 70 57 &
1819 1033 167 57 alterius
1945 1033 167 57 speciei:
2056 1033 42 57 &

1322 1075 109 57 sic
1385 1075 109 57 non
1447 1075 94 57 se
1494 1075 219 57 intendunt.
1666 1075 234 57 quemadmodum
1854 1075 109 57 est
1916 1075 94 57 in
1948 1075 156 57 notitiis

1312 1124 183 49 reflexis:
1452 1124 84 49 vt
1495 1124 155 49 notitia
1607 1124 155 49 Sortis:
1720 1124 70 49 &
1748 1124 155 49 notitia
1860 1124 141 49 illius
1944 1124 155 49 notitiae.

1322 1161 131 57 Tertio
1413 1161 105 57 dico
1479 1161 105 57 quod
1544 1161 196 57 intellectus
1701 1161 91 57 est
1753 1161 144 57 finitae
1858 1161 196 57 capacitatis
2002 1161 91 57 acti-

1323 1213 119 49 uae:
1397 1213 74 49 &
1427 1213 119 49 stat
1501 1213 89 49 in
1546 1213 148 49 aliquo
1650 1213 163 49 gaudio:
1769 1213 134 49 sicut
1858 1213 104 49 est
1917 1213 148 49 certus
2006 1213 104 49 nume-

1312 1248 117 53 rus
1379 1248 234 53 notitiarum
1563 1248 234 53 reflexarum
1747 1248 134 53 quem
1831 1248 151 53 anima
1932 1248 167 53 potest
2032 1248 67 53 ha

1310 1297 142 51 bere.
1405 1297 158 51 Quarto
1515 1297 126 51 dico
1594 1297 126 51 quod
1673 1297 142 51 anima
1767 1297 110 51 non
1830 1297 158 51 fertur
1925 1297 173 51 distincte

1315 1343 102 49 in
1366 1343 136 49 ista
1451 1343 187 49 gaudia.
1587 1343 187 49 Quinto,
1724 1343 119 49 non
1792 1343 187 49 oportet
1928 1343 136 49 vnum
1996 1343 102 49 bea-

1322 1388 115 49 tum
1387 1388 230 49 cognoscere
1568 1388 181 49 gaudium
1700 1388 247 49 particulare
1897 1388 214 49 alterius.
2045 1388 66 49 Se

1325 1431 111 54 xto
1389 1431 127 54 dico
1468 1431 127 54 quod
1548 1431 159 54 Sortes
1659 1431 127 54 plus
1738 1431 159 54 gaudet
1850 1431 95 54 de
1897 1431 111 54 suo
1961 1431 159 54 gaudio
2056 1431 48 54 &

1326 1472 225 48 beatitudine
1506 1472 120 48 quam
1581 1472 90 48 de
1626 1472 225 48 beatitudine
1805 1472 195 48 Platonis.
1955 1472 105 48 nam
2015 1472 120 48 ordo

1323 1515 225 57 charitatis
1500 1515 113 57 quo
1564 1515 97 57 ad
1612 1515 113 57 hoc
1677 1515 113 57 non
1741 1515 177 57 mutatur
1870 1515 97 57 in
1918 1515 177 57 patria.
2047 1515 97 57 Ad

1322 1568 274 50 propositionem
1547 1568 145 50 autem
1644 1568 145 50 beati
1741 1568 177 50 Anselmi
1870 1568 193 50 sufficit
1998 1568 97 50 quod

1320 1610 94 53 in
1367 1610 156 53 patria
1476 1610 187 53 pallidus
1617 1610 109 53 cum
1679 1610 203 53 profundis
1835 1610 156 53 oculis
1944 1610 78 53 &
1976 1610 156 53 coilus
2069 1610 47 53 /

1322 1647 114 54 non
1387 1647 196 54 inuideat
1534 1647 179 54 Homero:
1664 1647 114 54 nec
1729 1647 147 54 poeta
1827 1647 179 54 poetae:
1957 1647 114 54 nec
2006 1647 114 54 reli-

1327 1695 146 62 giosus
1430 1695 205 62 religioso:
1591 1695 102 62 nec
1649 1695 219 62 licentiandi
1825 1695 219 62 baccalaures
2000 1695 88 62 in
2029 1695 88 62 theo

1323 1741 131 47 logia
1411 1741 117 47 sibi
1484 1741 175 47 inuicem:
1615 1741 131 47 sicut
1703 1741 88 47 in
1746 1741 102 47 hac
1805 1741 131 47 valle
1892 1741 190 47 miseriae.
2023 1741 88 47 nul-

1316 1780 117 60 lus
1383 1780 133 60 enim
1466 1780 100 60 in
1516 1780 167 60 patria
1633 1780 183 60 dolebit
1766 1780 133 60 suum
1849 1780 267 60 concurrentem
2049 1780 67 60 si

1326 1830 97 46 bi
1374 1830 226 46 praelatum.
1552 1830 145 46 illic
1649 1830 145 46 tamen
1746 1830 129 46 ordo
1826 1830 291 46 licentiandorum
2052 1830 65 46 ex

1324 1880 151 49 parte
1425 1880 235 49 charitatis
1610 1880 185 49 infusae
1744 1880 84 49 &
1778 1880 151 49 morum
1879 1880 151 49 capit
1963 1880 151 49 palmam:

1323 1916 104 51 hic
1383 1916 134 51 autem
1472 1916 89 51 ex
1516 1916 134 51 parte
1606 1916 193 51 scientiae
1754 1916 74 51 &
1784 1916 164 51 gratiae
1903 1916 149 51 gratis
1992 1916 119 51 datae:

1328 1962 78 52 &
1360 1962 295 52 rationabiliter.
1608 1962 109 52 Per
1670 1962 109 52 hoc
1732 1962 155 52 facile
1841 1962 217 52 respondere
1996 1962 109 52 potes

1328 2005 96 52 ad
1376 2005 319 52 eiusmodufformas:
1647 2005 112 52 est
1711 2005 176 52 gaudium
1839 2005 128 52 esse
1919 2005 96 52 in
1950 2005 160 52 beatitu-

1321 2051 140 46 dine
1409 2051 123 46 vno
1479 2051 140 46 die:
1567 2051 175 46 duplum
1690 2051 193 46 gaudium
1830 2051 175 46 habere
1936 2051 175 46 beatitu-

1330 2095 152 46 dinem
1432 2095 169 46 duobus
1550 2095 186 46 diebus:
1685 2095 186 46 triplum
1821 2095 169 46 tribus
1939 2095 186 46 diebus:
2057 2095 51 46 &

1333 2136 203 49 infinitum
1489 2136 172 49 gaudium
1614 2136 234 49 beatificari
1802 2136 203 49 perpetuo.
1958 2136 125 49 quia
2020 2136 78 49 non

1333 2182 102 54 est
1392 2182 175 54 reflexio
1523 2182 131 54 super
1610 2182 175 54 singulos
1741 2182 116 54 dies
1814 2182 87 54 in
1858 2182 233 54 particulari:
2032 2182 73 54 sed

1329 2227 125 48 vna
1401 2227 196 48 confusa
1543 2227 161 48 super
1650 2227 161 48 totum
1757 2227 196 48 tempus.
1900 2227 161 48 Vides
1989 2227 125 48 etiam

1334 2270 125 56 quod
1413 2270 188 56 anhelans
1553 2270 94 56 ad
1600 2270 203 56 beneficia
1757 2270 110 56 non
1819 2270 156 56 tantum
1929 2270 156 56 gaudet
2023 2270 78 56 ade

1341 2318 104 52 pto
1401 2318 164 52 secundo
1520 2318 179 52 aequalis
1654 2318 164 52 valoris
1773 2318 164 52 quantum
1892 2318 149 52 primo:
1997 2318 104 52 nec
2041 2318 60 52 in

1338 2366 150 47 tertio
1443 2366 90 47 vt
1488 2366 90 47 in
1533 2366 180 47 secundo.
1668 2366 105 47 cum
1729 2366 90 47 in
1774 2366 135 47 primo
1864 2366 105 47 sit
1924 2366 90 47 ei
1969 2366 105 47 iam
2014 2366 90 47 pro-

1329 2410 142 51 uisum
1424 2410 95 51 de
1471 2410 142 51 vita,
1566 2410 79 51 &
1597 2410 173 51 ponitur
1724 2410 173 51 iudicio
1850 2410 110 51 suo
1913 2410 95 51 in
1944 2410 158 51 honorem.

1330 2448 106 70 sic
1390 2448 106 70 est
1451 2448 90 70 in
1496 2448 211 70 proposito.
1662 2448 166 70 applica
1782 2448 90 70 tu
1828 2448 121 70 ipse
1888 2448 196 70 solutionem.

1395 2576 119 85 â‹
1443 2576 403 85 Distinctionis
1751 2576 356 85 Quadragesimae

1466 2645 221 80 nonae
1614 2645 294 80 Quaestio
1810 2645 294 80 Duodecima
