2278 3307
208 321 223 62 abbatibus.
384 321 80 62 ⁋
415 321 176 62 Secundo
543 321 207 62 arguitur.
703 321 176 62 Platina
830 321 96 62 in
862 321 112 62 vitis

201 384 159 57 summorum
320 384 186 57 pontificum
466 384 146 57 recitat
572 384 106 57 quod
638 384 172 57 Syluester
771 384 186 57 instituit:
903 384 80 57 quod

205 424 113 53 soli
275 424 169 53 episcopi
402 424 240 53 confirmarent:
600 424 99 53 qui
656 424 113 53 erat
726 424 113 53 anno
797 424 85 53 ab
839 424 113 53 orbe
895 424 85 53 rede

214 476 115 46 pto.
285 476 187 46 cccxxxix.
429 476 115 46 ergo
501 476 115 46 ante
572 476 143 46 licuit
673 476 158 46 omnibus
773 476 201 46 sacerdotibus

209 525 198 44 confirmare.
367 525 211 44 Respondetur.
538 525 119 44 moris
617 525 184 44 pontificum
762 525 92 44 est
815 525 132 44 crebro
894 525 79 44 prae

212 561 130 58 cipere
303 561 104 58 illa
368 561 104 58 quae
433 561 117 58 iuris
511 561 130 58 diuini
602 561 117 58 sunt.
681 561 91 58 sic
733 561 143 58 Platina
837 561 117 58 dicit
902 561 78 58 Syl-

212 609 152 47 uestrum
323 609 207 47 instituisse
489 609 111 47 quod
558 609 124 47 vnius
641 609 111 47 viri
710 609 124 47 vnica
793 609 124 47 esset
875 609 124 47 vxor:
945 609 41 47 &

210 648 133 68 tamen
299 648 104 68 hoc
358 648 148 68 liquet
462 648 118 68 esse
536 648 89 68 de
580 648 118 68 iure
640 648 133 68 diuino.

200 693 125 78 ⁋
250 693 300 78 Summatim
475 693 300 78 breuibus
701 693 275 78 sparsim
876 693 100 78 di

201 749 105 56 cta
261 749 270 56 perstringamus.
486 749 150 56 Primo:
591 749 225 56 confirmatio
770 749 105 56 est
815 749 150 56 sacramer

203 805 93 49 tum
256 805 119 49 nouae
335 805 119 49 legis
414 805 66 49 a
441 805 146 49 Christo
547 805 198 49 institutum.
705 805 132 49 solius
798 805 106 49 enim
864 805 93 49 dei
904 805 66 49 est

209 840 201 71 sacramenta
366 840 215 71 instituere:
538 840 115 71 quia
610 840 201 71 sacramenta
768 840 186 71 potissima
897 840 86 71 sunt

206 889 76 51 in
244 889 101 51 lege
307 889 151 51 gratiae.
421 889 151 51 Vlterius
534 889 139 51 dicitur
635 889 101 51 quod
698 889 151 51 parentes
812 889 177 51 paruulorum
938 889 38 51 &

211 937 170 56 episcopi
338 937 142 56 debent
438 937 128 56 circa
523 937 170 56 paruulos
650 937 213 56 cofirmandos
806 937 170 56 inuigilare

211 973 78 57 ne
250 973 130 57 gratia
341 973 234 57 confirmationis
536 973 221 57 defraudentur,
717 973 65 57 &
743 973 143 57 glersia
834 973 143 57 respondem

210 1023 87 61 ti.
259 1023 136 61 Amplius
358 1023 136 61 dicitur
457 1023 99 61 sola
519 1023 99 61 illa
580 1023 87 61 via
630 1023 99 61 esse
692 1023 148 61 tenenda:
803 1023 99 61 quod
852 1023 124 61 praecise

198 1068 83 63 ab
240 1068 166 63 episcopo
364 1068 207 63 confirmatio
529 1068 97 63 est
585 1068 138 63 danda.
681 1068 97 63 hoc
736 1068 110 63 enim
805 1068 83 63 ex
833 1068 138 63 apostolo

208 1120 96 53 rum
263 1120 152 53 factis,
374 1120 69 53 &
401 1120 193 53 pontificum
553 1120 289 53 determinationibus
787 1120 193 53 sufficienter

205 1157 226 63 concludimus.
389 1157 198 63 scintillam
544 1157 212 63 apparentiae
714 1157 99 63 non
770 1157 127 63 video
855 1157 85 63 in
883 1157 85 63 oppo

209 1203 147 49 situm.
312 1203 147 49 Beatus
415 1203 191 49 Gregorius
562 1203 103 49 aut
621 1203 162 49 poterat
738 1203 147 49 errori
826 1203 147 49 opposito

217 1244 180 49 assentire
356 1244 111 49 quod
425 1244 194 49 sacerdotes
577 1244 180 49 simplices
716 1244 152 49 possent
813 1244 166 49 confirmare

212 1293 125 51 sicut
295 1293 138 51 beatus
392 1293 180 51 Cyprianus
530 1293 69 51 &
558 1293 166 51 plerique
683 1293 138 51 sancti
779 1293 180 51 errarunt:
904 1293 69 51 vel

214 1333 89 60 pro
265 1333 139 60 tempore
366 1333 202 60 dissimulare:
530 1333 101 60 siue
594 1333 89 60 cum
644 1333 152 60 peccato:
758 1333 101 60 siue
821 1333 101 60 sine
872 1333 101 60 pecca-

202 1377 97 60 to:
258 1377 97 60 non
313 1377 153 60 refert.
424 1377 167 60 Vlterius
549 1377 153 60 dicitur
661 1377 111 60 quod
730 1377 208 60 confirmatus
883 1377 97 60 fidem

210 1429 148 47 melius
314 1429 178 47 protegit
448 1429 89 47 in
492 1429 178 47 periculo
626 1429 104 47 qui
685 1429 104 47 non
745 1429 223 47 confirmatus
908 1429 74 47 cae

206 1469 124 57 teris
289 1469 165 57 paribus.
413 1469 124 57 Ratio
495 1469 96 57 est
550 1469 110 57 quia
619 1469 110 57 plus
688 1469 124 57 habet
771 1469 165 57 auxilii:
881 1469 96 57 licet

197 1525 117 42 non
264 1525 233 42 infundatur
447 1525 183 42 aliquid
580 1525 100 42 in
630 1525 283 42 confirmatione
863 1525 100 42 ad
897 1525 83 42 hoc

208 1560 185 48 actiuum,
347 1560 139 48 sicut
439 1560 93 48 in
486 1560 201 48 baptismo:
640 1560 93 48 in
686 1560 108 48 quo
748 1560 139 48 fides
841 1560 154 48 infusa
934 1560 46 48 &

205 1599 141 58 multae
303 1599 127 58 aliae
388 1599 169 58 virtutes
515 1599 225 58 infunduntur.
698 1599 183 58 Character
838 1599 113 58 enim
895 1599 70 58 con

204 1643 224 72 firmationis
384 1643 105 72 non
443 1643 105 72 est
503 1643 135 72 magis
593 1643 165 72 actiuus
713 1643 120 72 quam
773 1643 194 72 baptismatis

208 1690 103 73 sed
267 1690 118 73 deus
341 1690 88 73 se
385 1690 118 73 solo
458 1690 220 73 coassistit,
634 1690 118 73 opem
708 1690 220 73 conferendo.

367 1743 131 71 lc
432 1743 174 71 duae
541 1743 218 71 breues
672 1743 305 71 dubitationes

353 1799 233 73 mouebuntur.
540 1799 156 73 quarum
649 1799 140 73 prior
743 1799 140 73 erit.
836 1799 93 73 An
867 1799 109 73 bapti

352 1847 122 60 smus
428 1847 107 60 sit
489 1847 137 60 maior
581 1847 275 60 confirmatione:
809 1847 92 60 an
840 1847 137 60 contra-

378 1890 140 52 Secunda
480 1890 165 52 dubitatio
607 1890 114 52 erit.
684 1890 76 52 an
722 1890 153 52 scienter
836 1890 89 52 bis
874 1890 102 52 trans-

206 1936 114 50 iens
277 1936 85 50 ad
319 1936 270 50 confirmationem,
547 1936 156 50 aliquam
660 1936 142 50 poenam
760 1936 185 50 canonicam
902 1936 99 50 in-

205 1980 161 53 currat.
322 1980 73 53 ⁋
352 1980 88 53 Ad
395 1980 161 53 priorem
512 1980 234 53 dubitationem
702 1980 175 53 dicitur.
834 1980 117 53 quod
892 1980 88 53 haec

202 2028 111 45 duo
265 2028 221 45 sacramenta
439 2028 95 45 se
487 2028 158 45 habent
598 2028 142 45 sicut
692 2028 190 45 excedens
835 2028 79 45 &
851 2028 127 45 exces:

211 2072 111 48 sum.
281 2072 209 48 confirmatio
448 2072 111 48 enim
517 2072 70 48 a
545 2072 111 48 solo
615 2072 167 48 episcopo
740 2072 139 48 potest
824 2072 153 48 conferri:

205 2117 108 56 sed
266 2117 201 56 baptismus
421 2117 108 56 est
482 2117 139 56 magis
575 2117 93 56 ad
621 2117 170 56 salutem
745 2117 247 56 necessarius:
930 2117 46 56 &

211 2164 179 53 arctiori
345 2164 164 53 vinculo
464 2164 89 53 ad
509 2164 104 53 sui
568 2164 238 53 susceptionem
762 2164 193 53 obligans:
896 2164 89 53 sine

207 2201 107 67 quo
268 2201 107 67 nec
329 2201 229 67 confirmatio
512 2201 107 67 nec
573 2201 122 67 ordo
650 2201 138 67 vllus
742 2201 183 67 conferri
864 2201 122 67 potest

209 2251 88 46 de
253 2251 132 46 lege.
341 2251 191 46 Propterea
488 2251 162 46 dicitur
606 2251 117 46 esse
679 2251 132 46 ianua
753 2251 220 46 sacramentorum

212 2298 79 52 ⁋
244 2298 94 52 Ad
291 2298 189 52 secundam
432 2298 252 52 dubitationem
637 2298 157 52 aliqui
747 2298 220 52 canonistae
904 2298 79 52 di-

212 2339 115 63 cunt
284 2339 115 63 quod
355 2339 115 63 sic:
427 2339 129 63 sicut
514 2339 101 63 bis
571 2339 187 63 transiens
715 2339 86 63 ad
758 2339 201 63 baptismum.
902 2339 72 63 Sed

211 2380 224 66 theologorum
390 2380 149 66 aliqui
494 2380 104 66 eos
554 2380 209 66 reprobant:
718 2380 149 66 quorum
822 2380 134 66 ratio
897 2380 75 66 est

207 2424 165 58 glossae
327 2424 105 58 non
387 2424 165 58 possunt
507 2424 105 58 per
567 2424 105 58 sua
628 2424 135 58 dicta
718 2424 150 58 poenam
808 2424 165 58 canonicam

210 2474 205 50 infligere:
372 2474 103 50 sed
430 2474 117 50 soli
504 2474 147 50 Romani
606 2474 220 50 pontifices:
782 2474 73 50 &
812 2474 103 50 cum
856 2474 117 50 poenae

205 2515 111 66 sint
275 2515 237 66 restringende:
470 2515 70 66 &
498 2515 70 66 a
525 2515 223 66 pontificibus
706 2515 125 66 illam
790 2515 139 66 poenam
874 2515 97 66 infli

218 2559 109 53 ctam
287 2559 109 53 esse
355 2559 82 53 no
396 2559 164 53 constet:
519 2559 192 53 existimant
670 2559 96 53 non
725 2559 109 53 esse
793 2559 96 53 sic
834 2559 137 53 dicendum

209 2604 164 59 Respondeo
336 2604 114 59 tamen
411 2604 88 59 cum
462 2604 177 59 canonistis
601 2604 76 59 in
638 2604 88 59 hac
689 2604 126 59 parte:
777 2604 101 59 quod
828 2604 151 59 incurritur

209 2652 130 58 eadem
295 2652 144 58 poena,
396 2652 173 58 scienter
525 2652 101 58 bis
583 2652 259 58 confirmationem
799 2652 216 58 accipiendo:

210 2689 122 53 quae
286 2689 76 53 &
317 2689 214 53 baptismum,
485 2689 107 53 nec
546 2689 138 53 dicta
638 2689 229 53 glossematum
821 2689 168 53 podero:
928 2689 46 53 &

217 2742 140 60 tateor
315 2742 140 60 poenas
413 2742 238 60 restringendas
610 2742 112 60 nisi
680 2742 84 60 de
722 2742 168 60 opposito
834 2742 140 60 constet:

1038 311 104 84 sed
1098 311 104 84 ita
1157 311 104 84 est
1217 311 119 84 hic:
1292 311 119 84 quia
1366 311 90 84 de
1411 311 179 84 opposito
1545 311 164 84 constat
1665 311 104 84 per
1710 311 119 84 deter-

1043 384 195 48 minationem
1196 384 167 48 concilii
1321 384 250 48 Tarraconensis,
1530 384 83 48 in
1572 384 97 48 ca.
1627 384 139 48 Dictum
1725 384 97 48 est
1766 384 56 48 no

1047 427 101 53 bis.
1111 427 76 53 de
1149 427 165 53 consecra.
1275 427 89 53 di.
1326 427 76 53 v.
1364 427 114 53 ponam
1440 427 114 53 autem
1516 427 114 53 totum
1592 427 114 53 caput
1668 427 101 53 quia
1731 427 114 53 ipsum

1057 471 101 50 est
1114 471 145 50 breue.
1216 471 145 50 Dictum
1317 471 101 50 est
1375 471 130 50 nobis
1461 471 116 50 quod
1534 471 145 50 quidam
1635 471 87 50 de
1678 471 130 50 plebe
1751 471 72 50 bis

1054 517 96 49 vel
1109 517 96 49 ter
1164 517 96 49 vel
1218 517 82 49 eo
1259 517 164 49 amplius:
1382 517 178 49 episcopis
1519 517 232 49 ignorantibus,
1711 517 82 49 ab
1738 517 82 49 eis-

1050 563 93 51 dem
1103 563 146 51 episois
1209 563 226 51 confirmentur.
1396 563 107 51 vnde
1462 563 120 51 visum
1542 563 93 51 est
1596 563 120 51 nobis
1676 563 133 51 eandem
1755 563 67 51 con

1045 604 232 48 firmationem
1230 604 139 48 sicut
1323 604 108 48 nec
1385 604 186 48 baptisma
1525 604 170 48 iterari
1649 604 155 48 minime
1742 604 77 48 de-

1039 649 124 49 bere:
1122 649 110 49 quia
1191 649 97 49 bis
1246 649 97 49 vel
1301 649 97 49 ter
1356 649 97 49 vel
1411 649 152 49 amplius
1522 649 193 49 baptizatos
1673 649 97 49 vel
1715 649 110 49 confir

1038 697 140 51 matos
1132 697 109 51 non
1194 697 171 51 saeculo
1319 697 109 51 sed
1381 697 124 51 soli
1459 697 109 51 deo
1521 697 109 51 sub
1583 697 156 51 habitu
1676 697 156 51 regulari

1055 740 98 55 vel
1111 740 181 55 clericali
1250 740 251 55 religiosissime
1460 740 168 55 famulari
1586 740 168 55 decretum
1697 740 84 55 est.

1538 918 267 96 Vcharistia
1729 918 95 96 est

1529 1000 161 54 tertium
1632 1000 190 54 sacramentum

1534 1045 89 54 in
1579 1045 164 54 ordine:
1698 1045 74 54 &
1713 1045 104 54 inter

1542 1088 162 55 caetera
1645 1088 177 55 sacramenta

1530 1131 261 57 excellentissimum
1739 1131 78 57 pro-

1531 1175 97 59 pter
1592 1175 183 59 existentiam
1726 1175 97 59 realem

1526 1223 164 53 corporis
1636 1223 178 53 besnedicti,

1526 1266 86 57 &
1560 1266 223 57 sanguinis
1714 1266 103 57 Chri

1534 1307 100 55 sti.
1596 1307 75 55 de
1633 1307 162 55 consecra.
1745 1307 75 55 dis.

1519 1356 99 55 v.
1569 1356 165 55 Nihil.
1685 1356 132 55 Hinc
1751 1356 66 55 ma

1514 1399 154 53 xima
1610 1399 154 53 pars
1687 1399 135 53 deuo-

1530 1439 129 58 tionis
1620 1439 77 58 in
1659 1439 154 58 ecclesia
1762 1439 64 58 est

1527 1491 179 50 propter
1657 1491 114 50 hoc
1706 1491 114 50 sacra

1048 1531 156 49 mentum.
1161 1531 128 49 plebs
1246 1531 114 49 enim
1317 1531 85 49 in
1360 1531 99 49 die
1417 1531 142 49 sancto
1516 1531 156 49 paschae
1630 1531 156 49 propter
1729 1531 85 49 eius

1044 1570 225 59 susceptionem
1227 1570 85 59 se
1269 1570 141 59 melius
1368 1570 70 59 &
1396 1570 183 59 feruidius
1537 1570 183 59 disponit:
1678 1570 113 59 quam
1734 1570 85 59 alio

1037 1622 190 50 tempore:
1179 1622 79 50 &
1211 1622 174 50 populus
1337 1622 174 50 deuotus
1464 1622 111 50 ter
1527 1622 111 50 vel
1590 1622 174 50 pluries
1700 1622 111 50 comu-

1044 1667 146 51 nicat:
1147 1667 73 51 &
1176 1667 161 51 audimus
1293 1667 146 51 missam
1396 1667 220 51 reuerentius
1571 1667 117 51 quam
1644 1667 190 51 vesperas:
1776 1667 44 51 &

1045 1702 182 61 veneramur
1185 1702 112 61 plus
1255 1702 182 61 ecclesias
1395 1702 154 61 propter
1506 1702 98 61 hoc
1562 1702 224 61 sacramentum,
1730 1702 84 61 quam

1048 1752 153 51 sacella
1159 1752 84 51 in
1201 1752 139 51 quibus
1299 1752 97 51 non
1354 1752 97 51 est
1410 1752 223 51 eucharistia.
1591 1752 97 51 Vis
1647 1752 125 51 autem
1717 1752 97 51 voca-

1038 1800 118 53 buli
1112 1800 104 53 hoc
1171 1800 148 53 sonat:
1275 1800 222 53 eucharistia
1453 1800 118 53 enim
1527 1800 163 53 graece,
1645 1800 148 53 latine
1734 1800 89 53 bona

1053 1843 123 54 gratia
1139 1843 148 54 dicitur.
1250 1843 123 54 prima,
1336 1843 172 54 quaestione
1471 1843 123 54 prima.
1557 1843 123 54 Multi.
1644 1843 74 54 In
1681 1843 111 54 aliis
1742 1843 74 54 item

1048 1885 204 51 sacramentis
1211 1885 122 51 datur
1293 1885 136 51 gratia
1388 1885 176 51 accidens:
1523 1885 95 51 hic
1578 1885 122 51 autem
1659 1885 136 51 corpus
1741 1885 81 51 Chri

1045 1926 101 56 sti
1102 1926 72 56 &
1131 1926 144 56 gratia
1232 1926 187 56 accidens.
1376 1926 101 56 Hoc
1433 1926 216 56 sacramentum
1606 1926 144 56 plures
1692 1926 130 56 figurae

1043 1967 269 65 praecesserunt:
1267 1967 90 65 vt
1312 1967 164 65 oblatio
1431 1967 134 65 panis
1521 1967 75 65 &
1550 1967 119 65 vini
1610 1967 209 65 Melchisedech

1042 2016 137 63 Gene.
1133 2016 152 63 xiiii.
1239 2016 91 63 In
1285 2016 121 63 agno
1361 2016 197 63 paschali.
1512 2016 152 63 Exodi.
1619 2016 121 63 xii.
1695 2016 91 63 In
1725 2016 91 63 man-

1044 2057 101 53 na.
1101 2057 130 53 Exod.
1188 2057 116 53 xvi.
1261 2057 87 53 In
1304 2057 116 53 fauo
1377 2057 145 53 mellis
1478 2057 72 53 /
1507 2057 116 53 quod
1580 2057 174 53 lonathas
1696 2057 130 53 conver-

1048 2105 98 50 tit
1104 2105 84 50 ad
1146 2105 84 50 os
1188 2105 126 50 suum.
1273 2105 84 50 i.
1315 2105 140 50 Regum.
1413 2105 140 50 xiiii.
1511 2105 84 50 In
1553 2105 126 50 fluxu
1638 2105 126 50 aquae
1722 2105 70 50 &
1736 2105 84 50 san-

1055 2148 134 64 guinis
1148 2148 80 64 de
1188 2148 134 64 latere
1282 2148 160 64 Christi.
1402 2148 160 64 loannis.
1522 2148 107 64 xix.
1589 2148 107 64 ltem
1642 2148 174 64 sacrificium

1051 2194 201 54 oblationis
1208 2194 143 54 quando
1309 2194 172 54 pontifex
1438 2194 172 54 intrabat
1567 2194 129 54 semel
1653 2194 86 54 in
1696 2194 115 54 anno
1753 2194 72 54 cum

1047 2240 184 53 sanguine
1185 2240 92 53 in
1231 2240 153 53 sancta
1338 2240 214 53 sanctorum.
1506 2240 123 53 quam
1583 2240 169 53 figuram
1690 2240 138 53 adduxit

1047 2280 163 63 apostols
1170 2280 82 63 ad
1211 2280 136 63 Hebre.
1306 2280 95 63 ix.
1360 2280 82 63 In
1401 2280 95 63 hoc
1456 2280 136 63 itaque
1551 2280 191 63 sacramento
1687 2280 136 63 speciali

1049 2328 97 59 ter
1104 2328 97 59 est
1160 2328 124 59 deus:
1242 2328 69 59 &
1270 2328 152 59 Christi
1380 2328 235 59 sacratissimum
1574 2328 152 59 corpus.
1670 2328 152 59 Propterea

1045 2365 120 58 omnia
1125 2365 107 58 alia
1191 2365 186 58 sacramenta
1338 2365 80 58 in
1378 2365 173 58 dignitate
1511 2365 173 58 excellit.
1644 2365 120 58 Dixi(
1710 2365 107 58 spanli

1050 2419 94 51 ter
1103 2419 94 51 cum
1157 2419 134 51 vbique
1251 2419 148 51 locorum
1359 2419 94 51 sit
1412 2419 94 51 dei
1466 2419 175 51 essentia:
1601 2419 67 51 &
1627 2419 94 51 per
1668 2419 161 51 consequens

1045 2465 83 46 in
1087 2465 180 46 baptismo:
1225 2465 97 46 sed
1281 2465 97 46 non
1336 2465 180 46 spanliter
1475 2465 125 46 sicut
1558 2465 97 46 est
1614 2465 111 46 hic.
1683 2465 69 46 ⁋
1697 2465 125 46 Propter

1053 2501 139 68 plures
1151 2501 125 68 autem
1234 2501 223 68 proprietates
1415 2501 111 68 huic
1485 2501 195 68 sacramento
1624 2501 195 68 convenientes

1052 2547 148 63 pluribus
1162 2547 148 63 nomnibus
1273 2547 184 63 appellatur.
1421 2547 135 63 hostia,
1519 2547 98 63 quia
1580 2547 148 63 offertur
1691 2547 86 63 deo
1728 2547 86 63 patri

1059 2590 213 54 eucharistia,
1232 2590 106 54 quia
1298 2590 160 54 continet
1418 2590 120 54 ipsum
1498 2590 106 54 quid
1564 2590 93 54 est
1617 2590 133 54 plenus
1697 2590 120 54 gratia.

1051 2640 122 50 tuxero
1136 2640 61 50 /
1160 2640 85 50 sio
1209 2640 97 50 enim
1270 2640 134 50 dicitur
1367 2640 73 50 ab
1403 2640 97 50 euim
1464 2640 97 50 quod
1525 2640 85 50 est
1574 2640 109 50 bonu,
1647 2640 61 50 &
1671 2640 109 50 xxvio
1732 2640 97 50 gratia

1056 2675 160 62 Secundum
1176 2675 107 62 quod
1243 2675 94 62 est
1296 2675 134 62 signum
1390 2675 227 62 rememoratiuum
1577 2675 174 62 passionis
1697 2675 120 62 Christi

1043 2719 142 61 iuxta
1138 2719 174 61 madatum
1265 2719 174 61 eiusdem
1391 2719 95 61 in
1439 2719 158 61 vltima
1549 2719 158 61 coena,
1660 2719 111 61 Hoc
1707 2719 127 61 facite
