2352 3322
488 326 85 60 in
530 326 113 60 meam
601 326 282 60 commemorationem,
840 326 155 60 vocatur
953 326 225 60 sacrificium.
1122 326 141 60 secundum

487 379 122 52 autem
569 379 109 52 quod
637 379 95 52 est
691 379 136 52 signum
786 379 244 52 demonstratiuum
990 379 163 52 vnitatis
1098 379 163 52 ecclesiae:

482 424 93 49 cui
535 424 146 49 homines
641 424 199 49 aggregantur
800 424 93 49 per
853 424 133 49 ipsum,
946 424 146 49 dicitur
1052 424 172 49 communio.
1171 424 93 49 prout

489 467 93 47 est
542 467 253 47 praefiguratiuum
755 467 147 47 diuinae
862 467 187 47 fruitionis
1009 467 80 47 in
1049 467 147 47 patria,
1142 467 120 47 dicitur

502 510 179 53 viaticum:
640 510 110 53 quia
709 510 110 53 viam
778 510 124 53 nobis
861 510 152 53 praebet
971 510 83 53 ad
1013 510 152 53 patriam
1109 510 152 53 veniendi-

486 558 176 55 Caeterum
619 558 176 55 Magister
751 558 235 55 sententiarum
942 558 147 55 tertio
1045 558 118 55 loco
1118 558 103 55 hoc
1162 558 103 55 sacra

477 599 147 51 mentum
580 599 176 51 statuit:
712 599 73 51 &
742 599 88 51 de
786 599 88 51 eo
830 599 103 51 sex
888 599 250 51 distinctiones
1094 599 161 51 posuit,
1197 599 73 51 nu-

487 646 152 53 merus
589 646 135 53 enim
673 646 220 53 ternarius
842 646 135 53 apud
927 646 271 53 Arithmeticos
1130 646 135 53 maxime

489 689 207 50 laudatur.
648 689 143 50 Necte
743 689 159 50 tribus
855 689 159 50 nodis:
966 689 159 50 numero
1077 689 127 50 deus
1141 689 127 50 impare

495 736 176 57 gaudet:
623 736 160 57 inquit
734 736 160 57 poeta.
846 736 223 57 Triangulus
1022 736 144 57 habet
1117 736 128 57 tres
1181 736 96 57 angu

490 781 95 50 los
545 781 163 50 aequales
667 781 136 50 duobus
762 781 149 50 rectis.
870 781 109 50 tres
938 781 122 50 autem
1020 781 163 50 personae
1142 781 81 50 in
1169 781 95 50 diui-

489 824 102 51 nis
548 824 87 51 se
591 824 146 51 habent
693 824 131 51 sicut
781 824 146 51 anguli
883 824 146 51 recti.
985 824 131 51 sicut
1072 824 117 51 enim
1145 824 131 51 forma
1218 824 58 51 re

484 866 143 54 ctorum
584 866 171 54 secundum
712 866 185 54 geometras
854 866 185 54 consistit
997 866 86 54 in
1040 866 242 54 indiuisibili:
1225 866 43 54 &

496 918 125 45 omnes
579 918 111 45 sunt
649 918 180 45 aequales:
787 918 97 45 ita
843 918 97 45 est
898 918 83 45 de
939 918 166 45 personis
1064 918 83 45 in
1106 918 166 45 diuinis.
1217 918 55 45 Ex

490 951 156 66 omnibus
603 951 170 66 partibus
730 951 113 66 eius
801 951 156 66 constat
914 951 170 66 aliquota
1042 951 71 66 &
1070 951 99 66 non
1112 951 156 66 aliquota.

491 994 142 55 Golias
590 994 184 55 praeterea
732 994 142 55 tertio
831 994 113 55 ictu
902 994 199 55 prostratus
1058 994 113 55 est.
1129 994 142 55 Moyses
1214 994 57 55 ma

494 1050 111 48 gos
558 1050 206 48 Pharaonis
716 1050 159 48 tertio
827 1050 143 48 signo
922 1050 190 48 supauit.
1065 1050 95 48 De
1112 1050 159 48 tribus
1208 1050 63 48 di

480 1088 139 47 cimus
572 1088 139 47 omne:
665 1088 139 47 primo
757 1088 154 47 caeli.
866 1088 201 47 Funiculus
1020 1088 170 47 triplex
1128 1088 139 47 diffici

481 1128 83 63 le
523 1128 180 63 rumpitur.
662 1128 111 63 Tres
731 1128 111 63 sunt
800 1128 97 63 qui
856 1128 208 63 testimonium
1022 1128 111 63 dant
1092 1128 83 63 in
1133 1128 139 63 caelo:
1217 1128 56 63 pa

491 1179 103 52 ter:
556 1179 142 52 verbum:
659 1179 64 52 &
684 1179 155 52 spiritus
800 1179 155 52 sanctus,
916 1179 64 52 &
942 1179 77 52 hi
981 1179 103 52 tres
1045 1179 103 52 vnum
1109 1179 116 52 sunt.
1187 1179 77 52 i.
1212 1179 52 52 Io

488 1223 137 56 annis.
584 1223 82 56 v.
625 1223 123 56 Ionas
707 1223 109 56 fuit
776 1223 82 56 in
817 1223 137 56 ventre
912 1223 109 56 ceti
981 1223 137 56 tribus
1077 1223 150 56 diebus.
1172 1223 96 56 Ionae

486 1260 109 58 ii.
549 1260 78 58 &
580 1260 202 58 Matthaei.
735 1260 124 58 xii.
813 1260 155 58 Moyses
921 1260 155 58 voluit
1030 1260 171 58 populum
1139 1260 124 58 ducere

483 1306 80 61 in
523 1306 161 61 desertum
644 1306 148 61 itinere
751 1306 121 61 trium
831 1306 148 61 dierum.
939 1306 121 61 Exod.
1019 1306 107 61 iii.
1086 1306 161 61 Senarius
1194 1306 80 61 insu

488 1353 100 52 per
545 1353 100 52 est
602 1353 157 52 numerus
716 1353 200 52 perfectus.
874 1353 100 52 hoc
931 1353 143 52 patet.
1031 1353 114 52 quia
1102 1353 114 52 omns
1160 1353 114 52 partes

485 1398 157 57 aliquotae
606 1398 133 57 reddunt
703 1398 109 57 ipsum
775 1398 109 57 totum
848 1398 145 57 scilicet
957 1398 85 57 sex
1005 1398 218 57 distinctiones.
1186 1398 60 57 &
1199 1398 60 57 sex

485 1438 272 58 distinctiones
709 1438 80 58 &
741 1438 176 58 tertius
869 1438 144 58 locus
966 1438 176 58 reddunt
1094 1438 160 58 nouem:
1190 1438 80 58 qui

493 1488 106 53 est
553 1488 197 53 quadratus
705 1488 167 53 numerus
826 1488 76 53 &
856 1488 257 53 nobilissimus:
1068 1488 121 53 quia
1144 1488 91 53 ex
1174 1488 91 53 tri-

487 1532 138 52 gonis
578 1532 153 52 tribus
685 1532 214 52 resultans,
853 1532 76 52 &
884 1532 153 52 radix.
991 1532 153 52 lxxxi.
1098 1532 153 52 numeri
1190 1532 76 52 non

483 1578 260 44 illaudabilis
694 1578 130 44 apud
775 1578 276 44 mathematicos.
1035 1578 130 44 Ecce
1116 1578 146 44 huius
1197 1578 65 44 sa

488 1615 169 64 cramenti
615 1615 226 64 excellentiam
798 1615 85 64 ob
841 1615 99 64 rem
897 1615 183 64 contentam
1038 1615 71 64 &
1066 1615 155 64 figuras
1179 1615 85 64 in
1208 1615 56 64 le

485 1662 86 54 ge
528 1662 158 54 Mosaica
642 1662 115 54 quae
714 1662 100 54 hoc
771 1662 215 54 sacramentum
943 1662 215 54 figurabant:
1115 1662 115 54 quod
1173 1662 100 54 Chri-

491 1713 114 46 stus
562 1713 85 46 in
605 1713 171 46 discessu
733 1713 100 46 suo
790 1713 171 46 secundum
918 1713 142 46 corpus
1018 1713 199 46 instituit:
1174 1713 71 46 &
1189 1713 85 46 quod

487 1753 151 60 nobilem
597 1753 151 60 ordinem
708 1753 96 60 tam
763 1753 83 60 in
804 1753 138 60 ordine
900 1753 234 60 sacramentorum
1093 1753 110 60 quam
1148 1753 124 60 distin-

481 1795 158 60 ctionum
596 1795 72 60 a
624 1795 172 60 magistro
754 1795 144 60 nactum
854 1795 115 60 est:
926 1795 115 60 siue
998 1795 86 60 ex
1041 1795 201 60 industria:
1185 1795 86 60 siue

491 1835 244 57 inaduertenter
691 1835 100 57 hoc
749 1835 186 57 posuerit,
892 1835 143 57 refert
978 1835 115 57 nihil.

888 2040 239 78 Vaeritur
1068 2040 120 78 an
1127 2040 140 78 sit
1187 2040 80 78 po

878 2101 154 60 nenda
980 2101 154 60 forma
1083 2101 103 60 in
1134 2101 120 60 hoc
1186 2101 85 60 sa-

879 2150 183 57 cramento
1016 2150 137 57 sicut
1108 2150 92 57 in
1138 2150 122 57 caete-

874 2193 109 63 ris.
943 2193 150 63 Videtur
1052 2193 177 63 aliquibus
1174 2193 82 63 quod

871 2236 122 60 non:
947 2236 122 60 quia
1024 2236 107 60 hoc
1070 2236 184 60 sacramentu

876 2282 107 59 est
937 2282 107 59 res
998 2282 214 59 permanens.
1151 2282 107 59 verba

855 2309 133 77 autem
944 2309 118 77 sunt
1018 2309 103 77 res
1062 2309 207 77 successiuae:

852 2364 119 59 sed
920 2364 119 59 hic
988 2364 153 59 verba
1090 2364 136 59 sunt
1158 2364 102 59 for-

788 2414 72 55 m
816 2414 72 55 (
845 2414 86 55 ma
888 2414 272 55 consecrationis:
1117 2414 115 55 ista
1174 2414 86 55 enim

477 2461 226 52 consecratio
657 2461 135 52 solum
748 2461 105 52 est
808 2461 90 52 in
853 2461 150 52 fieri.
958 2461 135 52 lstud
1048 2461 120 52 apud
1124 2461 90 52 me
1154 2461 105 52 locum

480 2508 111 47 non
543 2508 158 47 habet:
654 2508 126 47 quia
733 2508 205 47 baptismus
891 2508 79 47 &
922 2508 237 47 confirmatio
1112 2508 126 47 sunt
1175 2508 79 47 res

481 2551 247 59 permanentes:
682 2551 124 59 quia
759 2551 124 59 haec
836 2551 186 59 chrisma:
975 2551 139 59 ille,
1068 2551 139 59 aqua.
1145 2551 124 59 Loquor

486 2595 140 51 autem
580 2595 155 51 (sicut
688 2595 109 51 hic
750 2595 217 51 accipimus)
921 2595 93 51 de
968 2595 140 51 forma
1046 2595 217 51 metaphorica.

480 2640 136 45 verba
570 2640 121 45 sunt
646 2640 151 45 forma:
752 2640 136 45 panis
842 2640 196 45 triticeus
993 2640 75 45 &
1023 2640 151 45 vinum,
1114 2640 151 45 materia.

482 2673 115 68 Nec
547 2673 115 68 est
613 2673 181 68 necesse
745 2673 165 68 formam
861 2673 264 68 metaphoricam
1075 2673 165 68 manere
1174 2673 82 68 cum

472 2723 167 81 materia
594 2723 167 81 quamdiu
715 2723 107 81 hoc
776 2723 228 81 sacramentum
959 2723 122 81 est.
1035 2723 107 81 Nec
1096 2723 152 81 rursus
1187 2723 76 81 in

1319 331 191 58 convenit
1462 331 191 58 materiam
1605 331 254 58 metaphoricam
1812 331 111 58 cum
1876 331 127 58 toto
1939 331 175 58 coincide-

1321 389 98 58 re:
1377 389 126 58 sicut
1461 389 84 58 in
1503 389 252 58 artificialibus
1713 389 154 58 dicimus
1825 389 126 58 ligna
1909 389 112 58 esse
1965 389 140 58 materiam

1331 431 130 66 arcae:
1422 431 117 66 quaem
1500 431 247 66 praesupponuntur
1708 431 78 66 ad
1746 431 91 66 hoc
1798 431 78 66 vt
1837 431 182 66 compleatur
1980 431 117 66 arca:
2045 431 65 66 quo

1325 472 94 61 non
1378 472 161 61 obstante
1499 472 108 61 haec
1567 472 94 61 est
1621 472 121 61 vera:
1701 472 108 61 arca
1769 472 94 61 est
1822 472 135 61 ligna,
1917 472 94 61 non
1970 472 108 61 enim
2024 472 81 61 pono

1326 520 91 63 res
1378 520 207 63 artificiales
1546 520 65 63 a
1572 520 194 63 naturalibus
1727 520 181 63 distingui.
1869 520 91 63 Hic
1921 520 129 63 igitur
1999 520 103 63 prola-

1327 564 103 58 tis
1386 564 147 58 verbis
1489 564 132 58 manet
1577 564 220 58 sacramentum
1753 564 235 58 eucharistiae
1944 564 118 58 post
2003 564 103 58 conse

1328 613 176 58 crationem:
1466 613 150 58 interdum
1579 613 75 58 ad
1617 613 100 58 vnum
1680 613 100 58 diem
1742 613 100 58 vel.
1805 613 113 58 viii.
1880 613 138 58 quamdiu
1981 613 113 58 illae
2043 613 63 58 spe

1327 655 116 57 cies
1400 655 204 57 mansissent
1560 655 102 57 non
1619 655 189 57 corruptae
1764 655 102 57 cum
1822 655 204 57 substantia
1983 655 131 57 panis
2055 655 44 57 &

1344 695 117 64 rini.
1422 695 117 64 lstud
1500 695 117 64 autem
1578 695 117 64 nobis
1656 695 156 64 constat:
1773 695 104 64 quia
1838 695 117 64 super
1916 695 130 64 eandem
1994 695 117 64 hostiam

1318 747 106 58 non
1378 747 166 58 dicimus
1499 747 151 58 iterum
1605 747 151 58 verba:
1710 747 106 58 sed
1771 747 106 58 cum
1831 747 136 58 eadem
1922 747 121 58 aqua
1982 747 121 58 numero

1337 785 222 59 proferimus
1512 785 159 59 rursus
1623 785 143 59 verba
1718 785 95 59 in
1766 785 206 59 baptismo.
1924 785 79 59 &
1956 785 111 59 sic
2004 785 95 59 aqua

1330 836 160 46 pluries
1446 836 160 46 incipit
1562 836 116 46 esse
1634 836 203 46 baptismus:
1794 836 73 46 &
1823 836 102 46 non
1881 836 160 46 pluries
1997 836 131 46 aqua.

1333 868 103 62 Nec
1392 868 191 62 sequitur.
1539 868 118 62 aqua
1613 868 162 62 incipit
1731 868 118 62 esse
1804 868 147 62 quater
1908 868 206 62 baptismus:
2055 868 44 62 &

1327 918 125 68 omnis
1410 918 181 68 baptismus
1549 918 97 68 est
1605 918 125 68 aqua:
1688 918 111 68 ergo
1758 918 111 68 aqua
1827 918 153 68 incipit
1938 918 111 68 esse
1994 918 111 68 quater

1331 969 128 52 aqua,
1416 969 100 52 nec
1473 969 100 52 est
1530 969 185 52 discursus
1672 969 85 52 in
1715 969 142 52 quarta
1814 969 142 52 figura
1914 969 171 52 secundum
2028 969 71 52 po-

1334 1002 137 70 nentes
1430 1002 109 70 eam.
1498 1002 82 70 vt
1539 1002 123 70 patet
1621 1002 219 70 intelligenti
1785 1002 137 70 logicam.

1369 1068 281 69 Eucharistia
1594 1068 169 69 autem
1706 1068 131 69 sic
1781 1068 263 69 definitur.
1969 1068 131 69 Eucha

1327 1134 141 50 ristia
1426 1134 99 50 est
1482 1134 212 50 sacramentum
1651 1134 99 50 sub
1708 1134 183 50 speciebus
1849 1134 127 50 panis
1934 1134 71 50 &
1962 1134 127 50 vini,
2032 1134 71 50 vel

1343 1171 125 68 panis
1427 1171 98 68 vel
1482 1171 125 68 vini:
1566 1171 139 68 corpus
1664 1171 153 68 Curisti
1775 1171 70 68 &
1803 1171 181 68 sanguinem
1929 1171 167 68 continens.

1336 1215 224 61 Sacramentum
1516 1215 105 61 est
1575 1215 239 61 quiditatiuum
1770 1215 135 61 genus
1860 1215 90 61 ad
1905 1215 180 61 terminum
2024 1215 75 61 eu-

1331 1262 196 65 charistia:
1485 1262 210 65 sacramentum
1653 1262 112 65 enim
1723 1262 98 65 pro
1779 1262 126 65 signo
1863 1262 182 65 sensibili
1989 1262 112 65 suppo-

1329 1304 88 57 nit
1380 1304 176 57 connotando
1518 1304 88 57 rem
1569 1304 126 57 sacram
1657 1304 101 57 dari
1720 1304 138 57 quantum
1820 1304 88 57 est
1871 1304 76 57 ex
1909 1304 113 57 parte
1984 1304 113 57 eius:
2047 1304 63 57 eu-

1331 1350 184 66 charistia
1473 1350 128 66 autem
1558 1350 128 66 habet
1643 1350 241 66 connotationem
1841 1350 213 66 inferiorem:
1998 1350 113 66 suppo-

1333 1394 97 57 nit
1388 1394 110 57 enim
1457 1394 97 57 pro
1513 1394 179 57 speciebus
1651 1394 124 57 panis
1733 1394 69 57 &
1761 1394 110 57 vini
1830 1394 193 57 copulatim:
1982 1394 124 57 etiam
2051 1394 55 57 di

1325 1439 138 60 uisim,
1422 1439 179 60 conotando
1559 1439 110 60 quod
1628 1439 138 60 corpus
1725 1439 151 60 Curisti
1835 1439 138 60 sacrum
1931 1439 96 60 ibi
1972 1439 138 60 continea

1318 1484 115 67 tur.
1389 1484 186 67 similiter
1533 1484 86 67 de
1576 1484 186 67 sanguine.
1719 1484 158 67 Ponitur
1834 1484 115 67 (sub
1905 1484 186 67 speciebus
2034 1484 72 67 pa-

1328 1527 97 58 nis
1384 1527 69 58 &
1411 1527 125 58 vini)
1494 1527 111 58 loco
1563 1527 221 58 differentiae
1743 1527 235 58 accidentalis:
1937 1527 97 58 per
1992 1527 97 58 hoc
2034 1527 83 58 enim

1324 1577 168 49 differt
1446 1577 77 49 a
1477 1577 184 49 baptismo
1614 1577 77 49 &
1645 1577 184 49 caeteris
1783 1577 245 49 sacramentis.
1966 1577 138 49 Ponitur

1332 1619 215 53 coniunctio
1501 1619 215 53 copulatiua
1670 1619 77 53 &
1700 1619 246 53 disiunctiua:
1900 1619 92 53 ad
1931 1619 169 53 insinuan-

1332 1661 92 62 dum
1384 1661 105 62 quod
1450 1661 105 62 ille
1516 1661 157 62 terminus
1634 1661 197 62 eucharistia
1791 1661 157 62 supponit
1909 1661 92 62 pro
1962 1661 118 62 illis
2027 1661 79 62 copu

1318 1708 135 65 latim:
1413 1708 108 65 immo
1481 1708 95 65 pro
1535 1708 122 65 mille
1616 1708 149 65 hostiis
1724 1708 122 65 simul
1805 1708 162 65 iunctis:
1927 1708 95 65 vel
1981 1708 95 65 pro
2022 1708 81 65 alte

1325 1755 76 53 ro
1363 1755 153 53 illorum:
1478 1755 140 53 capitur
1580 1755 102 53 enim
1643 1755 102 53 (et)
1707 1755 178 53 collectiue
1847 1755 64 53 &
1872 1755 165 53 diuisiue:
1999 1755 89 53 nec
2037 1755 64 53 con

1331 1803 115 53 uenit
1408 1803 140 53 omnibus
1510 1803 166 53 speciebus
1637 1803 102 53 vini
1701 1803 89 53 vel
1751 1803 127 53 panis:
1841 1803 102 53 quia
1904 1803 89 53 non
1955 1803 115 53 omnes
2019 1803 89 53 tales

1321 1844 119 57 sunt
1395 1844 238 57 sacramentum:
1588 1844 74 57 &
1618 1844 104 57 sic
1677 1844 134 57 genus
1767 1844 178 57 definiti
1900 1844 134 57 facit
1974 1844 134 57 defini-

1316 1888 96 47 tum
1371 1888 82 47 ab
1412 1888 123 47 aliis
1494 1888 177 47 arguitiue
1630 1888 177 47 differre.
1767 1888 109 47 Haec
1835 1888 123 47 autem
1917 1888 177 47 definitio
2040 1888 68 47 non

1328 1934 213 57 conuertitur
1498 1934 99 57 cum
1555 1934 170 57 definito
1682 1934 170 57 mediante
1810 1934 142 57 copula
1909 1934 85 57 de
1938 1934 170 57 possibili.

1318 1975 117 64 deus
1391 1975 117 64 enim
1464 1975 146 64 potest
1567 1975 117 64 dare
1640 1975 117 64 suum
1713 1975 146 64 corpus
1815 1975 102 64 sub
1873 1975 131 64 aliis
1946 1975 161 64 speciebus

1322 2018 78 64 si
1361 2018 130 64 velit:
1452 2018 91 64 sed
1504 2018 91 64 non
1556 2018 143 64 faciet:
1660 2018 104 64 quia
1724 2018 91 64 est
1776 2018 143 64 aeterni
1880 2018 195 64 testamenti.
2036 2018 65 64 &
2049 2018 65 64 hoc

1321 2064 178 52 sufficit
1455 2064 178 52 theologo
1588 2064 89 52 in
1633 2064 133 52 istis
1722 2064 297 52 descriptionibus.
1974 2064 163 52 Secundo

1330 2104 192 66 definitur
1478 2104 103 66 sic
1537 2104 222 66 definitione
1714 2104 148 66 imagis
1818 2104 207 66 explicante
1965 2104 148 66 materiam

1328 2150 175 68 definiti.
1462 2150 202 68 Eucharistia
1624 2150 94 68 est
1677 2150 175 68 spoiriens
1812 2150 121 68 panis
1893 2150 67 68 &
1920 2150 121 68 vini:
2000 2150 94 68 vel
2041 2150 67 68 pa-

1319 2203 99 55 nis
1375 2203 99 55 vel
1432 2203 113 55 vini
1502 2203 99 55 cum
1558 2203 141 55 certis
1657 2203 141 55 verbis
1755 2203 169 55 prolatis
1882 2203 70 55 a
1910 2203 183 55 sacerdote
2037 2203 70 55 in-

1319 2248 163 58 tendente
1441 2248 136 58 facere
1536 2248 108 58 quod
1604 2248 163 58 ecclesia
1726 2248 163 58 intedit.
1848 2248 81 58 Et
1889 2248 95 58 per
1943 2248 122 58 certa
2011 2248 95 58 verba

1326 2289 168 60 intelligo
1455 2289 142 60 formam:
1558 2289 103 60 quam
1623 2289 142 60 propter
1726 2289 206 60 prolixitatem
1894 2289 168 60 euitandam
2023 2289 77 60 (&
2048 2289 52 60 po

1324 2338 175 55 tissimum
1456 2338 88 55 in
1500 2338 278 55 definitionibus)
1734 2338 146 55 missam
1836 2338 146 55 facio:
1938 2338 73 55 &
1967 2338 88 55 ex
1997 2338 102 55 dicen

1321 2376 96 60 dis
1376 2376 179 60 apparebit
1514 2376 110 60 quae
1583 2376 110 60 sint
1651 2376 124 60 illa.
1734 2376 96 60 hoc
1789 2376 96 60 est
1844 2376 124 60 clare
1926 2376 151 60 dicere:
2023 2376 83 60 ille

1316 2425 189 53 terminus
1458 2425 236 53 eucharistia
1646 2425 189 53 supponit
1788 2425 110 53 pro
1851 2425 141 53 illis
1929 2425 173 53 speciebus

1321 2474 106 53 vel
1381 2474 151 53 altera
1487 2474 151 53 earum:
1593 2474 211 53 connotando
1759 2474 121 53 quod
1834 2474 196 53 presbyter
1970 2474 136 53 dixerit

1325 2511 124 53 certa
1408 2511 124 53 verba
1490 2511 96 53 cum
1545 2511 192 53 intentione
1696 2511 165 53 faciendi
1820 2511 110 53 quod
1888 2511 165 53 ecclesia
1998 2511 110 53 inten-

1326 2554 107 56 dit:
1393 2554 94 56 vel
1446 2554 161 56 connotat
1567 2554 107 56 ille
1634 2554 161 56 terminus
1755 2554 201 56 eucharistia
1916 2554 107 56 quod
1983 2554 94 56 ibi
2023 2554 81 56 con-

1321 2601 175 57 tineatur
1453 2601 146 57 corpus
1555 2601 175 57 Christi.
1686 2601 117 57 siue
1759 2601 175 57 capiatur
1891 2601 175 57 ecclesia
2007 2601 88 57 mili

1314 2649 107 57 tans
1381 2649 107 57 siue
1448 2649 188 57 triuphans,
1595 2649 80 57 in
1636 2649 107 57 idem
1703 2649 134 57 redit.
1796 2649 148 57 vtraque
1904 2649 107 57 enim
1971 2649 121 57 earum
2038 2649 67 57 re-

1324 2690 95 58 cte
1379 2690 177 58 intendit:
1515 2690 68 58 &
1542 2690 136 58 neutra
1637 2690 122 58 earum
1719 2690 82 58 in
1759 2690 109 58 isto
1827 2690 163 58 aberrare
1950 2690 149 58 potest.
2045 2690 54 58 Ex

1316 2728 113 64 ista
1386 2728 211 64 definitione
1555 2728 127 64 patet
1640 2728 113 64 quis
1710 2728 99 64 sit
1766 2728 169 64 minister
1893 2728 127 64 huius
1963 2728 141 64 sacramen
