2351 3315
234 425 127 61 pate
313 425 79 61 &
345 425 190 61 expedite
487 425 206 61 exercebit
646 425 143 61 anima
741 425 127 61 suam
804 425 206 61 operationem

227 474 221 48 reassumpto
401 474 173 48 corpore
527 474 126 48 quam
605 474 142 48 ante.
700 474 110 48 nam
763 474 95 48 in
810 474 142 48 anima
889 474 126 48 separa

234 524 89 49 ta
279 524 103 49 est
338 524 192 49 naturalis
485 524 192 49 appetitus
633 524 89 49 vt
677 524 192 49 reuniatur
824 524 177 49 corpori:
942 524 74 49 qui

229 562 216 53 naturalis
395 562 216 53 appetitus
561 562 182 53 videtur
694 562 166 53 animam
810 562 199 53 impedire
943 562 66 53 ne

231 612 169 52 prompte
353 612 77 52 &
384 612 153 52 facile
491 612 169 52 feratur
614 612 92 52 in
660 612 123 52 deum
737 612 123 52 tota
814 612 215 52 intentione
967 612 46 52 /

227 650 147 52 sicut
325 650 197 52 resumpto
472 650 197 52 corpore.
620 650 82 52 â‹
653 650 164 52 Tertia
767 650 115 52 est
833 650 164 52 opinio
931 650 82 52 com

228 699 135 56 munis
318 699 120 56 quam
393 699 120 56 idem
468 699 120 56 Tho.
543 699 105 56 in.
603 699 90 56 i.
649 699 105 56 ii.
709 699 225 56 insequitur:
889 699 75 56 &
904 699 105 56 quanm

234 743 145 50 solam
331 743 145 50 veram
427 743 161 50 iudico
540 743 145 50 aliis
637 743 225 50 neglectis.
814 743 145 50 Quare
894 743 113 50 nega-

237 786 129 53 tiue
317 786 97 53 ad
366 786 242 53 quaestionem
559 786 225 53 respondeo:
736 786 129 53 quod
817 786 145 53 anima
897 786 113 53 nulla

238 829 110 54 erit
307 829 152 54 beatior
417 829 110 54 post
486 829 110 54 diem
555 829 152 54 iudicii
665 829 110 54 quam
734 829 96 54 sit
789 829 110 54 ante
858 829 110 54 diem
914 829 96 54 iudi-

231 883 123 45 cii.
308 883 200 45 Probatur.
462 883 139 45 omnia
554 883 154 45 merita
662 883 77 45 &
693 883 154 45 gratia
800 883 169 45 ratione
924 883 123 45 quo-

233 918 110 47 rum
296 918 141 47 datur
390 918 204 47 beatitudo
548 918 110 47 est
610 918 94 47 in
658 918 157 47 beatis
768 918 126 47 ante
846 918 126 47 diem
909 918 110 47 iudi-

233 964 135 51 cii:
317 964 84 51 &
351 964 168 51 nullum
469 964 118 51 est
536 964 269 51 impedimentum
755 964 151 51 quare
856 964 118 51 non
906 964 101 51 debe

227 1007 97 50 at
275 1007 161 50 tantum
388 1007 241 50 beatificari
581 1007 129 50 ante
661 1007 193 50 iudicium
806 1007 177 50 quantum
919 1007 97 50 post

230 1056 224 46 iudicium:
402 1056 138 46 ergo
489 1056 173 46 tantum
609 1056 276 46 beatificatur
834 1056 138 46 ante
903 1056 104 46 diem

240 1094 171 50 ludicii
365 1094 171 50 quantum
489 1094 124 50 post
566 1094 140 50 illum
659 1094 140 50 diem.
752 1094 124 50 Quia
830 1094 109 50 non
892 1094 109 50 sit
938 1094 78 50 im-

246 1141 225 54 pedimentum
423 1141 81 54 /
455 1141 209 54 probatur:
616 1141 129 54 quia
697 1141 145 54 anima
794 1141 113 54 iam
858 1141 145 54 beata
938 1141 81 54 ha-

238 1187 118 48 bet
306 1187 152 48 lumen
407 1187 185 48 gloriae
541 1187 185 48 seipsam
676 1187 185 48 eleuans
811 1187 101 48 ad
845 1187 168 48 videndum

233 1230 140 50 deum:
327 1230 78 50 &
358 1230 124 50 deus
435 1230 109 50 est
497 1230 186 50 praesens
637 1230 202 50 obiectiue
792 1230 140 50 sicut
885 1230 124 50 post
947 1230 62 50 iu

241 1274 166 50 dicium:
362 1274 75 50 &
392 1274 136 50 anima
482 1274 106 50 est
543 1274 151 50 eadem:
648 1274 106 50 nec
708 1274 241 50 perfectionem
889 1274 121 50 essen-

229 1325 154 45 tialem
337 1325 77 45 a
368 1325 170 45 corpore
491 1325 185 45 accipit:
630 1325 124 45 ergo
707 1325 108 45 iam
769 1325 154 45 tantum
862 1325 154 45 beatifi-

239 1364 152 45 catur
340 1364 186 45 quantum
476 1364 135 45 post
560 1364 135 45 diem
644 1364 203 45 iudicii.
796 1364 186 45 Secundo
915 1364 101 45 pro-

227 1409 144 51 batur
323 1409 144 51 idem.
419 1409 112 51 nam
483 1409 144 51 anima
579 1409 176 51 Curisti
706 1409 96 51 in
754 1409 160 51 triduo
866 1409 112 51 non
914 1409 96 51 crat

232 1454 132 51 minus
321 1454 132 51 beata
409 1454 118 51 quam
482 1454 118 51 ipsa
556 1454 118 51 erat
629 1454 206 51 reassumpto
791 1454 176 51 corpore:
909 1454 88 51 ergo

241 1493 114 51 idem
312 1493 100 51 est
369 1493 85 51 de
412 1493 128 51 aliis
497 1493 185 51 animabus.
640 1493 157 51 Insuper
754 1493 142 51 angeli
853 1493 142 51 habent
939 1493 71 51 to-

232 1543 127 49 tum
305 1543 218 49 praemium
468 1543 145 49 quod
559 1543 236 49 meruerunt
741 1543 127 49 dum
813 1543 164 49 erant
904 1543 109 49 via-

235 1585 149 47 tores:
339 1585 119 47 ergo
414 1585 75 47 &
444 1585 149 47 animae
548 1585 209 47 separatae.
712 1585 209 47 Praeterea.
861 1585 149 47 beatitu-

239 1626 95 50 do
287 1626 142 50 diuae
381 1626 189 50 virginis
523 1626 95 50 in
570 1626 173 50 corpore
697 1626 205 50 assumpto:
854 1626 79 50 &
870 1626 142 50 loannis

229 1670 231 49 Euangelistae
416 1670 72 49 /
445 1670 87 49 si
489 1670 87 49 in
532 1670 159 49 corpore
648 1670 188 49 assumptus
792 1670 101 49 sit
850 1670 72 49 /
879 1670 101 49 non
937 1670 101 49 au-

233 1715 171 58 gebitur
358 1715 125 58 post
436 1715 125 58 diem
514 1715 187 58 iudicii:
654 1715 125 58 ergo
732 1715 109 58 nec
794 1715 187 58 aliorum.
919 1715 93 58 ltem

230 1761 209 50 alioquin
386 1761 174 50 animae
508 1761 104 50 ex
560 1761 226 50 angelorum
734 1761 226 50 ordinibus
890 1761 122 50 muta-

220 1805 156 48 buntur
330 1805 125 48 post
408 1805 125 48 diem
486 1805 188 48 iudicii:
627 1805 125 48 quia
705 1805 125 48 plus
768 1805 234 48 beatificabun-

228 1849 108 58 tur
289 1849 108 58 qui
351 1849 108 58 iam
412 1849 277 58 beatificentur.
642 1849 123 58 quod
719 1849 108 58 est
765 1849 154 58 absurdum

233 1919 117 78 â‹
279 1919 235 78 Contra
444 1919 188 78 hanc
561 1919 376 78 conclusionem
843 1919 164 78 argui

220 1984 134 49 tur.
304 1984 184 49 damnati
438 1984 151 49 magis
539 1984 268 49 torquebuntur
757 1984 134 49 post
840 1984 134 49 diem
907 1984 101 49 iudi

237 2025 93 52 cii
290 2025 106 52 quam
356 2025 120 52 nunc:
436 2025 106 52 ergo
503 2025 133 52 sancti
596 2025 120 52 magis
676 2025 226 52 praemiabuntur
862 2025 106 52 post
915 2025 80 52 iudi

224 2077 126 53 cium
303 2077 126 53 quam
381 2077 141 53 nunc.
476 2077 220 53 Antecedens
648 2077 204 53 probatur:
806 2077 126 53 quia
868 2077 126 53 patien

230 2121 114 54 tur
295 2121 114 54 tam
360 2121 97 54 in
408 2121 179 54 corpore
538 2121 130 54 quam
619 2121 97 54 in
668 2121 162 54 anima.
782 2121 81 54 â‹
798 2121 211 54 Respondetur

222 2155 254 53 distinguendo
429 2155 238 53 antecedens.
619 2155 111 53 Nam
683 2155 207 53 extensiue
842 2155 143 53 magis
922 2155 79 53 tor

227 2202 175 54 quebuntur
361 2202 148 54 damnati
469 2202 108 54 post
537 2202 162 54 iudicium
658 2202 108 54 quam
725 2202 121 54 nunc:
806 2202 94 54 sed
860 2202 94 54 non
901 2202 94 54 inten

228 2247 135 52 siue:
318 2247 195 52 quiadolor
468 2247 75 52 &
498 2247 195 52 tristitia
647 2247 150 52 animae
752 2247 150 52 specie
842 2247 165 52 differunt

232 2295 76 48 &
262 2295 106 48 non
323 2295 198 48 intendunt
475 2295 137 48 sese.
566 2295 76 48 &
597 2295 334 48 proportionabiliter
885 2295 122 48 erit
946 2295 61 48 ma

229 2341 108 48 ior
290 2341 186 48 beatitas
430 2341 201 48 extensiue
585 2341 124 48 post
662 2341 124 48 diem
740 2341 186 48 iudicii.
879 2341 77 48 â‹
895 2341 108 48 Secun

225 2384 96 58 do
273 2384 209 58 arguitur.
434 2384 209 58 Beatitudo
594 2384 145 58 Moysi
691 2384 80 58 &
723 2384 145 58 Pauli
819 2384 129 58 erit
884 2384 112 58 maior

223 2428 115 54 post
295 2428 115 54 diem
367 2428 158 54 iudicii
482 2428 115 54 quam
554 2428 144 54 fuerit
654 2428 86 54 in
698 2428 144 54 raptu:
798 2428 115 54 ergo
870 2428 130 54 eodem
942 2428 58 54 mo

221 2472 96 59 do
269 2472 96 59 de
317 2472 175 59 gaudiis
444 2472 191 59 aliorum.
587 2472 255 59 Respondetur,
794 2472 207 59 negauimus
937 2472 64 59 su

219 2516 153 52 perius
326 2516 107 52 eos
387 2516 153 52 fuisse
495 2516 169 52 beatos.
618 2516 107 52 sed
679 2516 107 52 hoc
740 2516 107 52 non
802 2516 153 52 soluit
894 2516 107 52 argu-

216 2563 203 45 mentum.
363 2563 129 45 nam
437 2563 222 45 habebant
603 2563 166 45 actus
714 2563 92 45 &
751 2563 203 45 gaudium
880 2563 111 45 eius

218 2615 112 49 dem
282 2615 192 49 rationis
426 2615 112 49 cum
490 2615 160 49 aliis.
602 2615 176 49 Concedo
729 2615 240 49 antecedens:
905 2615 96 49 quia

226 2652 122 49 non
295 2652 209 49 habebant
452 2652 156 49 omnia
556 2652 174 49 merita
678 2652 122 49 cum
747 2652 174 49 quibus
852 2652 156 49 decesse

217 2698 136 52 runt.
308 2698 106 52 sed
368 2698 121 52 nego
444 2698 121 52 quod
519 2698 121 52 isti
595 2698 121 52 post
670 2698 121 52 diem
746 2698 166 52 iudicii
852 2698 151 52 habebunt

217 2740 183 54 maiorem
350 2740 266 54 beatitudinem
566 2740 133 54 quam
649 2740 133 54 nunc
732 2740 199 54 habeant.
882 2740 83 54 â‹
898 2740 100 54 Ter-

216 2779 125 64 tio.
295 2779 157 64 quanto
404 2779 141 64 minus
498 2779 141 64 anima
592 2779 157 64 fertur
702 2779 94 64 in
749 2779 219 64 inferiora:
906 2779 94 64 tan

1081 423 93 65 to
1127 423 139 65 magis
1220 423 155 65 fertur
1328 423 93 65 in
1374 423 139 65 deum.
1467 423 108 65 sed
1529 423 124 65 nunc
1606 423 201 65 desiderat
1761 423 77 65 &
1777 423 77 65 ape

1081 474 133 53 petit
1170 474 163 53 reuniri
1288 474 177 53 corpori:
1421 474 118 53 ergo
1495 474 207 53 retardatur
1658 474 74 53 a
1687 474 103 53 sua
1732 474 118 53 perfe-

1086 518 106 57 cta
1147 518 243 57 beatitudine.
1344 518 243 57 Respondetur.
1542 518 137 57 maior
1633 518 106 57 est
1694 518 137 57 falia
1770 518 76 57 pro

1072 564 139 54 statu
1164 564 185 54 patriae.
1303 564 108 54 nam
1365 564 108 54 pro
1427 564 201 54 quacunque
1581 564 170 54 visione
1689 564 170 54 creaturae

1077 607 104 51 non
1137 607 179 51 minuitur
1271 607 134 51 visio
1360 607 209 51 beatifica.
1524 607 164 51 auoquin
1643 607 134 51 visio
1733 607 89 51 in
1763 607 89 51 ver-

1076 651 99 59 bo
1125 651 115 59 vel
1191 651 99 59 in
1240 651 181 59 proprio
1372 651 165 59 genere
1487 651 197 59 minueret
1635 651 197 59 visionem
1767 651 82 59 bea

1080 698 192 51 tificam.
1224 698 176 51 Secundo
1351 698 144 51 minor
1447 698 112 51 est
1511 698 160 51 falsa:
1623 698 128 51 quia
1686 698 176 51 appetitus

1069 743 231 50 naturalis
1247 743 178 50 animae
1371 743 178 50 nullum
1495 743 160 50 ponit
1602 743 160 50 actum
1708 743 107 50 ab
1744 743 124 50 anima

1067 787 255 53 distinctum.
1271 787 85 53 â‹
1305 787 170 53 Quarto
1424 787 221 53 arguitur.
1595 787 153 53 Anima
1697 787 136 53 post
1765 787 85 53 re-

1071 829 244 51 surrectionem
1269 829 167 51 habebit
1390 829 213 51 perfectius
1558 829 122 51 esse
1634 829 122 51 quam
1695 829 152 51 separata

1074 872 180 57 postquam
1209 872 120 57 erit
1285 872 90 57 in
1330 872 105 57 suo
1390 872 135 57 toto:
1480 872 120 57 ergo
1555 872 120 57 nunc
1630 872 165 57 habebit
1736 872 120 57 perfe-

1073 922 187 56 ctiorem
1209 922 272 56 operationem.
1430 922 255 56 Respondetur
1635 922 187 56 negando
1754 922 102 56 quod

1071 962 168 49 habebit
1193 962 214 49 perfectius
1361 962 122 49 esse
1437 962 92 49 in
1483 962 122 49 toto
1560 962 122 49 quam
1636 962 199 49 separata:
1774 962 76 49 cum

1075 1008 137 54 aeque
1166 1008 122 54 bene
1243 1008 229 54 conseruetur
1426 1008 137 54 extra
1517 1008 137 54 totum
1609 1008 92 54 ac
1655 1008 92 54 in
1700 1008 137 54 toto.
1777 1008 76 54 Ali

1072 1056 135 48 quae
1156 1056 152 48 tamen
1258 1056 135 48 sunt
1342 1056 169 48 partes
1460 1056 135 48 quae
1544 1056 118 48 non
1612 1056 135 48 bene
1679 1056 186 48 conseruan

1079 1099 115 51 tur
1144 1099 148 51 extra
1243 1099 132 51 suum
1325 1099 165 51 totum:
1441 1099 99 51 de
1490 1099 165 51 quibus
1605 1099 230 51 propositio
1770 1099 82 51 as-

1061 1151 174 48 sumpta
1182 1151 156 48 habet
1287 1151 174 48 verum.
1408 1151 226 48 similiter
1582 1151 139 48 nego
1652 1151 191 48 consequen

1063 1190 156 54 tiam.
1167 1190 121 54 nam
1236 1190 156 54 anima
1340 1190 121 54 quo
1409 1190 104 54 ad
1462 1190 191 54 operari
1600 1190 156 54 nullo
1704 1190 139 54 modo
1774 1190 69 54 de

1082 1231 159 43 pendet
1194 1231 80 43 a
1225 1231 191 43 corpore:
1369 1231 112 43 sed
1433 1231 159 43 potest
1544 1231 96 43 in
1592 1231 175 43 corpore
1720 1231 80 43 &
1735 1231 112 43 extra

1077 1285 159 45 corpus
1188 1285 238 45 intelligere
1378 1285 79 45 &
1410 1285 143 45 velle
1505 1285 127 45 sine
1584 1285 190 45 corporis
1711 1285 143 45 ministe

1072 1318 133 51 rio.
1156 1318 150 51 habet
1256 1318 150 51 tamen
1355 1318 283 51 inclinationem
1589 1318 233 51 informandi
1755 1318 100 51 suum

1061 1365 177 59 corpus.
1190 1365 81 59 &
1222 1365 129 59 deus
1302 1365 113 59 ita
1367 1365 129 59 vult
1447 1365 97 59 vt
1496 1365 225 59 praemietur
1673 1365 97 59 in
1721 1365 113 59 suo
1769 1365 81 59 cor

1065 1406 132 61 pore
1147 1406 99 61 in
1196 1406 115 61 quo
1246 1406 148 61 meruit.

1194 1464 136 101 qui
1271 1464 253 101 Vbitatur:
1466 1464 117 101 an
1525 1464 253 101 securitas
1720 1464 136 101 sit
1778 1464 78 101 de

1230 1515 188 81 essentia
1371 1515 266 81 beatitudinis.
1590 1515 250 81 Respondetur.
1777 1515 63 81 se

1232 1590 171 47 curitas
1357 1590 109 47 est
1419 1590 186 47 assensus
1558 1590 109 47 quo
1620 1590 155 47 beatus
1713 1590 140 47 assenti

1230 1628 106 67 tur
1291 1628 121 67 quod
1366 1628 152 67 semper
1473 1628 167 67 manebit
1594 1628 167 67 beatus.
1715 1628 106 67 hoc
1761 1628 91 67 enim

1081 1678 97 52 per
1137 1678 194 52 scripturam
1289 1678 111 52 scit
1358 1678 69 52 /
1386 1678 97 52 vel
1441 1678 152 52 aliunde
1552 1678 83 52 si
1594 1678 194 52 scripturam
1746 1678 83 52 in
1774 1678 69 52 via

1069 1722 102 48 non
1128 1722 190 48 cognouit:
1274 1722 73 48 a
1303 1722 102 48 deo
1362 1722 102 48 vel
1420 1722 88 48 ab
1464 1722 132 48 aliis
1552 1722 88 48 in
1596 1722 161 48 patria.
1712 1722 132 48 Illud
1786 1722 58 48 au

1068 1769 109 49 tem
1131 1769 188 49 iudicium
1272 1769 109 49 non
1334 1769 109 49 est
1397 1769 203 49 beatitudo
1553 1769 109 49 nec
1616 1769 125 49 pars
1694 1769 141 49 eius,
1772 1769 78 49 nec

1066 1814 154 57 oportet
1178 1814 112 57 quod
1248 1814 140 57 semper
1347 1814 112 57 actu
1417 1814 225 57 continuetur:
1599 1814 98 57 sed
1656 1814 98 57 sat
1712 1814 98 57 est
1754 1814 84 57 quod

1068 1856 154 58 beatus
1176 1856 154 58 possit
1283 1856 139 58 exire
1376 1856 93 58 in
1422 1856 139 58 illum
1515 1856 139 58 actum
1607 1856 231 58 assentiendi
1777 1856 77 58 qua

1066 1904 93 55 do
1112 1904 139 55 vult.
1205 1904 77 55 &
1235 1904 108 55 sic
1297 1904 278 55 interpretatiue
1529 1904 77 55 &
1560 1904 232 55 virtualiter
1729 1904 124 55 semper

1071 1943 156 51 beatus
1181 1943 172 51 dicitur
1306 1943 125 51 esse
1384 1943 172 51 certus.
1509 1943 78 51 &
1540 1943 156 51 multum
1649 1943 141 51 facit
1743 1943 94 51 ad
1774 1943 78 51 hoc

1075 1988 92 54 vt
1121 1988 122 54 alii
1197 1988 137 54 actus
1288 1988 183 54 dicantur
1426 1988 214 54 beatitudo.
1594 1988 76 54 &
1624 1988 107 54 ita
1685 1988 153 54 aliquo
1777 1988 61 54 mo

1065 2030 99 49 do
1114 2030 165 49 potest
1230 2030 132 49 esse
1312 2030 132 49 pars
1395 2030 281 49 beatitudinis.
1626 2030 116 49 Hoc
1692 2030 132 49 modo
1758 2030 83 49 sum

1072 2079 118 55 psit
1146 2079 133 55 diuus
1235 2079 221 55 Augustinus.
1412 2079 133 55 xiii.
1500 2079 89 55 de
1545 2079 192 55 Trinitate
1692 2079 103 55 ca.
1737 2079 103 55 xvii.

1073 2124 101 45 cum
1130 2124 130 45 dicit
1217 2124 116 45 quod
1290 2124 101 45 est
1348 2124 145 45 potior
1449 2124 116 45 pars
1521 2124 246 45 beatitudinis,
1724 2124 101 45 non
1768 2124 72 45 qua

1064 2165 87 51 si
1107 2165 144 51 beatus
1208 2165 144 51 semper
1309 2165 159 51 iudicet
1424 2165 115 51 ita:
1497 2165 101 51 nec
1554 2165 217 51 impossibile
1728 2165 101 51 sit
1771 2165 72 51 ali

1064 2212 89 62 ter
1115 2212 115 62 esse:
1192 2212 89 62 sed
1243 2212 153 62 sufficit
1357 2212 153 62 iudicare
1472 2212 102 62 quod
1535 2212 89 62 ita
1586 2212 115 62 erit.
1663 2212 115 62 sicut
1726 2212 115 62 fidelis

1060 2254 153 56 iudicat
1172 2254 112 56 sine
1241 2254 223 56 trepidatione
1423 2254 112 56 quod
1492 2254 112 56 dies
1562 2254 153 56 iudicii
1674 2254 126 56 erit.
1757 2254 98 56 vel
1799 2254 56 56 be

1069 2300 205 53 neficiatus
1230 2300 161 53 aliquis
1347 2300 117 53 quod
1420 2300 146 53 nunqui
1522 2300 161 53 carebit
1639 2300 102 53 suo
1683 2300 161 53 beneficio

1066 2345 138 47 quod
1152 2345 189 47 iudicio
1289 2345 172 47 omnium
1410 2345 155 47 iuste
1513 2345 172 47 habet:
1634 2345 86 47 &
1668 2345 155 47 tamen
1754 2345 86 47 non

1061 2390 155 45 iudicat
1174 2390 113 45 esse
1244 2390 212 45 impossibile
1413 2390 71 45 /
1442 2390 113 45 illo
1512 2390 183 45 beneficio
1639 2390 127 45 orbari.

1192 2518 116 95 â‹
1238 2518 396 95 Distinctionis
1541 2518 186 95 Quadra

1231 2587 225 95 gesimae
1394 2587 143 95 non
1476 2587 123 95 ae
1517 2587 143 95 Quae-

1284 2653 212 81 stio
1391 2653 212 81 Decima

1337 2728 213 73 quarta.
