2362 3304
268 321 118 79 non
335 321 118 79 est
403 321 202 79 negandum
554 321 101 79 de
604 321 151 79 sensu
705 321 168 79 gustus
823 321 134 79 nisi
890 321 168 79 apparen-

274 380 182 68 tissime
407 380 199 68 doceatur
556 380 99 68 de
605 380 215 68 opposito.
771 380 182 68 Secundo
887 380 165 68 arguitui

270 423 96 60 ad
318 423 255 60 conclusionem
525 423 96 60 de
573 423 175 60 omnibus
700 423 207 60 sensibus.
860 423 112 60 nam
908 423 143 60 intelli

268 465 129 67 ctus
348 465 81 67 &
381 465 193 67 voluntas
526 465 274 67 beatificantur
751 465 97 67 in
799 465 258 67 coniunctione
993 465 64 67 ad

274 510 141 59 suum
362 510 211 59 obiectum
521 510 264 59 beatificum:
732 510 88 59 &
767 510 141 59 homo
855 510 176 59 beatus
960 510 88 59 be-

270 553 92 63 ne
316 553 122 63 vsus
392 553 107 63 est
453 553 107 63 his
514 553 183 63 sensibus
651 553 122 63 quos
728 553 122 63 deus
804 553 122 63 sibi
880 553 153 63 dedit:
972 553 76 63 er-

273 602 102 58 go
324 602 188 58 salutem
461 602 137 58 quam
546 602 171 58 habere
666 602 188 58 possunt
802 602 222 58 habebunt.
956 602 85 58 hot

273 655 142 47 autem
368 655 110 47 est
431 655 95 47 in
478 655 252 47 coniunctione
683 655 173 47 actuali
809 655 142 47 eorum
903 655 110 47 cum
951 655 95 47 suis

267 693 194 56 obiectis:
416 693 119 56 quia
491 693 90 56 ad
536 693 104 56 hoc
595 693 239 56 inclinantur:
789 693 75 56 &
819 693 239 56 delectantur,
998 693 45 56 &

265 732 114 62 hoc
330 732 211 62 appetunt.
492 732 211 62 quaelibet
655 732 130 62 enim
736 732 195 62 potentia
866 732 179 62 apprehen-

266 776 116 70 siua
338 776 101 70 est
396 776 101 70 sua
453 776 217 70 appetitiua.
627 776 130 70 sicut
714 776 217 70 intellectus
887 776 101 70 est
930 776 116 70 volun-

267 821 128 64 tas.
347 821 160 64 Tertio
459 821 209 64 arguitur.
620 821 160 64 Corpus
732 821 176 64 habebit
861 821 128 64 suas
925 821 112 64 dotes

257 863 129 71 quia
337 863 193 71 seruiuit
482 863 177 71 animae:
611 863 129 71 ergo
692 863 81 71 &
724 863 177 71 sensus.
853 863 177 71 Quarto.
965 863 81 71 da-

259 913 150 68 mnati
359 913 100 68 in
409 913 183 68 omnibus
543 913 200 68 sensibus
693 913 283 68 torquebuntur:
926 913 133 68 ergo
993 913 50 68 &

262 950 139 72 beati
354 950 93 72 in
401 950 170 72 omnibus
524 950 185 72 sensibus
663 950 278 72 delectabuntur.
880 950 154 72 habebunt

253 995 154 58 igitur
360 995 138 58 actus
437 995 169 58 sentiendi

244 1076 118 74 ⁋
292 1076 235 74 Contra
456 1076 235 74 primam
621 1076 376 74 conclusionem
926 1076 165 74 ar-

262 1137 175 58 guitur.
389 1137 159 58 Caelum
501 1137 111 58 non
565 1137 175 58 recipit
692 1137 223 58 peregrinas
851 1137 191 58 impressio-

255 1186 125 54 nes:
333 1186 125 54 ergo
411 1186 171 54 species
536 1186 202 54 visibiles
691 1186 109 54 non
754 1186 218 54 deferuntur
925 1186 109 54 per
972 1186 62 54 me

255 1221 138 61 dium.
347 1221 153 61 igitur
454 1221 138 61 visus
546 1221 138 61 nihil
638 1221 138 61 illic
730 1221 153 61 videt.
822 1221 200 61 Respondetur

247 1275 154 58 caelum
355 1275 108 58 non
416 1275 170 58 recipit
540 1275 170 58 calorem
663 1275 154 58 frigus
771 1275 77 58 &
802 1275 216 58 qualitates
956 1275 77 58 pri

251 1321 112 53 mas
315 1321 112 53 cum
379 1321 257 53 qualitatibus
588 1321 193 53 secundis
732 1321 96 53 ex
780 1321 160 53 primis
877 1321 160 53 genitas:

251 1355 150 70 quales
356 1355 120 70 sunt
431 1355 165 70 albedo,
551 1355 180 70 nigredo,
687 1355 150 70 sapor,
792 1355 75 70 &
822 1355 135 70 odor.
912 1355 105 70 sed
957 1355 75 70 re-

246 1402 144 66 cipit
342 1402 192 66 species,
486 1402 80 66 &
518 1402 160 66 lumen,
630 1402 80 66 &
662 1402 208 66 huiusmodi
806 1402 224 66 spiritualia.

249 1446 76 67 ⁋
279 1446 168 67 Secundo
402 1446 199 67 arguitur.
554 1446 107 67 Vel
616 1446 153 67 tactus
723 1446 122 67 erit
799 1446 153 67 semper
906 1446 92 67 in
937 1446 76 67 suo

238 1495 128 70 actu:
323 1495 71 70 &
351 1495 99 70 hoc
408 1495 113 70 non,
479 1495 113 70 quia
550 1495 128 70 calor
635 1495 142 70 realis
734 1495 85 70 in
776 1495 128 70 sensu
861 1495 142 70 tactus
946 1495 71 70 pro

251 1537 131 64 prio
332 1537 114 64 non
398 1537 180 64 immutat
529 1537 163 64 sensum
643 1537 180 64 tactus.
774 1537 114 64 nam
839 1537 180 64 secundo
954 1537 65 64 de

247 1583 139 55 anima
339 1583 170 55 dicitur
463 1583 124 55 quod
540 1583 201 55 sensibile
695 1583 170 55 positum
819 1583 139 55 super
896 1583 124 55 sensum

239 1624 112 69 non
303 1624 176 69 immutat
431 1624 225 69 potentiam,
608 1624 112 69 nec
672 1624 112 69 est
736 1624 176 69 aliquid
849 1624 176 69 tangibile

245 1667 93 64 ei
292 1667 218 64 applicatum
463 1667 202 64 continuo.
619 1667 124 64 ergo
696 1667 124 64 ille
774 1667 156 64 sensus
883 1667 109 64 non
930 1667 93 64 erit

238 1708 154 73 semper
346 1708 93 73 in
392 1708 108 73 suo
454 1708 139 73 actu.
546 1708 77 73 &
577 1708 93 73 si
624 1708 185 73 interdum
763 1708 93 73 in
809 1708 124 73 illo
886 1708 108 73 non
932 1708 93 73 sit:

234 1755 165 72 nunquam
354 1755 120 72 erit
429 1755 90 72 in
474 1755 105 72 suo
534 1755 120 72 actu
609 1755 90 72 in
654 1755 165 72 patria.
774 1755 225 72 Respondendo
939 1755 75 72 quo

234 1801 105 63 ad
287 1801 246 63 argumentum
480 1801 193 63 quantum
621 1801 176 63 cogit:
744 1801 140 63 dico
831 1801 158 63 ipsum
919 1801 88 63 non

245 1839 169 66 probare
367 1839 123 66 quod
444 1839 107 66 non
506 1839 107 66 sit
567 1839 153 66 semper
674 1839 92 66 in
720 1839 107 66 suo
782 1839 138 66 actu.
874 1839 107 66 nam
920 1839 92 66 cae-

224 1895 101 65 lum
281 1895 101 65 est
339 1895 202 65 tangibile:
497 1895 115 65 quia
569 1895 86 65 si
612 1895 115 65 quis
684 1895 130 65 esset
771 1895 130 65 circa
857 1895 144 65 caelum
943 1895 58 65 ip

220 1929 109 73 sum
282 1929 155 73 digito
390 1929 217 73 contingens
561 1929 78 73 /
592 1929 233 73 resisteret:
778 1929 109 73 sed
840 1929 109 73 non
886 1929 124 73 immuta

228 1985 136 65 retur
319 1985 76 65 a
349 1985 106 65 suo
410 1985 167 65 obiecto
531 1985 106 65 quo
592 1985 91 65 ad
637 1985 167 65 aliquam
758 1985 212 65 qualitatem
910 1985 91 65 pri-

222 2024 115 66 mam
287 2024 279 66 percipiendam.
517 2024 115 66 hoc
583 2024 131 66 est:
665 2024 181 66 digitus
796 2024 164 66 caelum
895 2024 115 66 mathe

226 2068 147 62 matice
329 2068 191 62 tangeret,
476 2068 103 62 sed
534 2068 103 62 non
593 2068 161 62 actione
711 2068 147 62 reali.
813 2068 147 62 Beatus
901 2068 103 62 autem

234 2111 180 62 vbicunque
373 2111 97 62 sit
428 2111 97 62 non
484 2111 125 62 facit
567 2111 139 62 latera
664 2111 111 62 loci
733 2111 166 62 distare:
858 2111 69 62 &
886 2111 97 62 sic
928 2111 69 62 est

218 2148 163 78 aliquo
332 2148 131 78 modo
414 2148 98 78 in
462 2148 147 78 sensu
560 2148 180 78 tactus,
691 2148 114 78 hoc
756 2148 114 78 est
805 2148 196 78 mathemati-

223 2206 101 57 ce.
280 2206 101 57 Sed
338 2206 130 57 forte
425 2206 203 57 intelligis
584 2206 87 57 de
628 2206 159 57 obiecto
744 2206 159 57 proprio
859 2206 116 57 eius
917 2206 87 57 quod

219 2241 144 74 ipsum
315 2241 224 74 perceptiue
491 2241 192 74 immutat.
634 2241 128 74 dico
714 2241 128 74 quod
794 2241 192 74 interdum
922 2241 80 74 est

215 2282 84 77 in
257 2282 126 77 illo,
341 2282 168 77 scilicet
466 2282 251 77 quotienscunque
676 2282 182 77 voluerit.
815 2282 84 77 si
857 2282 112 77 quis
927 2282 98 77 au-

205 2331 117 63 tem
272 2331 234 63 contendere
456 2331 151 63 velit
557 2331 167 63 tactum
674 2331 167 63 semper
791 2331 134 63 esse
875 2331 100 63 in
908 2331 84 63 suo

215 2370 150 78 actu:
315 2370 117 78 cum
382 2370 133 78 illo
465 2370 117 78 non
532 2370 217 78 contendo.
699 2370 83 78 ⁋
732 2370 167 78 Tertio
832 2370 167 78 arguitur

210 2421 165 65 contra
326 2421 248 65 probationem
525 2421 281 65 conclusionis.
756 2421 165 65 Aranea
856 2421 132 65 perci-

216 2467 103 62 pit
275 2467 147 62 melius
378 2467 117 62 quam
451 2467 132 62 homo:
539 2467 117 62 ergo
613 2467 176 62 probatio
745 2467 117 62 erat
818 2467 147 62 nulla.
921 2467 88 62 An

213 2514 191 63 tecedens
356 2514 112 63 est
420 2514 143 63 notum
516 2514 112 63 per
580 2514 223 63 versiculos
755 2514 207 63 vulgatos.
898 2514 80 63 Nos

205 2557 120 65 aper
280 2557 165 65 auditu:
400 2557 210 65 praecellit
565 2557 150 65 aranea
670 2557 150 65 tactu:
775 2557 150 65 Vultur
865 2557 120 65 odora-

209 2600 106 65 tu:
269 2600 121 65 lynx
345 2600 136 65 visu:
436 2600 136 65 simia
527 2600 152 65 gustu.
633 2600 243 65 Respondetur.
830 2600 121 65 illa
891 2600 91 65 erat

212 2634 158 70 suasio
323 2634 190 70 quaedam,
465 2634 111 70 nec
529 2634 142 70 tamen
624 2634 142 70 credo
719 2634 127 70 illi
798 2634 142 70 dicto
877 2634 95 70 coma

202 2685 132 66 muni
284 2685 99 66 de
334 2685 165 66 aranea
449 2685 132 66 quod
532 2685 165 66 melius
647 2685 215 66 percipiat
812 2685 165 66 muscam
911 2685 66 66 in

195 2724 105 87 sua
255 2724 120 87 tela
330 2724 195 87 conclusam
480 2724 120 87 quam
555 2724 210 87 perciperet
719 2724 135 87 homo.
809 2724 75 87 &
839 2724 90 87 si
869 2724 105 87 illud

1128 347 108 79 sit
1189 347 155 79 verum:
1298 347 186 79 sufficit
1437 347 124 79 quod
1514 347 124 79 homo
1591 347 93 79 vt
1638 347 186 79 plurimum
1761 347 155 79 praecel

1124 401 60 52 lat.

1102 450 120 93 ⁋
1150 450 241 93 Contra
1319 450 265 93 tertiam
1511 450 385 93 conclusionem
1800 450 96 93 ar

1109 528 223 69 gumentor.
1280 528 206 69 Olfactio
1435 528 120 69 fit
1503 528 120 69 cum
1572 528 172 69 quadam
1675 528 223 69 euaporatio-

1111 583 92 58 ne
1157 583 76 58 &
1187 583 229 58 resolutione
1370 583 76 58 a
1401 583 168 58 corpore
1523 583 214 58 odorifero:
1690 583 92 58 vt
1736 583 153 58 videre
1828 583 76 58 est

1107 616 102 68 in
1158 616 136 68 pomo
1243 616 119 68 vel
1311 616 136 68 rosa
1395 616 187 68 succisa
1531 616 170 68 iamdiu
1650 616 102 68 in
1701 616 136 68 manu
1768 616 136 68 tenta:

1115 662 126 68 quae
1194 662 157 68 sensim
1304 662 189 68 tabescit
1446 662 79 68 &
1477 662 220 68 languescit
1650 662 110 68 non
1713 662 94 68 ob
1760 662 142 68 aliud
1839 662 47 68 n

1111 707 89 68 si
1156 707 104 68 per
1215 707 238 68 resolutionem
1409 707 179 68 corporis
1543 707 179 68 subtilis
1677 707 75 68 a
1707 707 164 68 corpore
1811 707 75 68 odo

1113 759 154 51 rifero
1220 759 200 51 exeuntis.
1374 759 108 51 sed
1436 759 108 51 non
1498 759 108 51 est
1559 759 139 51 talis
1652 759 216 51 euaporatio
1806 759 92 51 homi

1106 800 114 62 num
1171 800 195 62 beatorum
1317 800 98 62 in
1366 800 163 62 caelo:
1480 800 114 62 nec
1545 800 130 62 eius
1627 800 114 62 cum
1692 800 146 62 caelo
1773 800 114 62 rece-

1116 840 141 67 ptio.
1211 840 79 67 ⁋
1242 840 236 67 Respondetur
1430 840 173 67 negando
1556 840 126 67 quod
1635 840 189 67 olfactio
1776 840 110 67 fit
1823 840 63 67 vt

1110 886 258 69 argumentum
1312 886 221 69 assumit.
1478 886 129 69 hoc
1552 886 148 69 enim
1644 886 221 69 impugnat
1792 886 92 69 Com

1103 929 192 75 mentator
1247 929 176 75 Secundo
1375 929 96 75 de
1423 929 160 75 anima,
1535 929 80 75 &
1567 929 144 75 bene,
1663 929 112 75 per
1727 929 112 75 hoc
1775 929 96 75 quod

1104 966 194 78 tigrides
1249 966 81 78 &
1282 966 194 78 vultures
1427 966 81 78 a
1460 966 226 78 quingentis
1637 966 226 78 miliaribus
1799 966 81 78 per

1101 1021 183 58 odorem
1229 1021 219 58 venerunt
1393 1021 110 58 ad
1448 1021 219 58 cadauera
1612 1021 256 58 mortuorum:
1795 1021 91 58 vbi

1097 1056 170 77 fuerat
1216 1056 153 77 magna
1317 1056 187 77 hominum
1453 1056 170 77 caedes
1572 1056 170 77 facta.
1690 1056 136 77 modo
1758 1056 119 77 inopi

1092 1111 153 62 nabile
1199 1111 107 62 est
1260 1111 123 62 quod
1337 1111 92 62 ad
1383 1111 153 62 tantam
1490 1111 214 62 distantiam
1643 1111 230 62 multiplicetur

1097 1145 122 66 odor
1173 1145 107 66 cum
1234 1145 122 66 tali
1310 1145 152 66 fumali
1417 1145 244 66 euaporatione
1615 1145 76 66 /
1645 1145 107 66 per
1691 1145 183 66 resolutio-

1095 1195 108 68 nem
1156 1195 185 68 corporum
1295 1195 216 68 subtilium.
1464 1195 123 68 quia
1541 1195 92 68 si
1587 1195 123 68 illa
1664 1195 169 68 corpora
1772 1195 108 68 fuis-

1092 1232 121 73 sent
1168 1232 167 73 prorsus
1289 1232 182 73 resoluta
1425 1232 91 73 in
1471 1232 167 73 corpora
1592 1232 258 73 subtilissima:
1804 1232 106 73 non

1097 1278 174 69 fuissent
1227 1278 87 69 ad
1271 1278 145 69 tantam
1372 1278 203 69 distantiam
1532 1278 145 69 delata
1619 1278 247 69 orbiculariter.-

1086 1323 176 73 Insuper
1214 1323 144 73 vides
1309 1323 128 73 quod
1389 1323 207 73 combustio
1549 1323 160 73 modici
1661 1323 207 73 sulphuris
1804 1323 64 73 re

1083 1374 125 60 plet
1162 1374 188 60 integram
1302 1374 141 60 domum
1396 1374 156 60 odore:
1505 1374 172 60 quamuis
1631 1374 188 60 realiter
1756 1374 109 60 fumus

1082 1420 164 61 illius
1196 1420 197 61 corporis
1344 1420 115 61 non
1410 1420 230 61 expandatur
1590 1420 115 61 per
1656 1420 148 61 totam
1738 1420 131 61 domum.

1083 1458 128 69 ergo
1163 1458 112 69 non
1227 1458 112 69 est
1290 1458 176 69 necesse
1418 1458 96 69 ad
1466 1458 112 69 hoc
1530 1458 96 69 vt
1578 1458 160 69 corpus
1674 1458 192 69 odoriferum

1085 1502 206 70 olfactum
1239 1502 206 70 immutet,
1394 1502 154 70 fieri
1497 1502 137 70 hanc
1582 1502 189 70 fumalem
1702 1502 172 70 euapora-

1087 1549 168 67 tionem.
1209 1549 107 67 sed
1270 1549 122 67 suas
1346 1549 168 67 species
1468 1549 229 67 multiplicat
1651 1549 122 67 quae
1712 1549 153 67 olfactum

1081 1593 204 64 immutant:
1238 1593 78 64 &
1269 1593 125 64 odor
1348 1593 266 64 apprehenditur
1567 1593 94 64 ab
1614 1593 110 64 eo.
1677 1593 125 64 quia
1755 1593 94 64 si
1787 1593 78 64 rea

1086 1635 104 71 lis
1146 1635 119 71 odor
1220 1635 209 71 attingeret
1385 1635 179 71 olfactum
1519 1635 75 71 /
1549 1635 104 71 non
1608 1635 209 71 perciperet
1772 1635 119 71 odo-

1075 1688 134 59 rem.
1159 1688 117 59 nam
1226 1688 151 59 intus
1327 1688 201 59 existens
1478 1688 201 59 prohibet
1629 1688 235 59 extraneum.
1797 1688 67 59 vt

1079 1724 96 62 is
1127 1724 112 62 qui
1191 1724 176 62 comedit
1320 1724 160 62 allium
1432 1724 80 62 /
1464 1724 144 62 ipsum
1560 1724 112 62 qui
1624 1724 144 62 etiam
1705 1724 144 62 comedit

1078 1773 106 58 non
1138 1773 196 58 percipit.
1289 1773 106 58 sed
1349 1773 106 58 qui
1410 1773 106 58 non
1470 1773 166 58 comedit
1591 1773 75 58 /
1621 1773 136 58 solum
1696 1773 151 58 intentio

1060 1826 174 59 naliter
1187 1826 205 59 speciebus
1345 1826 142 59 allii
1439 1826 205 59 immutatus
1597 1826 158 59 statim
1708 1826 111 59 hoc
1755 1826 95 59 per-

1075 1861 145 69 cipit.
1176 1861 101 69 sic
1234 1861 87 69 in
1277 1861 188 69 proposito
1422 1861 159 69 species
1537 1861 130 69 solum
1624 1861 202 69 deferuntur
1769 1861 72 69 per

1070 1907 160 60 medium
1182 1907 80 60 a
1214 1907 176 60 corpore
1342 1907 224 60 odorifero:
1517 1907 144 60 sicut
1613 1907 176 60 species
1741 1907 80 60 a
1757 1907 96 60 colo

1070 1948 101 65 re
1121 1948 135 65 sine
1205 1948 270 65 consumptione
1425 1948 203 65 coloris.
1577 1948 220 65 Quodautem
1729 1948 118 65 dice-

1066 1989 138 73 batur
1158 1989 92 73 de
1204 1989 246 73 euaporatione
1404 1989 123 73 pomi
1481 1989 108 73 vel
1542 1989 169 73 fioris:
1665 1989 108 73 hoc
1727 1989 108 73 est
1773 1989 77 73 per

1062 2039 198 66 accidens
1211 2039 83 66 &
1244 2039 99 66 ad
1294 2039 165 66 paruam
1410 2039 231 66 distantiam
1591 2039 215 66 procedens
1757 2039 83 66 /
1773 2039 83 66 iu-

1062 2084 102 58 xta
1121 2084 219 58 actiuitatem
1296 2084 146 58 causae
1399 2084 175 58 corporis
1530 2084 234 58 resoluentis.
1720 2084 73 58 &
1750 2084 88 58 si
1779 2084 73 58 non

1061 2124 143 64 esset
1156 2124 223 64 odoriferum
1331 2124 79 64 /
1363 2124 127 64 idem
1443 2124 254 64 contingeret:
1649 2124 95 64 ad
1681 2124 159 64 immutan-

1060 2168 119 65 dam
1128 2168 221 65 potentiam
1298 2168 238 65 olfactiuam
1486 2168 153 65 nihil
1571 2168 187 65 faciendo.

1054 2262 118 69 ⁋
1102 2262 237 69 Contra
1268 2262 261 69 quartam
1457 2262 379 69 conclusionem
1741 2262 95 69 ar

1054 2326 163 65 guitur.
1173 2326 134 65 Beati
1262 2326 89 65 in
1306 2326 148 65 patria
1410 2326 163 65 linguis
1529 2326 193 65 angelicis
1663 2326 163 65 loquuntur

1059 2370 119 64 quia
1133 2370 149 64 erimus
1237 2370 134 64 sicut
1327 2370 149 64 angeli
1431 2370 119 64 dei.
1505 2370 104 64 sed
1564 2370 193 64 angelorum
1713 2370 149 64 ioquu-

1056 2408 102 61 tio
1115 2408 102 61 non
1173 2408 102 61 est
1231 2408 116 61 nisi
1304 2408 160 61 notitia
1420 2408 116 61 quam
1493 2408 116 61 vnus
1566 2408 146 61 alteri
1653 2408 175 61 ministrat:

1056 2443 96 74 ei
1104 2443 225 74 ostendendo
1281 2443 144 74 illud
1377 2443 128 74 quod
1457 2443 209 74 concipit.
1617 2443 128 74 ergo
1682 2443 144 74 homines

1039 2496 142 60 solum
1134 2496 267 60 spiritualiter
1354 2496 220 60 loquuntur:
1527 2496 110 60 ita
1590 2496 94 60 vt
1637 2496 126 60 vnus
1700 2496 126 60 beatus

1057 2547 144 58 possit
1157 2547 144 58 videre
1258 2547 158 58 secreta
1373 2547 144 58 cordis
1474 2547 173 58 alterius
1604 2547 130 58 beati
1690 2547 101 58 vel
1734 2547 86 58 ange

1047 2584 161 66 liquia
1160 2584 145 66 videt
1256 2584 129 66 deum
1337 2584 81 66 &
1369 2584 209 66 essentiam
1530 2584 177 66 animae:
1659 2584 81 66 &
1675 2584 145 66 notitia

1047 2626 110 70 est
1110 2626 141 70 aeque
1204 2626 188 70 praesens
1345 2626 94 70 vt
1393 2626 157 70 anima.
1502 2626 126 70 ergo
1581 2626 94 70 si
1628 2626 157 70 animam
1722 2626 110 70 vide-

1044 2674 90 70 re
1089 2674 165 70 potest:
1209 2674 75 70 &
1239 2674 135 70 actus
1329 2674 135 70 eius.
1419 2674 135 70 Dicis
1510 2674 105 70 cum
1570 2674 180 70 Gregorio
1690 2674 135 70 instan-

1044 2717 91 71 te
1089 2717 91 71 de
1135 2717 167 71 materia
1257 2717 76 71 &
1287 2717 152 71 colore
1394 2717 137 71 aeque
1485 2717 244 71 praesentibus
1668 2717 152 71 entitati

1045 2754 117 92 ue,
1112 2754 117 92 sed
1179 2754 117 92 non
1246 2754 234 92 obiectiue.
1429 2754 117 92 Hoc
1496 2754 117 92 non
1563 2754 167 92 valet.
1680 2754 117 92 nam
1730 2754 100 92 prer
