2373 3276
482 316 114 52 hoc
547 316 146 52 statu
644 316 97 52 in
693 316 114 52 quo
758 316 146 52 sumus
855 316 81 52 /
888 316 244 52 substantiam
1082 316 114 52 non
1131 316 130 52 intue-

477 364 113 50 mut
541 364 161 50 saltem
654 364 161 50 aextra
767 364 129 50 nos:
848 364 129 50 bene
929 364 145 50 autem
1026 364 194 50 colorem.
1155 364 113 50 secus

484 404 101 56 est
541 404 87 56 in
585 404 159 56 patria:
701 404 101 56 vel
758 404 87 56 de
802 404 130 56 anima
889 404 188 56 separata.
1033 404 101 56 lam
1091 404 116 56 sic.
1149 404 116 56 loquem

482 446 115 58 tur
547 446 99 58 in
597 446 164 58 patria
712 446 181 58 homines
843 446 132 58 more
926 446 214 58 angelico.
1090 446 115 58 sed
1139 446 132 58 angeli

491 492 111 52 non
555 492 175 52 vtentur
682 492 159 52 lingua
793 492 207 52 corporis:
952 492 127 52 ergo
1032 492 111 52 nec
1095 492 159 52 beati.
1191 492 79 52 Re-

487 536 220 51 spondetur
657 536 237 51 concedendo
843 536 203 51 maiorem:
996 536 136 51 quia
1080 536 187 51 possunt
1199 536 68 51 lo

497 587 114 49 qui
562 587 130 49 more
643 587 212 49 angelico,
806 587 81 49 &
839 587 130 49 more
920 587 195 49 hominum:
1067 587 114 49 cum
1115 587 147 49 linguas

485 626 99 53 ad
534 626 115 53 hoc
600 626 230 53 dispositas
780 626 197 53 habeant.
928 626 99 53 de
977 626 131 53 modo
1059 626 148 53 autem
1142 626 131 53 loquem

489 672 92 54 di
535 672 199 54 angelorum
688 672 107 54 ex.
749 672 107 54 ix.
810 672 169 54 distin.
933 672 169 54 Secundi
1056 672 184 54 suppono.
1193 672 77 54 â‹
1209 672 61 54 Se

485 716 151 47 cundo
586 716 202 47 arguitur
738 716 168 47 contra
855 716 168 47 eandem
973 716 286 47 conclusionem.
1192 716 84 47 Lo-

485 759 158 46 quutio
596 759 110 46 non
659 759 110 46 fit
722 759 126 46 nisi
800 759 110 46 per
863 759 142 46 aeris
958 759 236 46 expulsionem
1147 759 79 46 &
1163 759 110 46 intus

487 804 260 54 susceptionem.
701 804 107 54 sed
762 804 92 54 in
808 804 153 54 patria
915 804 107 54 non
976 804 122 54 erit
1053 804 122 54 aer.
1129 804 122 54 ergo
1191 804 77 54 non

498 843 152 55 potest
604 843 122 55 esse
680 843 182 55 loquutio
817 843 91 55 in
863 843 167 55 patria.
984 843 106 55 Hic
1045 843 228 55 Middiltonus
1212 843 61 55 di

494 896 101 52 cit
551 896 116 52 quod
624 896 145 52 caelum
725 896 173 52 empyreum
855 896 130 52 intus
942 896 217 52 suscipitur:
1115 896 72 52 &
1129 896 145 52 expelli-

496 935 106 51 tur
557 935 76 51 &
587 935 182 51 reunitur
724 935 122 51 more
800 935 152 51 aeris.
906 935 213 51 Introducit
1073 935 137 51 autem
1149 935 122 51 beatum

496 977 246 47 Augustinum
690 977 193 47 secundo
830 977 158 47 super
936 977 193 47 Genesim
1077 977 88 47 /
1094 977 176 47 volentem

498 1022 93 50 hoc
551 1022 160 50 asserere
671 1022 80 50 de
711 1022 120 50 caelo
791 1022 173 50 stellato.
924 1022 93 50 sed
978 1022 80 50 de
1018 1022 107 50 illo
1084 1022 120 50 caelo
1164 1022 93 50 hoc
1204 1022 67 50 non

500 1067 202 49 approbat.
656 1067 140 49 Illud
749 1067 140 49 nihil
842 1067 155 49 valet:
950 1067 109 49 nec
1012 1067 93 49 b.
1059 1067 217 49 Augustinum
1214 1067 62 49 ca

500 1111 116 50 pit:
572 1111 72 50 &
601 1111 101 50 hoc
659 1111 116 50 quod
731 1111 87 50 b.
774 1111 217 50 Augustinuis
948 1111 130 50 dicit
1034 1111 188 50 approbare
1164 1111 116 50 debet.

503 1152 148 57 Quare
601 1152 164 57 aliter
716 1152 98 57 ad
765 1152 115 57 hoc
830 1152 229 57 argumentum
1011 1152 213 57 respondeo
1175 1152 82 57 /
1191 1152 82 57 iu-

492 1195 108 62 xta
553 1195 154 62 varias
661 1195 278 62 imaginationes:
893 1195 154 62 quarum
1001 1195 201 62 quaelibet
1155 1195 108 62 est
1202 1195 77 62 pos

489 1241 168 48 sibilis
611 1241 76 48 &
641 1241 198 48 apparens.
794 1241 122 48 cape
870 1241 137 48 illam
962 1241 122 48 quae
1038 1241 122 48 tibi
1114 1241 137 48 magis
1191 1241 76 48 pla

492 1287 151 46 cebit.
598 1287 106 46 vel
658 1287 121 46 adde
733 1287 136 46 aliam
824 1287 136 46 tuam.
915 1287 106 46 Vna
975 1287 211 46 imaginatio
1141 1287 121 46 est.
1202 1287 75 46 Aer

496 1329 119 46 erit
571 1329 104 46 cum
630 1329 149 46 caelo.
734 1329 104 46 nam
794 1329 164 46 corpora
913 1329 179 46 beatorum
1047 1329 89 46 in
1091 1329 134 46 caelo
1166 1329 104 46 erunt

495 1374 137 50 simul
586 1374 244 50 penetratiue.
784 1374 183 50 alioquin
921 1374 198 50 oporteret
1073 1374 152 50 caelum
1164 1374 107 50 cede-

491 1419 110 52 re.
554 1419 157 52 suasio
664 1419 110 52 est
727 1419 94 52 ad
774 1419 126 52 hoc:
853 1419 126 52 quia
931 1419 126 52 omne
1010 1419 126 52 quod
1088 1419 94 52 ad
1120 1419 157 52 beatorum

506 1466 158 50 corpora
621 1466 173 50 conducet
750 1466 72 50 /
779 1466 144 50 stabit
880 1466 101 50 cum
937 1466 144 50 caelo,
1038 1466 86 50 vt
1081 1466 101 50 aer
1139 1466 115 50 sine
1196 1466 72 50 quo

494 1511 118 44 non
562 1511 135 44 bene
646 1511 152 44 viuit
747 1511 135 44 homo
832 1511 135 44 suas
916 1511 253 44 operationes
1102 1511 169 44 exercen-

497 1552 111 48 do.
560 1552 111 48 Hoc
624 1552 142 48 autem
718 1552 126 48 modo
797 1552 174 48 tenendo
924 1552 142 48 nulla
1018 1552 111 48 est
1066 1552 205 48 difficultas

496 1592 134 53 quin
580 1592 168 53 beatus
698 1592 151 53 loqui
798 1592 201 53 poterit.
949 1592 185 53 Secunda
1067 1592 201 53 imaginatio

495 1642 143 50 erit.
590 1642 190 50 quicquid
733 1642 127 50 deus
812 1642 158 50 potest
923 1642 158 50 facere
1034 1642 190 50 mediante
1160 1642 111 50 causa

493 1688 161 50 secunda
610 1688 73 50 /
639 1688 146 50 potest
742 1688 146 50 facere
844 1688 88 50 se
888 1688 131 50 solo.
975 1688 131 50 sonum
1063 1688 131 50 autem
1150 1688 73 50 /
1165 1688 102 50 vocen

492 1728 81 52 &
524 1728 211 52 huiusmodi
686 1728 162 52 potest
800 1728 162 52 facere
913 1728 195 52 mediante
1059 1728 146 52 causa
1140 1728 130 52 secun-

496 1775 91 56 da
541 1775 182 56 scilicet
678 1775 136 56 aere.
769 1775 136 56 vocem
860 1775 121 56 ergo
935 1775 167 56 poterit
1057 1775 152 56 facere
1148 1775 121 56 median

491 1812 88 66 te
535 1812 88 66 se
580 1812 133 66 solo:
668 1812 74 66 &
698 1812 192 66 supplebit
845 1812 133 66 vicem
933 1812 147 66 aeris:
1036 1812 103 66 nec
1095 1812 103 66 aer
1139 1812 133 66 require

489 1862 111 47 tur
552 1862 95 47 in
600 1862 158 47 genere
711 1862 158 47 causae
821 1862 221 47 materialis
995 1862 95 47 si
1043 1862 127 47 deus
1106 1862 158 47 voluerit

501 1904 149 52 Tertia
606 1904 209 52 imaginatio
770 1904 119 52 erit
844 1904 134 52 haec.
934 1904 90 52 In
979 1904 164 52 arteria
1098 1904 149 52 vocali
1202 1904 75 52 &
1217 1904 60 52 ad

503 1947 124 54 labia
586 1947 124 54 vsque
669 1947 110 54 erit
738 1947 97 54 aer
793 1947 83 54 in
834 1947 138 54 homine
931 1947 69 54 /
959 1947 97 54 qui
1014 1947 152 54 poterit
1124 1947 152 54 expelli
1221 1947 55 54 ad

493 1994 209 50 superficiem
660 1994 139 50 labii,
758 1994 70 50 &
786 1994 153 50 iterato
897 1994 125 50 intus
981 1994 167 50 suscipi:
1106 1994 70 50 &
1134 1994 97 50 per
1176 1994 97 50 illum

498 2034 134 58 aerem
588 2034 119 58 erit
662 2034 179 58 loquela.
797 2034 149 58 Beatus
901 2034 209 58 Augustinus
1065 2034 134 58 autem
1140 2034 134 58 volebat

492 2078 158 64 dicere
603 2078 127 64 quod
682 2078 127 64 deus
761 2078 158 64 possit
872 2078 158 64 mouere
982 2078 174 64 stellam
1109 2078 111 64 per
1156 2078 127 64 caelum

499 2126 204 60 stellatum,
660 2126 131 60 caelo
748 2126 161 60 manente
864 2126 131 60 fixo:
952 2126 102 60 ita
1010 2126 88 60 vt
1054 2126 131 60 omnia
1142 2126 117 60 quae
1200 2126 73 60 apu

499 2174 140 49 parent
597 2174 84 49 in
639 2174 154 49 stellis
752 2174 211 49 saluarentur
920 2174 98 49 per
976 2174 98 49 hoc
1032 2174 70 49 (
1060 2174 126 49 caelo
1131 2174 140 49 stellato

510 2216 219 54 quiescente.
686 2216 146 54 Potest
788 2216 146 54 namque
890 2216 117 54 deus
963 2216 146 54 facere
1065 2216 161 54 stellam
1168 2216 102 54 pene-

490 2258 157 52 tratiue
604 2258 86 52 se
647 2258 143 52 habere
746 2258 100 52 cum
803 2258 128 52 caelo
889 2258 185 52 stellato,
1032 2258 86 52 vt
1074 2258 128 52 facit
1160 2258 86 52 in
1188 2258 86 52 cor-

505 2302 110 57 pore
574 2302 137 57 beati,
670 2302 82 57 si
711 2302 178 57 voluerit.
848 2302 68 57 &
875 2302 123 57 illud
957 2302 123 57 debet
1039 2302 164 57 cuilibet
1163 2302 110 57 esse
1231 2302 82 57 in

490 2359 237 50 dubitatum.
677 2359 220 50 propterea
846 2359 153 50 tamen
948 2359 119 50 non
1016 2359 119 50 est
1083 2359 119 50 ita
1134 2359 136 50 factum

497 2390 112 64 Sic
561 2390 144 64 dicit
657 2390 176 64 secundo
785 2390 144 64 super
881 2390 192 64 Genesim,
1026 2390 144 64 parum
1122 2390 144 64 vltra
1202 2390 64 64 me

498 2435 138 62 dium:
590 2435 138 62 caelo
681 2435 107 62 non
743 2435 122 62 moto
819 2435 92 62 si
865 2435 153 62 sydera
972 2435 230 62 verterentur
1156 2435 77 62 /
1171 2435 107 62 fieri

492 2485 190 56 potuisse
634 2485 142 56 omnia
729 2485 126 56 quae
808 2485 95 56 in
855 2485 142 56 ipsis
950 2485 174 56 syderum
1061 2485 205 56 versionibus

491 2530 250 56 animaduersa
691 2530 150 56 atque
791 2530 233 56 deprehensa
975 2530 150 56 sunt.
1075 2530 167 56 potest
1175 2530 100 56 enim

492 2565 117 65 deus
565 2565 73 65 &
595 2565 146 65 caelum
697 2565 160 65 partiti
813 2565 73 65 /
842 2565 160 65 reunire
959 2565 73 65 /
988 2565 175 65 frangere
1120 2565 73 65 &
1134 2565 146 65 annihila

504 2599 73 67 re
540 2599 61 67 /
564 2599 73 67 si
589 2599 133 67 voluerit.

485 2668 124 106 â‹
535 2668 149 106 In
609 2668 274 106 quintam
808 2668 398 106 conclusionem
1107 2668 174 106 argui

1322 305 132 59 tur.
1405 305 166 59 Gustus
1521 305 215 59 ordinatur
1687 305 182 59 propter
1819 305 265 59 nutrimentum.
2034 305 116 59 sed

1335 356 89 57 in
1380 356 134 57 caelo
1469 356 104 57 non
1528 356 119 57 erit
1603 356 193 57 nutritio:
1751 356 119 57 ergo
1826 356 104 57 nec
1885 356 164 57 gustus.
2004 356 74 57 â‹
2019 356 104 57 Secun

1325 400 95 52 do
1373 400 206 52 arguitur,
1531 400 111 52 non
1594 400 127 52 erit
1673 400 174 52 aliquod
1800 400 206 52 guitabile
1942 400 174 52 appositum

1336 446 164 54 linguae
1455 446 89 54 in
1500 446 104 54 qua
1559 446 104 54 est
1619 446 149 54 sensus
1723 446 164 54 gustus.
1842 446 89 54 Si
1887 446 149 54 dicas.
1991 446 134 54 sapor
2065 446 60 54 li

1330 493 133 57 guae
1413 493 116 57 est
1480 493 199 57 obiectum
1629 493 182 57 motiuum
1762 493 166 57 sensus
1878 493 182 57 gustus:
1994 493 116 57 Obii-

1331 533 127 52 cio.
1411 533 207 52 sensibile
1570 533 175 52 positum
1697 533 143 52 super
1792 533 159 52 sensum
1903 533 111 52 non
1967 533 143 52 facit
2047 533 79 52 sen

1333 576 215 56 sationem.
1499 576 99 56 tu
1549 576 132 56 enim
1631 576 116 56 non
1697 576 199 56 percipis
1846 576 182 56 saporem
1962 576 149 56 linguae

1341 629 137 52 tuae:
1432 629 137 52 licet
1523 629 137 52 canis
1614 629 91 52 si
1660 629 106 52 eam
1721 629 167 52 haberet
1842 629 228 52 comedendam,
2010 629 106 52 perci

1334 673 160 55 peret:
1446 673 128 55 quia
1526 673 160 55 lingua
1637 673 128 55 eius
1717 673 239 55 immutaretur
1909 673 144 55 solum
2004 673 80 55 a
2020 673 96 55 spe-

1333 716 104 57 cie
1392 716 222 57 gustabilis:
1570 716 133 57 quare
1659 716 192 57 gustabile
1806 716 222 57 perciperet.
1984 716 74 57 â‹
1999 716 118 57 Respon

1329 764 160 48 detur
1436 764 106 48 ad
1489 764 177 48 primum
1613 764 195 48 negando
1755 764 266 48 antecedens.
1968 764 124 48 nam
2021 764 89 48 pro

1344 804 127 50 omni
1424 804 143 50 statu
1519 804 111 50 est
1583 804 95 50 de
1630 804 238 50 perfectione
1821 804 191 50 hominis:
1964 804 79 50 &
1980 804 143 50 appetit

1334 848 195 48 coniungi
1480 848 114 48 suo
1545 848 179 48 obiecto
1675 848 114 48 per
1740 848 163 48 actum.
1854 848 81 48 â‹
1886 848 195 48 Secundum
2016 848 98 48 argu

1334 889 176 51 mentum
1458 889 194 51 quaerit
1598 889 194 51 quomodo
1739 889 211 51 obiectum
1897 889 106 51 ei
1933 889 194 51 applicabi

1329 936 128 49 tur.
1409 936 96 49 Ad
1457 936 128 49 quod
1536 936 128 49 dico
1616 936 128 49 quod
1696 936 128 49 erit
1775 936 175 49 aliquid
1903 936 175 49 sapidum
2030 936 80 49 &
2046 936 80 49 te-

1331 978 110 57 nue
1394 978 79 57 /
1426 978 174 57 linguae
1552 978 205 57 immediate
1710 978 237 57 applicatum,
1899 978 126 57 quod
1962 978 158 57 cuilibet

1341 1028 164 53 optime
1455 1028 180 53 sapiet.
1586 1028 164 53 Simile
1701 1028 180 53 habemus
1831 1028 98 53 in
1881 1028 213 53 scriptura
2028 1028 98 53 san-

1336 1071 137 48 cta,
1422 1071 86 48 &
1456 1071 223 48 suasionem
1628 1071 120 48 seu
1697 1071 292 48 manuductionem
1937 1071 189 48 propter
2057 1071 69 48 ru

1333 1113 107 55 des
1394 1113 76 55 /
1424 1113 92 55 de
1470 1113 137 55 manna
1562 1113 168 55 Numeri.
1684 1113 107 55 xi.
1745 1113 76 55 &
1775 1113 214 55 Deuterono.
1943 1113 137 55 viii.
2034 1113 122 55 quod

1340 1164 205 49 cuilibet
1494 1164 205 49 sapiebat
1648 1164 188 49 quomodo
1784 1164 205 49 volebat.
1938 1164 103 49 De
1989 1164 120 49 quo
2041 1164 85 49 Sa-

1346 1200 143 52 pien.
1441 1200 127 52 xvi.
1520 1200 111 52 hoc
1584 1200 127 52 modo
1663 1200 222 52 scribitur.
1837 1200 111 52 Pro
1900 1200 158 52 quibus
1995 1200 127 52 angelo

1340 1252 112 49 rum
1404 1252 144 49 escam
1500 1252 224 49 nutriuisti
1676 1252 176 49 populum
1803 1252 144 49 tuum:
1899 1252 80 49 &
1931 1252 176 49 paratum
2043 1252 80 49 pa-

1334 1298 101 47 nem
1391 1298 87 47 de
1435 1298 130 47 caelo
1521 1298 231 47 praestitisti
1709 1298 130 47 illis
1795 1298 115 47 sine
1867 1298 159 47 labore:
1983 1298 115 47 omne
2040 1298 87 47 dele

1339 1333 223 53 ctamentum
1510 1333 103 53 in
1562 1333 103 53 se
1613 1333 223 53 habentem,
1785 1333 86 53 &
1819 1333 154 53 omnis
1922 1333 189 53 saporis
2042 1333 86 53 sua

1336 1379 213 53 uitatem.
1496 1379 266 53 Substantiam
1708 1379 142 53 enim
1797 1379 142 53 tuam
1886 1379 89 53 &
1903 1379 213 53 dulcedinem

1338 1428 131 49 tuam
1419 1428 131 49 quam
1501 1428 98 49 in
1550 1428 164 49 filios
1665 1428 147 49 habes
1763 1428 245 49 ostendebas.
1959 1428 82 49 &
1976 1428 147 49 deserui

1331 1467 109 48 ens
1394 1467 265 48 vniuscuiusque
1612 1467 218 48 voluntati:
1783 1467 93 48 ad
1830 1467 125 48 quod
1908 1467 171 48 quisque
2017 1467 109 48 vole-

1342 1512 108 54 bat
1403 1512 277 54 conuertebatur.
1634 1512 138 54 Illic
1726 1512 138 54 nempe
1818 1512 123 54 erat
1895 1512 154 54 figura
1988 1512 138 54 saporis

1339 1555 216 59 caelestis.
1508 1555 154 59 Litera
1616 1555 139 59 autem
1709 1555 154 59 potest
1817 1555 154 59 exponi
1925 1555 93 59 de
1972 1555 108 59 hoc
2033 1555 124 59 quod

1343 1603 172 46 ponitur
1469 1603 141 46 super
1562 1603 172 46 linguam
1688 1603 157 46 beati:
1797 1603 141 46 sicut
1891 1603 203 46 scriptura
2032 1603 94 46 nunc

1333 1649 167 46 loquens
1454 1649 91 46 de
1500 1649 152 46 figura
1606 1649 182 46 procedit
1743 1649 91 46 ad
1789 1649 213 46 figuratum.
1956 1649 91 46 Et
1986 1649 137 46 vocatur

1338 1689 191 57 angelorum
1485 1689 132 57 esca:
1573 1689 117 57 quia
1647 1689 103 57 est
1705 1689 132 57 illud
1793 1689 117 57 quod
1867 1689 161 57 linguis
1984 1689 132 57 eorum
2058 1689 73 57 qui

1331 1731 210 51 angelice
1488 1731 175 51 viuunt
1610 1731 245 51 apponitur.
1802 1731 262 51 Quemadmodum
1995 1731 122 51 autem

1341 1781 119 53 pero
1416 1781 104 53 hoc
1475 1781 134 53 statu
1565 1781 134 53 datur
1654 1781 164 53 maximum
1773 1781 104 53 non
1833 1781 194 53 sensibile
1982 1781 75 53 a
1997 1781 119 53 poten-

1329 1824 104 47 tia
1388 1824 148 47 visiua
1492 1824 118 47 tua:
1566 1824 74 47 &
1596 1824 133 47 certa
1685 1824 237 47 propinquitas
1877 1824 89 47 in
1922 1824 104 47 qua
1966 1824 148 47 visibile

1339 1868 103 45 non
1398 1868 176 45 videtur:
1530 1868 191 45 (fortasse
1677 1868 103 45 non
1736 1868 117 45 erit
1809 1868 103 45 sic
1868 1868 88 45 in
1912 1868 161 45 patria)
2014 1868 103 45 eodem

1340 1920 127 51 modo
1420 1920 159 51 potest
1531 1920 127 51 esse
1610 1920 95 51 de
1658 1920 159 51 sapore
1769 1920 95 51 in
1801 1920 143 51 lingua.

1329 1971 120 84 â‹
1377 1971 239 84 Contra
1545 1971 192 84 omes
1664 1971 383 84 conclusiones
1951 1971 168 84 simul

1339 2045 233 52 urgumentor.
1525 2045 93 52 Si
1571 2045 155 52 sensus
1680 2045 186 52 quilibet
1819 2045 109 52 sit
1881 2045 93 52 in
1928 2045 109 52 sua
1974 2045 155 52 operatio

1332 2095 115 53 ne:
1397 2095 147 53 alter
1495 2095 180 53 alterum
1626 2095 213 53 impediet.
1790 2095 115 53 nam
1855 2095 147 53 iuxta
1937 2095 180 53 Auicennam

1339 2135 137 49 sexto
1430 2135 213 49 Naturalium
1597 2135 152 49 parte.
1704 2135 91 49 v.
1749 2135 106 49 ca.
1810 2135 122 49 vii.
1886 2135 106 49 vna
1931 2135 198 49 potentiarum

1333 2179 154 52 animae
1440 2179 185 52 retrahit
1579 2179 138 52 aliam
1671 2179 77 52 a
1702 2179 108 52 sua
1763 2179 231 52 operatione.
1948 2179 123 52 quod
2009 2179 108 52 osten

1338 2226 97 45 do
1386 2226 276 45 exemplariter.
1614 2226 114 45 nam
1679 2226 162 45 siquis
1792 2226 195 45 loquatur
1938 2226 179 45 naultum
2052 2226 65 45 in

1336 2268 132 51 tento
1425 2268 88 51 in
1469 2268 132 51 visu:
1557 2268 88 51 is
1601 2268 103 51 non
1660 2268 191 51 percipit:
1807 2268 103 51 nec
1866 2268 177 51 potentia
1984 2268 132 51 auditi-

1338 2313 93 45 ua
1384 2313 201 45 vitaliter
1539 2313 201 45 immutatur
1693 2313 216 45 auditione:
1863 2313 139 45 licet
1956 2313 139 45 auris
2033 2313 93 45 patu

1343 2355 86 58 la
1386 2355 158 58 species
1501 2355 115 58 soni
1573 2355 187 58 recipiat:
1717 2355 115 58 quia
1789 2355 173 58 potentia
1919 2355 144 58 visiua
2020 2355 101 58 est
2063 2355 72 58 mul

1335 2403 113 45 tum
1399 2403 194 45 occupata
1545 2403 97 45 in
1593 2403 194 45 visione.
1739 2403 113 45 sed
1803 2403 145 45 beati
1900 2403 113 45 non
1965 2403 145 45 parum
2045 2403 81 45 im-

1340 2443 212 46 mergentur
1503 2443 98 46 in
1552 2443 180 46 visione
1682 2443 245 46 humanitatis
1878 2443 180 46 Christi
2009 2443 82 46 &
2025 2443 98 46 bea-

1339 2486 148 52 torum:
1443 2486 89 52 vt
1488 2486 134 52 habet
1577 2486 148 52 beatus
1681 2486 208 52 Augustinus
1844 2486 89 52 in
1888 2486 119 52 lib.
1963 2486 89 52 de
1992 2486 134 52 spiritu

1331 2531 86 55 &
1365 2531 172 55 anima.
1486 2531 86 55 â‹
1520 2531 276 55 Respondetur.
1744 2531 121 55 hoc
1813 2531 241 55 argumentum
2002 2531 103 55 si
2037 2531 86 55 ali

1337 2586 128 40 quid
1417 2586 176 40 valeret
1545 2586 192 40 probaret
1689 2586 128 40 quod
1768 2586 144 40 visus
1864 2586 208 40 impediret
2008 2586 112 40 actum

1332 2625 238 49 intellectus
1523 2625 79 49 &
1555 2625 238 49 voluntatis.
1745 2625 143 49 Quare
1841 2625 127 49 dico
1920 2625 127 49 quod
2000 2625 111 49 pro
2048 2625 79 49 hoc

1339 2664 164 49 statu
1448 2664 145 49 vnus
1539 2664 182 49 sensus
1666 2664 182 49 multum
1793 2664 218 49 immersus
1956 2664 127 49 suo
2011 2664 109 49 obie

1344 2709 111 59 cto
1408 2709 191 59 prohibet
1551 2709 143 59 alios
1646 2709 175 59 sensus,
1773 2709 111 59 nae
1836 2709 127 59 suos
1916 2709 143 59 actus
1995 2709 143 59 habeant
