2364 3308
463 304 127 51 nitum
548 304 71 51 &
576 304 198 51 infinitum.
731 304 113 51 bene
802 304 127 51 autem
886 304 99 51 quo
943 304 85 51 ad
985 304 226 51 perfectionem
1154 304 85 51 maio

464 347 99 58 rem
521 347 71 58 &
549 347 170 58 minorem:
677 347 113 58 quia
748 347 142 58 semper
847 347 227 58 perfectioris
1031 347 156 58 obiecti
1131 347 113 58 perfe-

473 383 126 61 ctior
557 383 98 61 est
613 383 168 61 notitia.
739 383 70 61 â‹
767 383 84 61 Et
809 383 84 61 ad
851 383 252 61 confirmationem
1061 383 112 61 nego
1131 383 112 61 quod
1187 383 56 61 no

475 435 112 46 titia
549 435 150 46 alicuius
662 435 62 46 &
686 435 137 46 eaturae
786 435 100 46 erit
849 435 125 46 tantae
936 435 199 46 perfectionis
1098 435 137 46 quantae
1185 435 50 46 no

467 480 122 48 titia
549 480 109 48 dei.
617 480 95 48 hoc
672 480 109 48 enim
740 480 95 48 non
794 480 95 48 est
848 480 177 48 possibile
984 480 150 48 ponendo
1080 480 163 48 perfectio-

480 524 94 50 nem
533 524 188 50 notitiarum
681 524 81 50 ex
722 524 121 50 parte
802 524 202 50 obiectorum.
964 524 81 50 Et
1004 524 108 50 nego
1071 524 108 50 quod
1138 524 94 50 sit
1179 524 67 50 cer

466 566 83 61 ta
508 566 180 61 proportio
646 566 83 61 in
688 566 208 61 perfectione
854 566 194 61 cuiussibet
1006 566 138 61 finiti
1103 566 83 61 ad
1130 566 111 61 quodli

471 604 92 67 bet
523 604 157 67 finitum.
641 604 92 67 nam
693 604 79 67 si
733 604 144 67 notitia
837 604 183 67 inferioris
981 604 170 67 indiuidui
1112 604 79 67 in
1138 604 105 67 perfe-

480 651 131 60 ctione
572 651 210 60 duplicaretur
742 651 66 60 /
769 651 223 60 triplicaretur
952 651 66 60 /
978 651 66 60 &
1005 651 92 60 sic
1057 651 184 60 ascendendo
1202 651 79 60 in

476 693 168 68 infinitum
605 693 78 68 in
644 693 116 68 eadem
722 693 142 68 specie:
825 693 142 68 nunquam
929 693 103 68 erit
993 693 181 68 perfectior
1123 693 129 68 specifi-

473 748 83 52 ce
515 748 69 52 /
542 748 125 52 licet
626 748 111 52 bene
695 748 263 52 indiuidualiter.
916 748 125 52 sicut
1000 748 83 52 si
1041 748 83 52 ad
1069 748 180 52 imaginatio-

464 788 92 49 nem
516 788 118 49 (quae
595 788 92 49 non
648 788 92 49 est
701 788 197 49 possibilis)
859 788 92 49 res
911 788 184 49 circumiret
1056 788 118 49 omnes
1122 788 118 49 species

464 829 192 62 inferiores
615 829 69 62 /
643 829 151 62 nunquam
753 829 151 62 veniret
863 829 82 62 ad
904 829 220 62 perfectionem
1069 829 165 62 superioris

468 874 133 53 specie
561 874 67 53 i
588 874 67 53 /
614 874 160 53 quousque
734 874 160 53 superius
854 874 253 53 repraesentaret:
1067 874 67 53 &
1094 874 120 53 esset
1160 874 80 53 eius

472 922 190 54 notitia.
615 922 111 54 Hoc
678 922 142 54 patet
773 922 142 54 inter
868 922 221 54 nigredinem
1041 922 79 54 &
1057 922 190 54 albedinem:

474 967 117 47 quia
548 967 161 47 notitia
665 967 190 47 intuitiua
811 967 190 47 albedinis
957 967 161 47 excedit
1074 967 176 47 infinite
1191 967 59 47 no

459 1008 151 54 titiam
565 1008 212 54 intuitiuam
731 1008 227 54 nigredinis:
913 1008 106 54 hoc
974 1008 121 54 est,
1034 1008 212 54 improportio-

463 1054 189 56 nabiliter.
612 1054 108 56 puto
680 1054 122 56 etiam
761 1054 108 56 quod
828 1054 108 56 dari
896 1054 149 56 possint
1004 1054 176 56 infinitae
1125 1054 122 56 species

465 1091 217 67 intermediae:
642 1091 136 67 quarum
737 1091 177 67 quaelibet
873 1091 109 67 erit
941 1091 190 67 perfectior
1077 1091 163 67 nigredine-

465 1138 73 67 &
495 1138 234 67 imperfectior
685 1138 191 67 albedine.
832 1138 73 67 &
861 1138 103 67 est
920 1138 132 67 eadem
1008 1138 220 67 difficultas
1169 1138 73 67 quo

468 1180 83 68 ad
510 1180 139 68 aliqua
607 1180 83 68 in
648 1180 180 68 argumento
787 1180 69 68 /
815 1180 125 68 inter
898 1180 166 68 notitiam
1023 1180 194 68 nigredinis
1162 1180 83 68 quae

464 1231 143 64 potest
564 1231 143 64 habere
664 1231 186 64 infinitas
808 1231 172 64 notitias
937 1231 229 64 perfectiores
1109 1231 129 64 nigredi

472 1268 113 66 dine
542 1268 127 66 citra
627 1268 226 66 perfectionem
811 1268 169 66 notitiae
938 1268 198 66 albedinis.
1079 1268 155 66 Dicebaspo

458 1321 139 47 nendo
550 1321 247 47 perfectionem
751 1321 216 47 notitiarum
920 1321 93 47 ex
967 1321 139 47 parte
1044 1321 185 47 obiectorum

466 1360 119 64 quia
541 1360 179 64 superius
675 1360 164 64 diximus
794 1360 119 64 quod
868 1360 179 64 respectu
1003 1360 164 64 eiusdem
1107 1360 134 64 obiecti

472 1410 148 62 possunt
579 1410 108 62 dari
646 1410 108 62 duae
714 1410 161 62 notitiae
835 1410 188 62 intuitiuae
983 1410 134 62 specie
1063 1410 175 62 distinctae:

463 1454 68 49 &
491 1454 95 49 per
545 1454 190 49 consequens
694 1454 95 49 vna
748 1454 109 49 erit
816 1454 190 49 perfectior
966 1454 122 49 alia.
1047 1454 81 49 Et
1088 1454 95 49 qua
1128 1454 109 49 ratioe

471 1492 110 55 duae
540 1492 69 55 /
567 1492 151 55 possunt
677 1492 110 55 dari
746 1492 192 55 infinitae:
897 1492 110 55 quia
966 1492 165 55 respectu
1090 1492 137 55 angeli
1172 1492 69 55 est

472 1547 95 50 vna
527 1547 150 50 notitia
636 1547 177 50 intuitiua
772 1547 109 50 quam
840 1547 122 50 anima
921 1547 163 50 separata
1044 1547 136 50 habet:
1139 1547 68 50 &
1152 1547 82 50 alia

455 1585 188 60 altioris
596 1585 172 60 speciei
721 1585 125 60 quam
799 1585 172 60 angelus
924 1585 188 60 superior
1065 1585 156 60 habet.
1159 1585 78 60 Ad-

469 1622 109 69 iuc
532 1622 93 69 in
578 1622 187 69 qualibet
719 1622 140 69 parte
812 1622 265 69 proportionali
1030 1622 140 69 horae
1108 1622 140 69 futurae

461 1679 140 43 potest
559 1679 112 43 deus
629 1679 140 43 facere
726 1679 223 43 perfectiorem
908 1679 168 43 notitiam
1034 1679 168 43 respectu
1145 1679 98 43 eius-

458 1716 88 65 dem
509 1716 139 65 angeli:
610 1716 164 65 quaelibet
736 1716 113 65 tamen
811 1716 101 65 erit
874 1716 126 65 finite
963 1716 164 65 perfecta.
1089 1716 126 65 potest
1164 1716 76 65 iten

473 1759 101 68 quis
537 1759 164 68 imaginari
663 1759 101 68 quod
726 1759 126 68 aliqua
815 1759 139 68 notitia
916 1759 114 68 illic
992 1759 101 68 erit
1055 1759 126 68 tantae
1131 1759 101 68 perfe-

462 1805 147 60 ctionis
568 1805 147 60 quantae
675 1805 93 60 est
728 1805 147 60 notitia
835 1805 173 60 intuitiua
968 1805 107 60 dei.
1035 1805 107 60 quod
1102 1805 120 60 adhuc
1168 1805 67 60 non

465 1854 147 63 credo.
568 1854 73 63 â‹
597 1854 147 63 Quarto
700 1854 191 63 arguitur.
847 1854 176 63 quilibet
979 1854 147 63 beatus
1067 1854 161 63 cognoscit

457 1888 115 64 deum
529 1888 187 64 infinite:
673 1888 115 64 ergo
745 1888 101 64 deu
802 1888 245 64 comprehendit.
1004 1888 202 64 antecedens
1148 1888 86 64 pro-

461 1936 136 66 batur:
557 1936 109 66 quia
625 1936 82 66 si
666 1936 123 66 solum
748 1936 177 66 cognoscit
884 1936 109 66 deum
952 1936 150 66 finite:
1061 1936 123 66 errat
1143 1936 123 66 cogno

450 1986 145 55 scendo:
555 1986 79 55 si
595 1986 171 55 infinite,
726 1986 145 55 habetur
831 1986 197 55 propositum.
989 1986 66 55 â‹
1016 1986 197 55 Respondetur
1160 1986 66 55 per

460 2028 259 57 propositiones:
676 2028 144 57 quarum
777 2028 130 57 prima
863 2028 115 57 est.
935 2028 173 57 quilibet
1065 2028 144 57 beatus
1152 2028 86 57 infi

457 2081 169 50 nitatem
580 2081 108 50 dei
641 2081 215 50 cognoscit,
810 2081 185 50 probatur
949 2081 123 50 sic.
1026 2081 123 50 hunc
1103 2081 123 50 deum
1164 2081 77 50 co-

447 2121 179 58 gnoscit:
581 2121 104 58 hic
641 2121 119 58 deus
715 2121 104 58 est
775 2121 194 58 infinitas
923 2121 119 58 dei.
998 2121 164 58 igitur.
1117 2121 74 58 â‹
1132 2121 104 58 Secun

460 2156 85 62 da
502 2156 211 62 propositio.
671 2156 113 62 stat
742 2156 155 62 finitum
855 2156 169 62 infinita
981 2156 155 62 notitia
1080 2156 155 62 cognosci:

454 2205 77 55 &
484 2205 199 55 infinitum
638 2205 153 55 finita
745 2205 169 55 notitia
867 2205 199 55 cognosci.
1021 2205 138 55 prior
1112 2205 123 55 pars
1174 2205 61 55 pa

447 2257 107 49 tet
508 2257 92 49 de
554 2257 168 49 notitia
676 2257 107 49 dei
737 2257 92 49 in
783 2257 153 49 ordine
890 2257 92 49 ad
936 2257 214 49 creaturam.
1088 2257 138 49 secunda

456 2293 93 58 de
503 2293 171 58 notitia
627 2293 217 58 beatifica.
798 2293 78 58 â‹
829 2293 155 58 Tertia
938 2293 233 58 propositio.
1124 2293 124 58 deus
1186 2293 47 58 a

447 2338 146 64 beato
544 2338 244 64 cognoscitur
739 2338 227 64 infinitus.
918 2338 114 64 nam
982 2338 97 64 si
1015 2338 211 64 cognoscere-

454 2384 103 58 tur
513 2384 103 58 sub
572 2384 161 58 ratione
689 2384 205 58 finitatis:
850 2384 103 58 non
909 2384 234 58 sufficienter
1084 2384 147 58 satiaret

446 2420 239 73 intellectum
637 2420 159 73 beati:
749 2420 112 73 nec
813 2420 271 73 cognosceretur
1036 2420 112 73 sub
1084 2420 143 73 ratione

453 2465 204 62 beatifica
610 2465 78 62 &
641 2465 172 62 optima.
767 2465 157 62 beatus
876 2465 125 62 enim
955 2465 204 62 essentiae
1096 2465 125 62 vnita:

446 2516 115 58 tem
511 2516 82 58 /
544 2516 82 58 &
577 2516 230 58 personarum
758 2516 230 58 trinitatem
939 2516 164 58 videt:
1054 2516 132 58 quae
1120 2516 115 58 prius

449 2551 209 74 credidit.
610 2551 113 74 nam
674 2551 161 74 habens
787 2551 209 74 perfectam
948 2551 80 74 &
980 2551 225 74 distinctam
1141 2551 80 74 non

452 2594 157 85 titiam
562 2594 126 85 dei,
641 2594 142 85 videt
735 2594 142 85 omnia
830 2594 126 85 eius
908 2594 189 85 interna:
1050 2594 79 85 &
1066 2594 157 85 quicquid

452 2637 107 81 cum
513 2637 122 81 ipso
574 2637 244 81 identificatur.

1304 311 114 84 â‹
1350 311 388 84 Distinctionis
1646 311 456 84 Quadragesimaenonae

1463 374 282 78 Quaestio
1650 374 329 78 Decimasexta.

1699 455 188 88 Estat
1824 455 250 88 quaestio
1991 455 104 88 pro

1701 525 125 61 xime
1780 525 110 61 iam
1842 525 220 61 proposita:
2015 525 125 61 quid

1702 569 104 55 sit
1762 569 149 55 videre
1866 569 90 55 in
1911 569 149 55 verbo:
2015 569 75 55 &
2030 569 60 55 An

1719 616 131 60 videns
1811 616 131 60 verbum
1902 616 118 60 omnia
1981 616 105 60 quae
2047 616 79 60 in

1713 663 140 56 verbo
1807 663 187 56 relucent
1947 663 78 56 /
1962 663 140 56 videat.

1713 705 104 56 Pro
1773 705 134 56 cuius
1862 705 194 56 solutione
1997 705 104 56 scito

1709 749 104 60 quod
1774 749 91 60 non
1826 749 117 60 facio
1904 749 91 60 hic
1943 749 156 60 difficulta

1673 795 68 59 u
1701 795 82 59 te
1742 795 82 59 de
1783 795 150 59 visione
1892 795 82 59 in
1933 795 150 59 proprio
2029 795 68 59 ge-

1322 844 114 42 nere,
1398 844 114 42 notum
1474 844 89 42 est
1525 844 101 42 enim
1588 844 101 42 quod
1652 844 114 42 btuns
1728 844 165 42 acquirere
1854 844 127 42 potest
1943 844 114 42 alias
2006 844 89 42 noti-

1311 884 118 49 tias
1385 884 104 49 tam
1444 884 237 49 abstractiuas
1637 884 118 49 quam
1711 884 207 49 intuitiuas
1874 884 89 49 ex
1918 884 163 49 seipso.
2022 884 74 49 Sic

1316 934 113 54 ergo
1386 934 198 54 intellectu
1542 934 198 54 questionis
1697 934 183 54 restricto
1838 934 71 54 /
1866 934 141 54 aliqua
1951 934 141 54 praemita

1319 975 128 40 tam,
1399 975 160 40 postea
1511 975 224 40 conclusiue
1687 975 256 40 responsurus.
1894 975 80 40 â‹
1926 975 96 40 De
1958 975 144 40 visione

1317 1019 88 43 in
1361 1019 133 43 verbo
1450 1019 221 43 recentiores
1627 1019 88 43 ab
1671 1019 177 43 antiquis
1803 1019 250 43 discesserunt.
1995 1019 103 43 Anti-

1315 1060 95 56 qui
1370 1060 109 56 enim
1438 1060 163 56 dicebant
1560 1060 109 56 quod
1628 1060 122 56 beati
1710 1060 136 56 vident
1805 1060 95 56 res
1859 1060 82 56 in
1900 1060 122 56 verbo
1968 1060 109 56 tamqua

1306 1107 85 48 in
1348 1107 155 48 speculo
1461 1107 85 48 in
1503 1107 99 48 quo
1560 1107 183 48 creaturae
1700 1107 183 48 relucent.
1841 1107 99 48 sed
1898 1107 113 48 quia
1968 1107 99 48 hoc
2010 1107 85 48 indi

1315 1149 148 59 gestum
1419 1149 252 59 posterioribus
1627 1149 134 59 visum
1716 1149 119 59 est:
1790 1149 134 59 aliam
1879 1149 119 59 viam
1939 1149 163 59 imaginati

1309 1196 133 44 sunt.
1398 1196 208 44 Antiquorum
1561 1196 133 44 autem
1650 1196 133 44 modus
1739 1196 163 44 dicendi
1858 1196 119 44 erat
1932 1196 133 44 iste.
2006 1196 74 44 Bea

1319 1237 82 55 ti
1360 1237 137 55 vident
1457 1237 82 55 in
1498 1237 124 55 verbo
1580 1237 151 55 tanquam
1690 1237 82 55 in
1732 1237 151 55 speculo
1842 1237 96 55 res
1897 1237 82 55 in
1938 1237 82 55 eo
1965 1237 124 55 relucen

1313 1285 109 48 tes.
1381 1285 68 48 &
1409 1285 245 48 qualitercumque
1613 1285 150 48 antiqui
1722 1285 245 48 intellexerint,
1926 1285 95 48 non
1967 1285 122 48 refert:

1296 1330 162 45 modum
1404 1330 162 45 illum
1512 1330 252 45 explicabo:
1709 1330 252 45 supponendo
1907 1330 126 45 pro
1961 1330 126 45 funda

1306 1374 139 46 mento:
1404 1374 112 46 quod
1473 1374 153 46 angelus
1585 1374 112 46 sibi
1655 1374 167 46 relictus
1780 1374 70 46 &
1808 1374 167 46 quilibet
1934 1374 139 46 beatus
2017 1374 70 46 vel

1309 1415 136 53 anima
1400 1415 136 53 beata
1490 1415 151 53 potest
1596 1415 166 53 intueri
1717 1415 166 53 secreta
1838 1415 212 53 cuiussibet
1989 1415 106 53 crea-

1306 1461 144 50 turae:
1406 1461 72 50 &
1435 1461 231 50 cogitationes
1623 1461 115 50 eius
1695 1461 231 50 contemplari,
1882 1461 159 50 pariter
1998 1461 72 50 &
2012 1461 72 50 vo-

1307 1500 180 56 litiones,
1446 1500 125 56 sicut
1529 1500 111 56 eius
1598 1500 194 56 essentiam.
1750 1500 97 56 hoc
1805 1500 97 56 ex.
1861 1500 97 56 ix.
1902 1500 194 56 distinctione

1312 1544 169 55 Secundi
1434 1544 184 55 suppono.
1572 1544 138 55 licet
1664 1544 138 55 autem
1756 1544 138 55 varii
1848 1544 107 55 hoc
1909 1544 107 55 non
1955 1544 138 55 admitte

1302 1594 136 47 rent:
1392 1594 136 47 credo
1483 1594 136 47 illud
1573 1594 271 47 rationabilius.
1800 1594 121 47 lsto
1875 1594 196 47 supposito
2011 1594 75 47 de-

1302 1636 117 56 duco
1376 1636 176 56 materiam
1508 1636 117 56 sic.
1581 1636 147 56 beatus
1684 1636 132 56 Linus
1771 1636 147 56 potest
1874 1636 161 56 intueri
1977 1636 117 56 secre-

1293 1684 90 62 ta
1338 1684 135 62 beati
1428 1684 211 62 Michaelis:
1594 1684 75 62 &
1624 1684 135 62 omnes
1714 1684 241 62 cogitationes
1910 1684 120 62 eius
1970 1684 120 62 legere

1306 1727 84 48 in
1348 1727 141 48 libro,
1447 1727 84 48 si
1489 1727 225 48 sufficienter
1672 1727 113 48 sibi
1742 1727 225 48 applicentur.
1925 1727 113 48 ergo
1996 1727 84 48 si
2024 1727 56 48 ad

1299 1769 250 55 imaginationem
1505 1769 132 55 illae
1593 1769 206 55 qualitates
1755 1769 147 55 essent
1858 1769 132 55 extra
1931 1769 162 55 subiectum

1303 1814 68 63 &
1331 1814 95 63 per
1385 1814 81 63 se
1425 1814 203 63 existerent:
1587 1814 95 63 non
1641 1814 122 63 minus
1722 1814 122 63 illas
1803 1814 162 63 videret:
1925 1814 68 63 &
1952 1814 95 63 res
1992 1814 95 63 signi

1306 1858 158 54 ficatas
1421 1858 101 54 per
1478 1858 101 54 eas
1536 1858 259 54 apprehenderet.
1752 1858 72 54 â‹
1781 1858 101 54 His
1838 1858 144 54 dictis
1939 1858 115 54 addo
1997 1858 86 54 pro-

1306 1912 223 56 positiones.
1484 1912 148 56 quarum
1588 1912 134 56 Prima
1677 1912 119 56 est.
1752 1912 119 56 Deus
1826 1912 238 56 repraesentat
2004 1912 89 56 sibi

1306 1946 97 55 rem
1362 1946 125 55 omnem
1445 1946 208 55 possibilem.
1611 1946 97 55 hoc
1666 1946 111 55 est,
1735 1946 111 55 eius
1804 1946 166 55 essentia
1929 1946 97 55 est
1970 1946 111 55 omnium

1303 1991 122 59 rerum
1385 1991 204 59 intellectui
1548 1991 95 59 suo
1603 1991 272 59 repraesentatiua,
1834 1991 95 59 tam
1888 1991 163 59 complexe
1997 1991 68 59 qua

1303 2035 211 61 incomplexe.
1471 2035 154 61 Secunda
1584 2035 211 61 propositio.
1752 2035 154 61 Notitia
1864 2035 154 61 reflexa
1963 2035 112 61 reprae

1307 2077 139 63 sentat
1404 2077 111 63 omne
1474 2077 125 63 illud
1557 2077 111 63 quod
1626 2077 97 63 per
1682 2077 166 63 notitiam
1806 2077 166 63 directam
1917 2077 153 63 significa

1300 2128 110 43 tur.
1369 2128 137 43 Tertia
1465 2128 206 43 propositio.
1630 2128 124 43 Visio
1712 2128 178 43 beatifica
1849 2128 96 43 est
1904 2128 151 43 notitia
2000 2128 69 43 re-

1300 2171 137 58 flexa.
1396 2171 164 58 probatur
1519 2171 109 58 sic.
1588 2171 96 58 est
1642 2171 150 58 notitia
1752 2171 109 58 dei:
1820 2171 68 58 &
1847 2171 109 58 deus
1916 2171 96 58 est
1957 2171 123 58 notitia

1293 2211 178 57 directa:
1427 2211 119 57 quia
1501 2211 178 57 sibiipsi
1635 2211 134 57 omnem
1724 2211 104 57 rem
1784 2211 253 57 repraesentat:
1992 2211 119 57 ergo

1305 2256 107 49 eius
1371 2256 160 49 notitia:
1492 2256 160 49 scilicet
1612 2256 134 49 visio,
1706 2256 94 49 est
1759 2256 147 49 notitia
1866 2256 160 49 reflexa.
1973 2256 107 49 igitur

1302 2312 94 48 non
1355 2312 94 48 est
1409 2312 215 48 inconveniens
1584 2312 108 48 quod
1651 2312 108 48 illa
1718 2312 121 48 visio
1799 2312 175 48 quamlibet
1933 2312 94 48 rem
1973 2312 108 48 reprae

1292 2346 177 49 sentet.
1421 2346 129 49 Hanc
1501 2346 177 49 veterum
1630 2346 129 49 viam
1710 2346 145 49 soleo
1807 2346 113 49 sic
1855 2346 225 49 probabiliter

1297 2394 203 55 ostendere
1454 2394 109 55 per
1516 2394 109 55 has
1578 2394 265 55 propositiones
1797 2394 234 55 probabiles:
1984 2394 78 55 &
2016 2394 94 55 id

1308 2438 205 54 propterea,
1469 2438 117 54 quia
1542 2438 205 54 nominalium
1703 2438 146 54 schola
1805 2438 88 54 in
1849 2438 146 54 logica
1937 2438 131 54 profun-

1299 2477 89 67 da
1344 2477 104 67 pro
1403 2477 252 67 inconveniente
1611 2477 148 67 contra
1715 2477 178 67 antiquos
1848 2477 134 67 habet
1937 2477 119 67 quod
1997 2477 74 67 vna

1293 2526 161 45 notitia
1411 2526 117 45 nunc
1484 2526 235 45 repraesentet
1675 2526 88 45 a,
1719 2526 117 45 nunc
1792 2526 117 45 illa
1866 2526 132 45 eadem
1939 2526 132 45 reprae-

1301 2568 138 50 sentet
1398 2568 83 50 b.
1439 2568 207 50 actualiter:
1605 2568 69 50 &
1632 2568 97 50 non
1688 2568 83 50 a,
1729 2568 110 50 nunc
1798 2568 110 50 vero
1867 2568 83 50 a.
1908 2568 69 50 b
1936 2568 69 50 &
1964 2568 83 50 c.
2005 2568 97 50 Sed

1293 2611 92 47 ex
1339 2611 108 47 his
1400 2611 293 47 propositionibus
1647 2611 262 47 probabilibus,
1862 2611 92 47 in
1893 2611 185 47 nominalium

1294 2655 149 43 schola
1398 2655 104 43 non
1458 2655 134 43 debet
1547 2655 104 43 hoc
1607 2655 238 43 inconveniens
1801 2655 75 43 (
1831 2655 89 43 vt
1875 2655 179 43 videtur)
1994 2655 75 43 ha-

1294 2697 130 75 beri.
1380 2697 101 75 nam
1438 2697 188 75 quaelibet
1583 2697 159 75 istarum
1699 2697 246 75 propositionum
1901 2697 130 75 trium
1974 2697 101 75 addi
