2345 3314
481 355 158 64 natur,
592 355 173 64 inquit,
718 355 95 64 in
765 355 252 64 corruptione:
970 355 158 64 surget
1080 355 95 64 in
1111 355 142 64 incortu

491 404 171 65 ptione.
616 404 203 65 Seminatur
772 404 94 65 in
819 404 265 65 ignobilitate:
1037 404 156 65 surget
1146 404 94 65 in
1177 404 78 65 glo

491 454 125 53 ria.
570 454 203 53 Seminatur
726 454 94 53 in
773 454 250 53 infirmitate:
976 454 156 53 surget
1085 454 94 53 in
1117 454 156 53 virtute.

484 506 219 49 Seminatur
652 506 168 49 corpus
770 506 202 49 animale:
922 506 202 49 resurget
1073 506 168 49 corpus
1174 506 84 49 spi

487 539 167 50 rituale.
612 539 97 50 lta
668 539 84 50 vt
710 539 153 50 surgere
821 539 84 50 in
863 539 251 50 incorruptionem
1072 539 181 50 referatur
1197 539 56 50 ad

490 583 292 58 impassibilitatem:
740 583 153 58 surgere
851 583 83 58 in
893 583 139 58 gloria
990 583 83 58 ad
1032 583 208 58 claritatem:
1185 583 83 58 sur-

490 631 113 56 gere
560 631 84 56 in
603 631 155 56 virtute
715 631 84 56 ad
757 631 239 56 subtilitatem:
954 631 155 56 surgere
1067 631 197 56 spirituale
1208 631 56 56 ad

499 678 213 53 agilitatem.
669 678 128 53 iuxta
754 678 142 53 illud.
853 678 113 53 xvi.
924 678 85 53 de
967 678 184 53 ciuitate.
1108 678 113 53 cap.
1165 678 85 53 xxvi

492 717 203 53 Imperabit
649 717 125 53 deus
727 717 156 53 animo:
837 717 156 53 animus
946 717 172 53 corpori
1071 717 172 53 tanquam
1181 717 78 53 obe

491 771 160 53 dienti:
607 771 102 53 ibi
665 771 116 53 erit
737 771 174 53 suauitas
868 771 73 53 &
897 771 189 53 facilitas
1042 771 145 53 quanta
1129 771 131 53 regnan-

493 807 83 51 di
535 807 193 51 viuendique
687 807 180 51 facilitas
825 807 124 51 erit.
908 807 207 51 Necessarium
1074 807 124 51 autem
1156 807 111 51 erat
1212 807 55 51 ad

486 852 238 48 complementum
680 852 238 48 beatitudinis
874 852 104 48 has
933 852 149 48 habere
1037 852 149 48 dotes:
1142 852 104 48 non
1186 852 75 48 ta-

493 897 89 49 me
538 897 104 49 est
597 897 209 49 necessitas
761 897 224 49 simpliciter
940 897 149 49 dicta.
1044 897 119 49 Quia
1119 897 119 49 vero
1193 897 104 49 du-

494 942 184 45 bitaret
628 942 201 45 aliquis,
779 942 184 45 quomodo
913 942 168 45 corpus
1030 942 235 45 compositum
1198 942 67 45 ex

497 987 200 53 contrariis
654 987 171 53 perpetuo
782 987 157 53 duraret
897 987 86 53 ab
939 987 200 53 intrinseco
1097 987 71 53 &
1111 987 157 53 extrinse-

486 1036 112 54 co:
550 1036 80 54 &
582 1036 176 54 quomodo
710 1036 160 54 corpus
822 1036 160 54 posset
935 1036 128 54 esse
1015 1036 112 54 cum
1079 1036 144 54 caelo
1159 1036 96 54 empi

495 1072 120 51 reo:
570 1072 75 51 &
600 1072 90 51 an
645 1072 135 51 tarde
734 1072 105 51 ibi
794 1072 165 51 corpora
914 1072 194 51 moueantur
1064 1072 135 51 sicut
1153 1072 120 51 hic:
1213 1072 45 51 &

493 1113 86 64 an
536 1113 115 64 sint
607 1113 215 64 terrestria:
779 1113 186 64 propterea
922 1113 172 64 ponuntur
1051 1113 158 64 quatuor
1151 1113 115 64 dotes:

485 1169 125 61 quas
564 1169 281 61 comprehendemus
798 1169 109 61 per
860 1169 203 61 dictionem
1017 1169 141 61 Isac)

486 1205 106 72 ⁋
528 1205 253 72 Loquendo
718 1205 232 72 intaque
887 1205 127 72 in
950 1205 317 72 particulari
1183 1205 84 72 de

494 1273 193 44 dotibus:
638 1273 160 44 quaero
751 1273 112 44 per
815 1273 128 44 quid
895 1273 176 44 corpora
1023 1273 193 44 beatorum
1152 1273 112 44 eruni

491 1313 238 54 impassibilia.
687 1313 98 54 hoc
743 1313 98 54 est
799 1313 168 54 quaerere
926 1313 182 54 essentiam
1066 1313 126 54 dotis
1136 1313 126 54 inapass

485 1358 220 52 bilitatis.
658 1358 79 52 ⁋
690 1358 94 52 Ad
737 1358 236 52 quaestionem
925 1358 126 52 duas
1004 1358 173 52 inuenio
1114 1358 157 52 positio-

487 1404 115 52 nes.
559 1404 101 52 Vna
616 1404 130 52 tenet
703 1404 115 52 quod
775 1404 101 52 est
832 1404 158 52 quaedam
947 1404 173 52 qualitas
1077 1404 144 52 fiuens
1178 1404 72 52 a
1192 1404 72 52 bea

485 1446 197 46 titudine
632 1446 164 46 animae
747 1446 98 46 in
796 1446 147 46 ipsum
894 1446 180 46 corpus,
1025 1446 180 46 reddens
1140 1446 131 46 corpus

488 1493 249 54 impassibile.
691 1493 125 54 Alia
769 1493 171 54 positio
893 1493 156 54 nullam
1002 1493 140 54 talem
1080 1493 187 54 qualitatem

484 1543 144 48 ponit.
584 1543 101 48 cui
642 1543 187 48 adhaereo.
785 1543 86 48 In
829 1543 144 48 primis
929 1543 115 48 enim
1001 1543 101 48 non
1058 1543 101 48 est
1116 1543 144 48 facile
1202 1543 72 48 ca-

495 1583 106 55 ptu
555 1583 166 55 quomodo
676 1583 106 55 vna
736 1583 181 55 qualitas
872 1583 166 55 frigori
993 1583 75 55 /
1023 1583 151 55 calori
1128 1583 75 55 /
1158 1583 75 55 &
1174 1583 90 55 onmn

494 1623 218 50 corruptiuo
666 1623 218 50 intrinseco
838 1623 78 50 &
869 1623 218 50 extrinseco
1041 1623 203 50 resistat:
1181 1623 78 50 net

488 1671 185 51 quomodo
623 1671 151 51 anima
724 1671 151 51 talem
825 1671 236 51 qualitatem
1010 1671 135 51 quae
1077 1671 185 51 naturali-

499 1713 103 55 ter
558 1713 118 55 omni
632 1713 221 55 corruptioni
809 1713 206 55 resisteret
970 1713 74 55 /
1000 1713 191 55 causaret.
1132 1713 133 55 Insuper

488 1760 181 54 corpora
619 1760 230 54 damnatorum
800 1760 197 54 perpetuo
948 1760 165 54 durant
1064 1760 132 54 sine
1129 1760 132 54 corrum

486 1806 148 54 ptione
590 1806 208 54 intrinseca
753 1806 104 54 vel
813 1806 223 54 extrinseca:
991 1806 74 54 &
1021 1806 104 54 ibi
1080 1806 104 54 est
1139 1806 134 54 solum
1214 1806 59 54 as

486 1856 192 51 sistentia
634 1856 162 51 diuinam
752 1856 103 51 non
811 1856 207 51 concurrens
973 1856 89 51 ad
1017 1856 236 51 corruptionem
1194 1856 74 51 cor

496 1896 126 53 porum
580 1896 210 53 damnatorum.
748 1896 70 53 ⁋
776 1896 112 53 Dico
846 1896 126 53 ergo,
931 1896 112 53 quod
1001 1896 98 53 dos
1043 1896 224 53 impassibilita-

490 1941 107 53 tis
551 1941 184 53 supponit
689 1941 92 53 in
735 1941 138 53 recto
827 1941 107 53 pro
888 1941 169 53 corpore
1011 1941 153 53 beati,
1102 1941 169 53 connotan-

499 1981 90 47 do
544 1981 120 47 quod
619 1981 120 47 deus
694 1981 165 47 ratione
814 1981 150 47 actuum
920 1981 240 47 meritoriorum
1115 1981 90 47 in
1145 1981 120 47 quibus

501 2028 159 61 decessit,
623 2028 159 61 conseruat
745 2028 110 61 ipsum
819 2028 122 61 corpus
904 2028 73 61 ne
941 2028 147 61 patiatur
1051 2028 135 61 aliquid
1137 2028 122 61 laesiuum

487 2075 89 45 ab
532 2075 208 45 intrinseco
695 2075 104 45 vel
754 2075 223 45 extrinseco.
933 2075 104 45 Per
992 2075 134 45 istam
1081 2075 134 45 autem
1155 2075 119 45 conota

492 2117 155 55 tionem
601 2117 233 55 secluduntur
787 2117 186 55 elementa
927 2117 78 55 &
958 2117 171 55 corpora
1066 2117 202 55 damnatorum,

493 2161 115 57 quae
565 2161 101 57 non
622 2161 173 57 dicuntur
752 2161 101 57 sic
809 2161 158 57 dotata.
924 2161 115 57 Dixi
996 2161 173 57 (aliquid
1111 2161 144 57 laesiuum

493 2205 123 57 quia
569 2205 169 57 corpora
692 2205 184 57 beatorum
830 2205 184 57 visionem
968 2205 77 57 &
998 2205 215 57 accidentia
1152 2205 107 57 perfi

492 2248 140 48 ctiua
586 2248 218 48 recipiunt.
757 2248 78 48 &
788 2248 109 48 sic
851 2248 218 48 Augustinus
1022 2248 94 48 in
1069 2248 187 48 epistola
1194 2248 62 48 ad

495 2294 194 59 Dioscorum
644 2294 209 59 intelligit
808 2294 164 59 dicens.
927 2294 104 59 Tam
987 2294 179 59 potentem
1121 2294 134 59 fecit
1195 2294 60 59 de

481 2342 148 54 animam
585 2342 89 54 vt
629 2342 89 54 ex
673 2342 207 54 plenissima
836 2342 222 54 beatitudine
1014 2342 118 54 quae
1088 2342 89 54 in
1132 2342 118 54 fine
1191 2342 74 54 tem

491 2385 141 53 porum
586 2385 173 53 sanctis
711 2385 251 53 promittitur,
915 2385 189 53 redundet
1057 2385 94 53 in
1088 2385 173 53 inferiori

490 2435 173 39 naturam.
619 2435 115 39 deus
691 2435 130 39 autem
778 2435 130 39 istud
864 2435 130 39 facit
950 2435 158 39 ratione
1051 2435 216 39 beatitudinis.

494 2472 72 61 &
522 2472 101 61 hoc
580 2472 101 61 est
638 2472 130 61 verum
725 2472 87 61 de
768 2472 144 61 commui
869 2472 130 61 lege:
956 2472 116 61 nisi
1028 2472 159 61 propter
1129 2472 130 61 aliquid

486 2515 184 54 speciale
624 2515 184 54 interdum
761 2515 123 54 fiat
838 2515 214 54 oppositum.
1007 2515 92 54 vt
1053 2515 153 54 factum
1160 2515 107 54 est
1206 2515 61 54 in

487 2562 203 49 redemptore
647 2562 145 49 nostro
749 2562 160 49 tempore
865 2562 116 49 suae
938 2562 276 49 peregrinationis
1156 2562 116 49 secun-

485 2602 113 66 dum
550 2602 178 66 corpus.
679 2602 113 66 nam
744 2602 97 66 in
792 2602 113 66 via
857 2602 162 66 corpus
970 2602 129 66 eius
1051 2602 129 66 erat
1115 2602 146 66 passibi

491 2646 96 68 le
539 2646 112 68 pro
603 2646 175 68 generis
730 2646 159 68 humani
826 2646 223 68 redemptione.

485 2698 111 76 ⁋
529 2698 155 76 Sed
618 2698 222 76 contra
773 2698 200 76 insta
906 2698 288 76 arguitur.
1106 2698 155 76 Lucae

492 2755 163 67 vltimo
606 2755 179 67 Dominus
736 2755 130 67 post
817 2755 293 67 resurrectionem
1061 2755 146 67 dixit
1143 2755 130 67 disci

1319 347 143 74 pulis
1414 347 143 74 suis.
1509 347 174 74 Palpate
1636 347 79 74 &
1668 347 174 74 videte.
1795 347 95 74 Et
1842 347 206 74 Gregorius
2001 347 95 74 in
2033 347 63 74 Ho

1314 406 141 52 milia
1408 406 141 52 super
1502 406 141 52 illud
1596 406 188 52 loannis.
1736 406 109 52 xx.
1799 406 141 52 Infer
1893 406 172 52 digitum
2002 406 94 52 tuum

1316 447 126 52 huc.
1395 447 188 52 Corrumpi
1536 447 188 52 (inquit)
1677 447 173 52 necesse
1803 447 110 52 est
1866 447 126 52 quod
1928 447 173 52 palpatur.

1318 495 84 54 ⁋
1352 495 186 54 Insuper
1487 495 169 54 nullum
1605 495 220 54 violentum
1774 495 118 54 est
1842 495 236 54 perpetuum.
2011 495 84 54 sed

1325 544 164 58 corpus
1439 544 148 58 illud
1538 544 115 58 cum
1603 544 115 58 sit
1669 544 164 58 mixtum
1784 544 148 58 habet
1882 544 180 58 quatuor
1997 544 98 58 ele-

1313 588 150 52 menta
1413 588 100 52 in
1463 588 116 52 se:
1530 588 166 52 quorum
1646 588 216 52 quodlibet
1812 588 116 52 est
1879 588 150 52 extra
1962 588 133 52 regio-

1320 627 106 55 nem
1380 627 136 55 suam.
1471 627 76 55 ⁋
1502 627 91 55 Ad
1547 627 152 55 primum
1653 627 167 55 dicitur
1775 627 121 55 quod
1850 627 106 55 non
1911 627 106 55 est
1957 627 136 55 necessi

1324 681 176 49 recipere
1456 681 147 49 dictum
1559 681 132 49 beati
1647 681 191 49 Gregorii.
1794 681 103 49 Vel
1853 681 147 49 potest
1955 681 117 49 dici
2014 681 88 49 quod

1320 725 102 50 est
1379 725 248 50 corruptibile:
1583 725 73 50 &
1612 725 189 50 similiter
1757 725 146 50 corpus
1859 725 146 50 beati:
1961 725 160 50 caelum:
2063 725 44 50 &

1327 761 170 52 similia
1450 761 232 52 palpabilia.
1636 761 108 52 sed
1697 761 108 52 non
1759 761 247 52 corrumpetur.
1960 761 77 52 ⁋
1991 761 93 52 Ad
2022 761 77 52 se-

1320 808 157 48 cundum
1430 808 157 48 potest
1540 808 126 48 esse
1618 808 235 48 difficultas
1807 808 141 48 circa
1901 808 188 48 maiorem.
2027 808 78 48 nam

1320 857 131 46 mare
1402 857 99 46 in
1451 857 197 46 Telandia
1599 857 82 46 &
1632 857 99 46 in
1681 857 214 46 aliquibus
1845 857 148 46 locis
1927 857 181 46 Flandriae

1332 895 111 47 per
1395 895 174 47 aggeres
1522 895 79 47 &
1554 895 143 47 valla
1649 895 206 47 impeditur
1807 895 95 47 ne
1855 895 143 47 exeat
1950 895 95 47 in
1981 895 127 47 aridam

1327 938 84 54 &
1361 938 101 54 si
1411 938 168 54 mundus
1528 938 84 54 &
1562 938 184 54 homines
1696 938 201 54 durarent
1847 938 201 54 perpetuo
1981 938 117 54 sicui

1328 987 174 55 putabat
1455 987 253 55 Aristoteles:
1660 987 126 55 quid
1739 987 158 55 causae
1849 987 142 55 esset
1944 987 142 55 quare
2023 987 79 55 hoc

1320 1032 115 46 non
1385 1032 164 46 posset
1500 1032 147 46 fieri
1598 1032 213 46 perpetuo?
1761 1032 131 46 nisi
1843 1032 147 46 dicas
1941 1032 131 46 mare
2007 1032 98 46 vnam

1322 1073 155 57 plagam
1431 1073 155 57 terrae
1540 1073 155 57 sensim
1649 1073 186 57 amittere
1788 1073 78 57 /
1819 1073 140 57 aliam
1913 1073 202 57 lucrando.
2052 1073 47 57 &

1333 1122 123 48 tunc
1410 1122 123 48 erit
1486 1122 123 48 idem
1563 1122 92 48 de
1610 1122 123 48 omni
1687 1122 138 48 parte
1779 1122 169 48 terrae.
1902 1122 169 48 Secundo
2025 1122 108 48 ad-

1316 1162 140 53 missa
1410 1162 155 53 maiore
1518 1162 140 53 minor
1611 1162 109 53 est
1673 1162 155 53 falsa:
1782 1162 124 53 quia
1860 1162 109 53 non
1922 1162 124 53 sunt
1984 1162 124 53 elemen

1326 1215 92 47 ta
1372 1215 92 47 in
1418 1215 139 47 mixto
1510 1215 108 47 per
1572 1215 154 47 realem
1680 1215 246 47 existentiam.
1880 1215 77 47 &
1911 1215 139 47 licet
1988 1215 123 47 ponan-

1327 1253 115 53 tur:
1398 1253 115 53 nego
1470 1253 115 53 quod
1542 1253 101 53 ibi
1599 1253 215 53 detineantur
1772 1253 187 53 violente.
1915 1253 101 53 nam
1973 1253 86 53 si
2001 1253 101 53 lapis

1320 1298 224 49 detineretur
1499 1298 90 49 in
1544 1298 120 49 aere
1619 1298 149 49 semper
1724 1298 134 49 adeo:
1813 1298 134 49 licet
1903 1298 105 49 sit
1963 1298 149 49 contra
2052 1298 60 49 na

1320 1338 169 56 turalem
1442 1338 260 56 inclinationem
1657 1338 214 56 grauitatis
1825 1338 245 56 particularis
2009 1338 92 56 esse

1321 1390 138 46 supra
1413 1390 138 46 leue:
1505 1390 107 46 non
1566 1390 138 46 tamen
1658 1390 107 46 est
1719 1390 153 46 contra
1826 1390 260 46 inclinationem
2025 1390 77 46 to-

1320 1426 126 53 tius
1399 1426 188 53 vniuersi
1540 1426 78 53 &
1571 1426 157 53 causae
1681 1426 204 53 supremae,
1838 1426 126 53 quae
1917 1426 110 53 res
1979 1426 94 53 ad
2011 1426 94 53 suum

1328 1474 137 49 nutum
1419 1474 152 49 mouet.
1526 1474 137 49 sicut
1617 1474 107 49 cum
1678 1474 122 49 quis
1754 1474 137 49 bibit
1845 1474 91 49 in
1891 1474 152 49 arista
1982 1474 122 49 extra-

1325 1516 144 58 hendo
1421 1516 144 58 aquam
1517 1516 96 58 de
1564 1516 160 58 fonte:
1676 1516 128 58 ipsa
1756 1516 128 58 aqua
1836 1516 192 58 ascendit
1979 1516 96 58 ne
2011 1516 96 58 fiat

1331 1559 159 52 vacuum
1442 1559 95 52 in
1490 1559 206 52 vniuerso.
1649 1559 111 52 vel
1712 1559 159 52 potius
1823 1559 127 52 deus
1903 1559 143 52 aquam
1982 1559 111 52 ascer

1315 1609 135 46 dere
1400 1609 169 46 facit:
1518 1609 118 46 cum
1586 1609 203 46 grauitas
1738 1609 152 46 nullo
1839 1609 135 46 modo
1924 1609 169 46 moueat
2025 1609 68 46 mo

1325 1649 96 49 tu
1373 1649 176 49 sursum.
1501 1649 144 49 lstud
1597 1649 128 49 enim
1677 1649 128 49 apud
1756 1649 208 49 naturales
1916 1649 112 49 non
1964 1649 144 49 dicitur

1323 1694 138 55 fieri
1415 1694 199 55 violente.
1568 1694 92 55 At
1614 1694 153 55 dicis.
1721 1694 184 55 secundum
1859 1694 123 55 ista
1935 1694 107 55 dos
1981 1694 123 55 impase

1327 1732 216 56 sibilitatis
1500 1732 101 56 non
1557 1732 115 56 erit
1629 1732 130 56 maior
1716 1732 86 56 in
1759 1732 130 56 magis
1846 1732 130 56 beato
1932 1732 115 56 quam
2004 1732 86 56 in
2033 1732 72 56 mi-

1318 1786 118 49 nus
1386 1786 169 49 beato.
1504 1786 202 49 Concedo:
1656 1786 135 49 quia
1740 1786 152 49 omnes
1841 1786 236 49 aequaliter
2010 1786 101 49 con-

1323 1827 230 52 seruabuntur
1507 1827 92 52 ne
1553 1827 184 52 laesiuum
1691 1827 215 52 patiantur.
1860 1827 199 52 differunt
1998 1827 107 52 tamen

1325 1871 124 50 sicut
1408 1871 137 50 stella
1504 1871 69 50 a
1531 1871 137 50 stella
1627 1871 82 50 in
1669 1871 220 50 beatitudine:
1847 1871 69 50 &
1875 1871 124 50 forte
1957 1871 82 50 in
1984 1871 124 50 clarita

1322 1927 116 43 te.
1389 1927 116 43 vel
1455 1927 150 43 magis
1555 1927 166 43 beatus
1672 1927 183 43 pluries
1805 1927 166 43 meruit
1921 1927 133 43 hanc
1988 1927 116 43 dotem

1329 1962 313 46 impassibilitatis:
1597 1962 119 46 quia
1672 1962 164 46 ratione
1791 1962 209 46 cuiuslibet
1955 1962 134 46 actus
2029 1962 60 46 me

1329 2016 168 45 ritorii
1451 2016 92 45 in
1497 2016 107 45 quo
1558 2016 198 45 decessit.
1710 2016 76 45 ⁋
1741 2016 107 45 Sed
1802 2016 198 45 obiicies.
1939 2016 153 45 Christus

1324 2050 132 54 post
1407 2050 298 54 resurrectionem
1655 2050 116 54 cum
1722 2050 165 54 habuit
1837 2050 165 54 corpus
1937 2050 165 54 impassi-

1325 2096 126 53 bile
1404 2096 189 53 comedit,
1545 2096 94 53 vt
1592 2096 236 53 Euangelista
1781 2096 204 53 testatur:
1938 2096 79 53 &
1970 2096 141 53 tamen
2048 2096 63 53 pa

1327 2138 200 49 tiebatur
1478 2138 234 49 comedendo:
1661 2138 134 49 quia
1745 2138 100 49 in
1795 2138 134 49 eius
1878 2138 167 49 corpus
1978 2138 117 49 cibus

1325 2190 293 53 conuertebatur.
1569 2190 244 53 Respondetur
1764 2190 228 53 concedendo
1942 2190 130 53 quod
2007 2190 98 53 come

1328 2230 130 46 dit.
1409 2230 114 46 nam
1474 2230 98 46 ad
1523 2230 244 46 comestionem
1719 2230 147 46 satis
1816 2230 114 46 est
1881 2230 147 46 cibum
1963 2230 130 46 frange

1318 2274 104 51 re
1370 2274 86 51 &
1404 2274 225 51 traiicere
1577 2274 121 51 per
1646 2274 104 51 os
1698 2274 104 51 in
1750 2274 242 51 stomachum:
1940 2274 121 51 quo
1991 2274 104 51 mode

1326 2323 178 47 statim
1451 2323 195 47 euomens
1593 2323 160 47 cibum
1699 2323 231 47 assumptum
1877 2323 195 47 dicitur
2001 2323 107 47 come

1323 2357 150 67 disse.
1428 2357 105 67 sed
1488 2357 105 67 non
1548 2357 135 67 facit
1638 2357 120 67 haec
1713 2357 105 67 dos
1772 2357 180 67 habentem
1892 2357 210 67 impassibilem

1325 2401 110 59 sed
1388 2401 141 59 solum
1482 2401 94 59 ne
1529 2401 188 59 laesiuum
1671 2401 204 59 patiatur.
1828 2401 141 59 quare
1922 2401 126 59 haec
1984 2401 126 59 conse-

1325 2459 173 45 quentia
1451 2459 110 45 est
1514 2459 158 45 nulla.
1625 2459 189 45 comedit:
1766 2459 126 45 ergo
1845 2459 173 45 patitur
1955 2459 158 45 laesiuum

1329 2490 107 64 vel
1390 2490 214 64 violentum.
1558 2490 107 64 Nec
1619 2490 92 64 ex
1664 2490 122 64 isto
1741 2490 183 64 sequitur
1878 2490 122 64 quod
1954 2490 137 64 cibus
2031 2490 76 64 asi

1320 2541 178 53 sumptus
1449 2541 97 53 in
1498 2541 162 53 corpus
1612 2541 130 53 eius
1693 2541 292 53 conuerteretur.
1936 2541 130 53 quia
2001 2541 113 53 pote-

1328 2577 118 62 rat
1395 2577 151 62 cibus
1496 2577 219 62 assumptus
1665 2577 84 62 &
1698 2577 202 62 comestus
1850 2577 185 62 resolui
1984 2577 118 62 per
2035 2577 84 62 po-

1319 2626 114 65 ros
1384 2626 114 65 vel
1449 2626 146 65 exire
1547 2626 98 65 in
1595 2626 179 65 corpore
1726 2626 260 65 glorificato:
1937 2626 114 65 vel
1986 2626 130 65 corpus

1325 2671 151 54 exire
1426 2671 118 54 non
1493 2671 235 54 transeundo
1678 2671 118 54 per
1729 2671 151 54 medium.
