2371 3306
220 348 117 101 ⁋
266 348 352 101 Distinctio.
548 348 399 101 Quadragesimae
854 348 164 101 nonae

357 429 297 84 Quaestio
555 429 371 84 Decimaoctaua.

535 493 113 92 x
581 493 338 92 Ecimooctauo
851 493 135 92 in
896 493 113 92 hac

557 559 297 69 amdistinctione,
807 559 78 69 &
838 559 172 69 secundo
948 559 62 69 de

587 621 159 55 dotibus
702 621 187 55 quaeritur
846 621 86 55 de
889 621 115 55 dote
947 621 72 55 agi

574 663 184 59 litatis,
712 663 123 59 vnde
789 663 200 59 proueniat
927 663 92 59 haec

580 705 175 60 agilitas
712 705 88 60 in
756 705 161 60 beatis.
873 705 73 60 &
902 705 88 60 an
931 705 88 60 pos-

488 725 161 82 gAsint
601 725 97 82 in
649 725 193 82 instanti
794 725 97 82 se
842 725 161 82 mouere
939 725 80 82 vel

506 784 236 70 uamutare
683 784 197 70 quouis
801 784 197 70 locorum.

560 838 89 58 ur
605 838 74 58 ⁋
634 838 104 58 Pro
694 838 193 58 solutione
828 838 193 58 quaestionis

227 876 129 68 pono
308 876 274 68 conclusiones:
533 876 161 68 quarum
646 876 145 68 Prima
743 876 129 68 est.
824 876 145 68 Anima
904 876 113 68 sepa-

225 930 117 62 rata
299 930 147 62 potest
401 930 88 62 se
445 930 191 62 quocumque
592 930 161 62 mutare.
710 930 191 62 probatur.
856 930 103 62 nam
900 930 103 62 anima

224 978 150 40 mouet
325 978 167 40 corpus
442 978 134 40 quod
525 978 201 40 informat
676 978 84 40 /
709 978 100 40 ad
759 978 150 40 cuius
860 978 150 40 motum
943 978 67 40 mo

218 1018 148 55 uetur
316 1018 164 55 anima:
431 1018 131 55 ergo
513 1018 148 55 anima
612 1018 164 55 potest
727 1018 131 55 sese
809 1018 164 55 mouere
907 1018 99 55 loca

233 1061 137 52 liter.
329 1061 124 52 patet
412 1061 234 52 consequentia:
604 1061 110 52 quia
673 1061 82 52 si
714 1061 110 52 ipsa
783 1061 137 52 potest
879 1061 82 52 se
907 1061 96 52 moue-

226 1108 93 51 re
272 1108 108 51 cum
334 1108 139 51 alio:
426 1108 154 51 potest
535 1108 170 51 seipsam
658 1108 170 51 mouere.
782 1108 77 51 ⁋
813 1108 170 51 Secunda
921 1108 77 51 con

229 1151 167 52 clusio.
350 1151 136 52 Anima
441 1151 151 52 potest
547 1151 167 52 seipsam
668 1151 91 52 in
713 1151 182 52 instanti
849 1151 76 52 /
865 1151 151 52 quolibet

221 1197 179 57 mutare.
351 1197 196 57 probatur
498 1197 130 57 sic.
579 1197 147 57 Agens
677 1197 196 57 naturale
824 1197 163 57 nullam
922 1197 81 57 ha-

215 1235 128 53 bens
295 1235 256 53 resistentiam
503 1235 240 53 intrinsecam
695 1235 112 53 vel
759 1235 240 53 extrinsecam
935 1235 80 53 po-

222 1282 125 58 test
300 1282 156 58 subito
410 1282 94 58 se
457 1282 172 58 mutare.
581 1282 94 58 vt
628 1282 141 58 patet
722 1282 94 58 de
769 1282 141 58 graui
847 1282 156 58 simplici

226 1327 121 60 moto
302 1327 91 60 in
347 1327 152 60 vacuo.
454 1327 137 60 iiii.
545 1327 182 60 Physico.
681 1327 182 60 alioquin
818 1327 121 60 dari
879 1327 121 60 posset

221 1376 156 47 corpus
331 1376 109 47 ita
393 1376 125 47 cito
471 1376 140 47 motum
564 1376 94 47 in
611 1376 156 47 pleno,
720 1376 94 47 vt
767 1376 140 47 illud
861 1376 125 47 idem
923 1376 78 47 vel

220 1415 149 45 simile
325 1415 90 45 in
369 1415 134 45 vacuo
459 1415 75 45 /
489 1415 105 45 per
549 1415 134 45 media
638 1415 164 45 rariora
758 1415 224 45 procedendo:
922 1415 90 45 quod

221 1463 100 46 est
278 1463 228 46 impossibile.
463 1463 100 46 sed
521 1463 129 46 agens
606 1463 157 46 liberum
720 1463 143 46 nullam
806 1463 200 46 resistentiam

216 1502 153 49 habens
323 1502 153 49 potest
429 1502 107 49 sic
490 1502 92 49 se
536 1502 153 49 mutare
643 1502 92 49 si
689 1502 198 49 voluerit.
841 1502 122 49 Quia
902 1502 107 49 nulla

219 1546 105 54 sit
279 1546 226 54 resistentia
460 1546 211 54 extrinseca
625 1546 150 54 animae
730 1546 150 54 pates.
836 1546 105 54 nam
881 1546 120 54 potest

222 1598 117 47 esse
295 1598 102 47 cum
354 1598 160 47 corpore
470 1598 131 47 sicut
558 1598 87 47 in
601 1598 146 47 vacuo:
703 1598 87 47 vt
747 1598 102 47 cum
806 1598 160 47 corpore
908 1598 87 47 quod

223 1637 191 49 informat.
370 1637 103 49 Nec
429 1637 118 49 vlla
503 1637 103 49 est
562 1637 221 49 resistentia
738 1637 221 49 intrinseca.
900 1637 88 49 quia

221 1680 84 60 si
263 1680 112 60 sic,
333 1680 140 60 maxime
431 1680 126 60 esset
515 1680 112 60 eius
585 1680 168 60 finitas,
712 1680 126 60 prout
796 1680 182 60 aliquibus
922 1680 70 60 pla

213 1728 118 57 cet.
287 1728 104 57 sed
346 1728 104 57 hoc
406 1728 118 57 non:
480 1728 118 57 quia
554 1728 133 57 anima
643 1728 148 57 potest
746 1728 133 57 actum
835 1728 163 57 elicere
939 1728 59 57 in

211 1768 168 52 instanti
337 1768 126 52 etiam
421 1768 168 52 secundum
547 1768 112 52 eos,
616 1768 126 52 quuis
700 1768 98 52 sit
756 1768 168 52 creatura
868 1768 126 52 finita.

215 1815 130 48 ergo
296 1815 227 48 mutationem
474 1815 178 48 subitam
603 1815 210 48 producere
765 1815 178 48 potest.
895 1815 81 48 &
911 1815 81 48 cum

224 1861 126 49 nulla
308 1861 209 49 differentia
475 1861 195 49 positionis
629 1861 98 49 sit
685 1861 84 49 ei
727 1861 168 49 aduersa:
852 1861 140 49 potest
936 1861 56 49 se

213 1905 192 55 quolibet
357 1905 176 55 mutare.
484 1905 80 55 ⁋
516 1905 160 55 Tertia
628 1905 223 55 conclusio.
804 1905 160 55 Beatus
899 1905 96 55 siue

216 1950 143 49 anima
311 1950 143 49 beati
407 1950 159 49 potest
518 1950 95 49 se
565 1950 111 49 vel
629 1950 159 49 corpus
740 1950 143 49 beati
835 1950 159 49 mutare
931 1950 64 49 in

213 1993 175 46 instanti
345 1993 88 46 in
389 1993 205 46 quancumque
550 1993 234 46 differentiam
740 1993 219 46 positionis.
900 1993 88 46 Pro-

214 2038 153 55 batur.
321 2038 107 55 nam
382 2038 107 55 dos
443 2038 214 55 agilitatis
612 2038 291 55 terrestreitatem
842 2038 153 55 corporis

209 2084 70 56 a
237 2084 125 56 beato
320 2084 153 56 tollit:
432 2084 97 56 ita
488 2084 84 56 vt
529 2084 125 56 ipsum
613 2084 97 56 non
669 2084 167 56 resistat
794 2084 125 56 motui
864 2084 125 56 animae.

209 2129 109 48 sed
272 2129 140 48 anima
365 2129 94 48 ex
412 2129 234 48 praecedente
599 2129 234 48 conclusione
786 2129 156 48 potest
880 2129 109 48 seip-

205 2175 120 46 sam
273 2175 171 46 mutare
393 2175 103 46 in
444 2175 222 46 instanti:
616 2175 86 46 &
650 2175 120 46 non
718 2175 154 46 habet
821 2175 171 46 obicem
924 2175 68 46 ex

223 2215 128 47 parte
308 2215 184 47 corporis.
450 2215 156 47 igitur.
563 2215 114 47 ltem
634 2215 199 47 ostenditur
790 2215 99 47 per
847 2215 128 47 illud
918 2215 71 47 Sa-

222 2257 161 62 bientiae.
346 2257 99 62 iii.
408 2257 161 62 Fulgebunt
532 2257 124 62 iusti,
619 2257 62 62 &
644 2257 137 62 tanquam
743 2257 174 62 scintillae
880 2257 75 62 in
905 2257 75 62 arum

210 2305 146 48 dineto
312 2305 204 48 discurret.
473 2305 73 48 &
502 2305 160 48 Esaiae.
619 2305 102 48 xl.
677 2305 175 48 dicitur.
808 2305 102 48 Qui
852 2305 131 48 sperant

204 2349 88 46 in
248 2349 146 46 domino
351 2349 176 46 mutabunt
482 2349 249 46 fortitudinem:
687 2349 176 46 assument
819 2349 146 46 pennas
907 2349 73 46 si-

207 2395 105 46 cut
267 2395 180 46 aquilae:
402 2395 165 46 current
523 2395 75 46 &
553 2395 105 46 non
613 2395 226 46 laborabunt:
793 2395 211 46 ambulabunt
944 2395 45 46 &

211 2438 99 51 non
267 2438 198 51 deficient.
423 2438 170 51 Vlterius
550 2438 99 51 hoc
607 2438 170 51 probatur
734 2438 212 51 auctoritate
889 2438 99 51 beati

217 2481 197 55 Augustini.
372 2481 127 55 xxii.
456 2481 84 55 de
498 2481 169 55 ciuitate
625 2481 112 55 dei.
695 2481 127 55 capi.
779 2481 112 55 xxx.
835 2481 141 55 dicentis

222 2528 92 57 vbi
274 2528 118 57 volet
353 2528 158 57 spiritus
471 2528 66 57 /
498 2528 92 57 ibi
550 2528 105 57 erit
616 2528 158 57 protinus
721 2528 118 57 corpus.

205 2577 116 70 ⁋
251 2577 232 70 Contra
414 2577 232 70 primam
576 2577 372 70 conclusionem
855 2577 116 70 ar-

205 2633 210 53 gumentor.
366 2633 178 53 Angelus
496 2633 194 53 portauit
641 2633 161 53 animam
754 2633 161 53 Lazari
867 2633 97 53 ad
899 2633 81 53 si-

200 2680 113 55 num
265 2680 194 55 Abrahae.
410 2680 162 55 Lucae.
523 2680 129 55 xvi.
604 2680 129 55 ergo
685 2680 146 55 eodem
782 2680 129 55 modo
863 2680 97 55 ad
895 2680 81 55 cae

212 2720 115 46 lum.
284 2720 230 46 Respondetur.
471 2720 158 46 Angelus
586 2720 144 46 gratia
686 2720 173 46 curialis
801 2720 173 46 societatis

183 2766 247 72 ccomitatur
377 2766 194 72 animam.
518 2766 88 72 &
554 2766 123 72 sic
624 2766 176 72 quodam
748 2766 141 72 modo
818 2766 159 72 dicitur

1076 355 191 64 portare,
1219 355 80 64 &
1251 355 111 64 non
1315 355 143 64 quasi
1410 355 127 64 opus
1490 355 111 64 sit
1554 355 175 64 latione
1665 355 175 64 angelica.

1066 417 116 86 ⁋
1112 417 231 86 Contra
1274 417 185 86 duas
1390 417 254 86 vltimas
1551 417 301 86 connclusio,

1082 496 100 59 nes
1139 496 171 59 arguitur
1267 496 114 59 sic.
1338 496 85 59 Ex
1380 496 100 59 eis
1437 496 171 59 sequitur
1565 496 114 59 quod
1636 496 128 59 Linus
1722 496 142 59 potest
1807 496 57 59 se

1074 541 155 53 mutare
1182 541 140 53 prope
1275 541 155 53 caelum
1384 541 93 53 in
1430 541 202 53 instanti:
1585 541 78 53 &
1616 541 155 53 facere
1709 541 155 53 circulum

1071 581 88 58 in
1115 581 103 58 eo.
1174 581 74 58 &
1204 581 103 58 sic
1263 581 88 58 in
1307 581 133 58 eodem
1395 581 177 58 instanti
1528 581 118 58 erit
1602 581 88 58 in
1646 581 162 58 oriente
1764 581 74 58 &
1779 581 88 58 occi

1078 633 137 44 dente:
1174 633 68 44 &
1201 633 82 44 in
1242 633 164 44 pluribus
1366 633 123 44 locis
1448 633 219 44 naturaliter.
1625 633 164 44 Insuper,
1749 633 96 44 vel
1790 633 68 44 il-

1082 675 85 51 la
1124 675 156 51 mutatio
1238 675 156 51 incipit
1351 675 99 51 per
1408 675 156 51 vltimum
1522 675 156 51 instans
1635 675 99 51 non
1692 675 128 51 esse:
1763 675 99 51 sicut

1088 721 189 46 tontingit
1233 721 87 46 de
1276 721 116 46 motu
1349 721 160 46 proprie
1465 721 145 46 dicto.
1566 721 73 46 &
1595 721 102 46 sic
1653 721 102 46 non
1711 721 131 46 datur
1784 721 73 46 in-

1083 762 146 59 stans
1180 762 113 59 quo
1245 762 194 59 mouetur.
1390 762 113 59 vel
1455 762 178 59 mutatur
1584 762 97 59 ab
1633 762 97 59 a.
1681 762 97 59 ad
1730 762 97 59 b.
1762 762 97 59 imme

1071 807 143 47 diate
1166 807 127 47 post
1245 807 111 47 hoc
1309 807 190 47 instans.
1451 807 111 47 vel
1515 807 174 47 dabitur
1641 807 127 47 vnum
1705 807 143 47 instans

1079 853 195 58 immediatum
1232 853 139 58 alteri
1330 853 181 58 instanti.
1470 853 84 58 si
1511 853 84 58 in
1553 853 98 58 hoc
1609 853 181 58 instanti:
1734 853 126 58 obiicio

1065 895 93 58 in
1112 895 109 58 hoc
1174 895 186 58 instanti
1314 895 109 58 est
1376 895 93 58 in
1423 895 171 58 termino
1547 895 93 58 ad
1594 895 124 58 quem
1672 895 78 58 &
1703 895 93 58 in
1734 895 124 58 termi-

1065 945 96 44 no
1113 945 80 44 a
1145 945 128 44 quo:
1225 945 80 44 &
1257 945 255 44 quandocumque
1464 945 160 44 mobile
1576 945 112 44 est
1640 945 96 44 in
1687 945 176 44 termino
1799 945 48 44 a

1069 985 102 51 quo
1128 985 73 51 &
1157 985 88 51 ad
1201 985 117 51 quem
1274 985 73 51 /
1303 985 190 51 quiescit.
1449 985 117 51 ergo
1522 985 132 51 simul
1610 985 161 51 mouetur
1727 985 73 51 &
1742 985 102 51 quie-

1068 1034 142 45 scit.
1163 1034 174 45 extendo
1289 1034 190 45 terminum
1432 1034 142 45 motus
1526 1034 95 45 ad
1574 1034 221 45 mutationem
1732 1034 126 45 instan

1068 1079 165 45 taneam.
1188 1079 75 45 ⁋
1218 1079 90 45 Ad
1263 1079 150 45 primum
1367 1079 209 45 conceditur
1532 1079 180 45 illatum:
1666 1079 105 45 nec
1726 1079 105 45 hoc
1771 1079 75 45 est

1064 1121 244 46 inconveniens.
1264 1121 86 46 Ad
1307 1121 172 46 secundum
1436 1121 158 46 dicitur
1551 1121 115 46 quod
1623 1121 172 46 vtrumque
1737 1121 115 46 potest

1067 1160 144 51 dari.
1163 1160 144 51 primo
1259 1160 224 51 admittamus
1435 1160 128 51 quod
1514 1160 160 51 mobile
1626 1160 192 51 incipiat
1754 1160 96 51 muta

1067 1208 78 53 ri
1106 1208 91 53 per
1158 1208 143 53 vltimum
1262 1208 143 53 instans
1366 1208 91 53 non
1418 1208 104 53 esse
1482 1208 182 53 mutationis
1625 1208 65 53 /
1651 1208 104 53 quod
1716 1208 91 53 est
1755 1208 91 53 vlti-

1066 1253 103 53 mum
1125 1253 161 53 instans
1242 1253 117 53 esse
1315 1253 176 53 quietis.
1447 1253 103 53 sed
1506 1253 117 53 illa
1579 1253 161 53 mutatio
1682 1253 161 53 subitanea

1066 1297 101 46 nec
1123 1297 159 46 desinit
1239 1297 116 46 esse
1312 1297 101 46 per
1369 1297 159 46 vltimum
1485 1297 159 46 instans
1601 1297 116 46 esse
1659 1297 188 46 mutationis:

1059 1343 112 51 nec
1123 1343 160 51 primum
1235 1343 112 51 non
1299 1343 128 51 esse
1379 1343 128 51 post
1460 1343 240 51 mutationem.
1652 1343 144 51 Dando
1732 1343 112 51 aliud

1062 1387 162 59 menbrum
1180 1387 118 59 dico
1253 1387 118 59 quod
1327 1387 88 59 in
1371 1387 103 59 hoc
1430 1387 176 59 instanti
1562 1387 191 59 describit
1694 1387 147 59 circulum

1072 1428 129 49 prope
1158 1428 144 49 celum:
1258 1428 101 49 vel
1316 1428 172 49 ascendit
1445 1428 101 49 vel
1502 1428 201 49 descendit,
1660 1428 72 49 &
1689 1428 101 49 est
1746 1428 86 49 in
1775 1428 72 49 ter

1066 1479 123 49 mino
1143 1479 92 49 ad
1189 1479 123 49 quem
1266 1479 77 49 &
1296 1479 77 49 a
1327 1479 123 49 quo.
1404 1479 77 49 &
1435 1479 123 49 nego
1512 1479 123 49 quod
1589 1479 246 49 quandocumque
1773 1479 77 49 est

1046 1522 95 55 in
1094 1522 175 55 termino
1221 1522 79 55 a
1253 1522 111 55 quo
1316 1522 206 55 quiescit:
1475 1522 95 55 si
1522 1522 206 55 quiescere
1665 1522 175 55 opponatur

1053 1561 150 51 moueri
1158 1561 75 51 &
1188 1561 165 51 mutari.
1307 1561 90 51 si
1352 1561 135 51 solum
1442 1561 150 51 motui:
1547 1561 209 51 conceditur
1711 1561 120 51 quod
1771 1561 75 51 si-

1058 1609 97 56 mul
1114 1609 111 56 idem
1183 1609 153 56 mutatur
1295 1609 70 56 &
1323 1609 167 56 quiescit
1448 1609 70 56 /
1476 1609 84 56 si
1518 1609 223 56 intelligatur
1685 1609 153 56 quocumque

1054 1646 159 50 tempore
1169 1646 116 50 dato
1241 1646 101 50 vel
1299 1646 188 50 instanti.
1444 1646 87 50 At
1487 1646 145 50 dicis.
1588 1646 116 50 ille
1661 1646 145 50 beatus
1762 1646 101 50 ma-

1048 1698 104 55 net
1108 1698 149 55 semper
1212 1698 89 55 in
1257 1698 134 55 eodem
1346 1698 119 55 loco
1421 1698 89 55 in
1465 1698 104 55 quo
1525 1698 134 55 prius
1614 1698 134 55 erat:
1704 1698 119 55 ergo
1763 1698 75 55 non

1059 1741 179 60 mutatur:
1193 1741 119 60 quia
1268 1741 164 60 nunquam
1387 1741 164 60 transit
1506 1741 134 60 extra
1596 1741 119 60 hunc
1670 1741 149 60 locum.
1759 1741 75 60 Re-

1057 1783 185 55 spondeo.
1196 1783 247 55 consequentia
1396 1783 108 55 est
1458 1783 154 55 nulla,
1566 1783 232 55 quemadmodum
1736 1783 108 55 sorte

1058 1839 175 44 manente
1185 1839 191 44 Parisiis
1329 1839 96 44 si
1376 1839 127 44 deus
1456 1839 143 44 ponat
1552 1839 111 44 eum
1615 1839 143 44 Romae
1711 1839 80 44 /
1743 1839 80 44 &
1758 1839 80 44 mo-

1053 1878 156 45 ueatur
1163 1878 109 45 vel
1225 1878 187 45 mutetur:
1366 1878 219 45 antecedens
1537 1878 109 45 est
1600 1878 141 45 verum
1693 1878 78 45 &
1709 1878 125 45 conse-

1053 1916 147 58 quens
1150 1916 114 58 est
1216 1916 179 58 falsum.
1346 1916 81 58 ⁋
1379 1916 179 58 Secundo
1509 1916 244 58 argumentor.
1705 1916 114 58 sit
1754 1916 81 58 Li-

1054 1963 104 53 nus
1114 1963 89 53 in
1158 1963 178 53 oriente:
1292 1963 74 53 &
1322 1963 149 53 Cletus
1426 1963 89 53 in
1470 1963 208 53 occidente:
1634 1963 104 53 qui
1693 1963 149 53 velint
1783 1963 59 53 si

1051 2008 90 45 bi
1096 2008 150 45 subito
1201 2008 165 45 obuiare
1321 2008 90 45 in
1366 2008 150 45 puncto
1472 2008 135 45 medio
1562 2008 225 45 interstitii
1727 2008 105 45 inter

1043 2051 131 51 illos:
1134 2051 104 51 quod
1200 2051 117 51 signo
1278 2051 131 51 centum
1369 2051 183 51 miliarium.
1513 2051 170 51 quaeritur
1643 2051 78 51 in
1682 2051 91 51 quo
1722 2051 104 51 puncto

1057 2097 115 47 sibi
1129 2097 202 47 obuiabunt.
1287 2097 158 47 Dicitur
1402 2097 115 47 quod
1474 2097 187 47 obuiabunt
1618 2097 115 47 sibi
1690 2097 86 47 in
1719 2097 115 47 puncto

1040 2137 95 52 in
1088 2137 111 52 quo
1151 2137 175 52 volunt.
1278 2137 111 52 nam
1342 2137 95 52 si
1389 2137 143 52 Linus
1485 2137 143 52 velit
1580 2137 95 52 in
1628 2137 159 52 puncto
1723 2137 111 52 peda-

1048 2185 138 54 liter
1140 2185 77 54 a
1171 2185 92 54 se
1217 2185 185 54 distante
1355 2185 169 54 mutari,
1478 2185 77 54 &
1509 2185 154 54 Cletus
1617 2185 108 54 per
1678 2185 185 54 reliquam

1044 2228 147 58 partem
1147 2228 73 58 /
1177 2228 88 58 in
1221 2228 118 58 illo
1294 2228 147 58 puncto
1397 2228 118 58 sibi
1470 2228 206 58 obuiabunt:
1632 2228 118 58 quia
1705 2228 103 58 tam
1750 2228 73 58 fa-

1047 2284 140 46 cile,
1141 2284 78 46 &
1172 2284 109 46 tam
1234 2284 124 46 cito
1312 2284 156 46 potest
1421 2284 156 46 beatus
1530 2284 156 46 mutare
1638 2284 93 46 se
1685 2284 109 46 per
1747 2284 109 46 ma-

1047 2319 123 54 gnam
1124 2319 277 54 intercapedinem
1354 2319 123 54 quam
1431 2319 108 54 per
1493 2319 169 54 paruam.
1616 2319 77 54 ⁋
1647 2319 154 54 Tertio
1739 2319 77 54 ar-

1049 2363 160 51 guitur.
1166 2363 145 51 Caelum
1267 2363 102 51 non
1325 2363 160 51 circuit
1442 2363 87 51 in
1485 2363 189 51 instanti:
1630 2363 73 51 &
1659 2363 131 51 tamen
1732 2363 87 51 nul-

1045 2404 105 47 lam
1105 2404 136 47 habet
1196 2404 241 47 resistentiam
1391 2404 226 47 extrinsecan
1572 2404 105 47 nec
1617 2404 211 47 intrinsecam.

1052 2452 114 48 ergo
1123 2452 170 48 probatio
1251 2452 227 48 conclusionis
1435 2452 142 48 nulla.
1535 2452 227 48 Respondetur.
1705 2452 114 48 intel-

1048 2496 182 47 ligentiae
1188 2496 140 47 libere
1287 2496 140 47 mouent
1385 2496 140 47 caelos
1483 2496 211 47 successiue:
1652 2496 154 47 propter
1750 2496 70 47 ge-

1051 2543 197 54 ncrationem
1205 2543 84 54 in
1247 2543 126 54 istis
1332 2543 239 54 inferioribus.
1528 2543 126 54 Etiam
1612 2543 154 54 probare
1711 2543 112 54 nequis

1061 2586 92 55 uod
1114 2586 92 55 non
1166 2586 92 55 est
1219 2586 198 55 resistentia
1377 2586 185 55 intrinseca
1523 2586 119 55 caeli
1602 2586 79 55 ad
1628 2586 198 55 circuitionem.

1040 2630 148 49 licet
1138 2630 132 49 enim
1221 2630 165 49 corpus
1336 2630 231 49 sphaericum
1518 2630 115 49 vel
1584 2630 231 49 orbiculare
1749 2630 82 49 sit

1046 2679 141 45 aptum
1140 2679 250 45 circuitioni:
1343 2679 141 45 tamen
1437 2679 219 45 requiritur
1609 2679 156 45 aliqua
1719 2679 109 45 vis
1765 2679 63 45 mo

1051 2718 117 52 tiua
1125 2718 88 52 ad
1169 2718 132 52 ipsum
1257 2718 191 52 mouendum:
1403 2718 73 52 &
1433 2718 176 52 resistit
1565 2718 88 52 ne
1609 2718 73 52 a
1638 2718 103 52 suo
1697 2718 117 52 loco
1756 2718 73 52 pel

1047 2765 162 56 latur.
1160 2765 81 56 ⁋
1193 2765 162 56 Quarto
1306 2765 211 56 arguitur.
1468 2765 178 56 Corpora
1598 2765 195 56 beatorum
1728 2765 97 56 sunt
