2334 3330
480 333 207 70 sacramenta
643 333 89 70 in
687 333 133 70 sensu
776 333 163 70 excluso
895 333 74 70 &
924 333 192 70 exclusiuo
1072 333 148 70 gratia
1161 333 89 70 plu-

479 391 189 51 ralitatis:
627 391 94 51 cum
681 391 94 51 duo
735 391 162 51 infinita
856 391 202 51 contineant.
1018 391 94 51 sed
1072 391 94 51 hoc
1126 391 94 51 est
1166 391 81 51 tri-

490 436 100 51 cas
547 436 158 51 logicas
662 436 72 51 &
691 436 172 51 materias
820 436 172 51 externas
949 436 158 51 citare.
1064 436 86 51 Ex
1107 436 115 51 ista
1164 436 86 51 con-

481 484 170 54 clusione
608 484 170 54 sequitur
736 484 113 54 quod
807 484 113 54 octo
878 484 113 54 sunt
948 484 198 54 sacramenta
1104 484 142 54 specie
1189 484 57 54 di

479 524 153 63 sticta:
590 524 209 63 quemadmodum
757 524 167 63 secundum
882 524 195 63 Porphyrium
1035 524 153 63 tamenum
1133 524 111 63 quique

479 570 152 62 dicuntur
594 570 229 62 praedicabilia:
784 570 63 62 &
809 570 114 62 tamen
886 570 102 62 sunt
949 570 114 62 decem
1025 570 127 62 specie
1101 570 140 62 distincta

482 615 118 61 hoc
549 615 151 61 patet
650 615 269 61 demonstrando
869 615 151 61 decem
970 615 202 61 terminos
1105 615 151 61 vniuer-

479 661 140 50 sales:
577 661 140 50 quorum
675 661 154 50 quinque
786 661 112 50 sunt
856 661 140 50 voces,
954 661 70 50 &
982 661 154 50 quinque
1079 661 168 50 conceptus.

491 710 68 47 ⁋
519 710 136 47 Tertia
614 710 204 47 propositio:
777 710 150 47 tamtenm
886 710 109 47 vnum
954 710 95 47 est
1008 710 204 47 sacramentum
1158 710 95 47 eucha

481 755 148 46 ristie
585 755 89 46 ad
629 755 118 46 hunc
703 755 148 46 sensum
806 755 118 46 quod
880 755 163 46 species
999 755 118 46 vini
1073 755 74 46 &
1102 755 133 46 panis
1176 755 74 46 in-

475 791 179 50 cludentes
613 791 138 50 corpus
710 791 152 50 Curisti
820 791 165 50 dicuntur
944 791 221 50 representare
1123 791 124 50 idem:
1192 791 55 50 pu

470 842 96 42 ta
518 842 159 42 corpus
629 842 80 42 &
661 842 223 42 sanguinem.
836 842 96 42 In
884 842 143 42 eadem
979 842 159 42 hostia
1091 842 127 42 idem
1155 842 96 42 dice

470 884 103 56 tur.
535 884 77 56 An
573 884 116 56 autem
650 884 129 56 corpus
741 884 142 56 Christi
844 884 77 56 in
882 884 167 56 infinitis
1011 884 155 56 partibus
1127 884 103 56 sit:
1179 884 77 56 post

474 929 76 48 ea
512 929 152 48 dicetur.
626 929 190 48 Concludendo
778 929 101 48 dico
842 929 101 48 quod
905 929 139 48 tanmenm
1006 929 101 48 sunt
1070 929 127 48 septem
1146 929 101 48 sacra-

484 974 128 51 menta
569 974 143 51 stando
669 974 86 51 in
712 974 114 51 illa
783 974 186 51 diuisione
926 974 114 51 quam
997 974 171 51 habemus:
1126 974 86 51 vt
1154 974 86 51 omni

475 1019 191 57 requisita
622 1019 88 57 ad
666 1019 191 57 baptismum
812 1019 191 57 integrant
959 1019 117 57 vnum
1032 1019 234 57 sacramentum:
1208 1019 44 57 &

480 1058 93 50 sic
533 1058 79 50 in
572 1058 119 50 aliis
652 1058 146 50 perinde
758 1058 93 50 est
810 1058 132 50 omnino
903 1058 119 50 sicut
982 1058 79 50 in
1009 1058 238 50 praedicabilibus:

473 1103 92 49 nam
525 1103 118 49 omnes
604 1103 144 49 termini
709 1103 157 49 generici
827 1103 184 49 reputantur
971 1103 92 49 pro
1024 1103 118 49 eodem
1090 1103 157 49 praedicabi

474 1149 90 48 li:
526 1149 65 48 &
551 1149 116 48 omnes
629 1149 206 48 differentiae
797 1149 90 48 pro
848 1149 116 48 eadem
926 1149 206 48 differentia.
1093 1149 65 48 ⁋
1119 1149 77 48 Ad
1145 1149 116 48 confir-

476 1194 183 45 mationem.
617 1194 141 45 magnum
715 1194 183 45 processum
855 1194 127 45 facit
940 1194 141 45 quidam
1038 1194 155 45 nostrae
1137 1194 112 45 tempe-

469 1239 140 43 statis
567 1239 196 43 theologus:
721 1239 168 43 vtrinque
847 1239 168 43 arguens:
972 1239 70 43 &
1000 1239 84 43 in
1042 1239 112 43 fine
1112 1239 98 43 cum
1154 1239 98 43 timo-

469 1282 74 48 re
506 1282 172 48 respondet,
641 1282 98 48 quia
702 1282 86 48 non
751 1282 135 48 viderit
850 1282 98 48 hanc
911 1282 147 48 materiam
1022 1282 74 48 in
1058 1282 123 48 aliis:
1144 1282 74 48 se
1169 1282 86 48 relin

477 1327 134 48 quere
566 1327 104 48 eam
626 1327 237 48 examinandam.
819 1327 89 48 De
863 1327 223 48 perceptione
1041 1327 74 48 &
1071 1327 104 48 vsu
1115 1327 134 48 simili-

476 1373 96 48 ter
531 1373 150 48 arguit.
640 1373 96 48 Sed
695 1373 109 48 iste
763 1373 109 48 homo
832 1373 96 48 non
886 1373 219 48 considerabat
1064 1373 109 48 quae
1118 1373 137 48 dicebat.

477 1416 100 53 quia
540 1416 100 53 vero
603 1416 100 53 erat
666 1416 176 53 nominalis,
804 1416 100 53 peto
867 1416 75 53 ab
904 1416 75 53 eo
942 1416 100 53 quae
1005 1416 88 53 res
1055 1416 88 53 sit
1093 1416 163 53 consecratio

485 1452 94 55 vel
538 1452 107 55 enim
605 1452 94 55 est
659 1452 187 55 praesbyter
806 1452 201 55 consecrans:
967 1452 94 55 vel
1020 1452 120 55 forma
1100 1452 94 55 qua
1141 1452 120 55 vtitur:

479 1503 95 53 vel
534 1503 122 53 illae
615 1503 162 53 species.
736 1503 81 53 Si
777 1503 149 53 primum:
885 1503 95 53 non
939 1503 135 53 debuit
1034 1503 176 53 dubitare.
1169 1503 81 53 si
1196 1503 54 53 se

481 1544 147 63 cundum,
587 1544 107 63 idem
654 1544 187 63 argumentum
801 1544 174 63 contingit
935 1544 80 63 in
975 1544 174 63 baptismo:
1108 1544 67 63 &
1135 1544 80 63 in
1175 1544 107 63 quo-

468 1593 113 56 libet
544 1593 189 56 sacramento.
695 1593 76 56 Si
733 1593 151 56 tertium:
847 1593 88 56 non
897 1593 176 56 intelligit
1036 1593 101 56 quid
1099 1593 126 56 dicit.
1174 1593 76 56 ltem

475 1634 109 55 peto
543 1634 82 55 ab
584 1634 82 55 eo
625 1634 82 55 de
666 1634 204 55 perceptione
829 1634 68 55 &
856 1634 95 55 vsu
910 1634 109 55 quae
978 1634 95 55 res
1033 1634 122 55 sint:
1114 1634 68 55 &
1128 1634 122 55 inueni-

474 1689 78 48 et
513 1689 222 48 resolutionem.
696 1689 91 48 hoc
748 1689 117 48 autem
826 1689 143 48 inuento
930 1689 130 48 (cuius
1021 1689 182 48 ignorantia
1152 1689 91 48 facit

472 1725 190 49 frequenter
622 1725 149 49 homines
731 1725 204 49 exorbitare)
894 1725 95 49 non
948 1725 95 49 est
1002 1725 217 49 difficultas.
1165 1725 82 49 ltem

479 1766 105 59 dato
544 1766 65 59 &
570 1766 91 59 non
623 1766 157 59 concesso
740 1766 105 59 quod
806 1766 196 59 consecratio
963 1766 118 59 esset
1041 1766 144 59 sacium:
1146 1766 65 59 &
1159 1766 78 59 dist

476 1818 173 47 gueretur
605 1818 72 47 a
634 1818 188 47 speciebus
778 1818 130 47 panis
865 1818 72 47 &
894 1818 130 47 vini:
980 1818 144 47 timere
1081 1818 101 47 non
1125 1818 115 47 debuit

487 1864 124 49 Contra
573 1864 137 49 logicum
673 1864 99 49 enim
735 1864 186 49 concedentem
884 1864 124 49 tamenm
971 1864 112 49 decem
1045 1864 99 49 esse
1095 1864 161 49 praedicamen

481 1907 87 49 ta:
530 1907 87 49 qui
580 1907 149 49 versatur
692 1907 124 49 exacte
779 1907 112 49 circa
853 1907 124 49 verum:
940 1907 112 49 omnia
1015 1907 161 49 argumenta
1126 1907 112 49 similia

475 1953 210 45 contingunt.
643 1953 126 45 Forte
727 1953 126 45 petis
811 1953 70 45 a
839 1953 84 45 me
882 1953 112 45 quae
952 1953 98 45 res
1008 1953 98 45 sit
1050 1953 196 45 consecratio.

480 1991 186 47 Respondetur
629 1991 74 47 si
666 1991 124 47 actiue
753 1991 149 47 capiatur
864 1991 149 47 verbale:
976 1991 87 47 est
1026 1991 174 47 praesbyter
1150 1991 99 47 conse-

470 2038 126 50 crans:
558 2038 63 50 &
584 2038 75 50 si
621 2038 126 50 nullus
709 2038 176 50 praesbyter
847 2038 176 50 consecrat:
986 2038 113 50 nihil
1061 2038 101 50 est:
1124 2038 101 50 quia
1174 2038 63 50 def

472 2080 99 57 cit
529 2080 199 57 connotatio
685 2080 156 57 termini
798 2080 185 57 positiui:
941 2080 71 57 &
969 2080 99 57 per
1026 2080 199 57 consequens
1168 2080 85 57 eius

466 2120 209 59 suppositio.
633 2120 153 59 passiue
745 2120 97 59 aut
800 2120 97 59 est
856 2120 153 59 hostia.
967 2120 209 59 abstractiue
1135 2120 97 59 est
1176 2120 56 59 fo

465 2173 92 45 ma
511 2173 198 45 sacrameti
663 2173 259 45 Eucharistiae:
877 2173 76 45 &
907 2173 107 45 non
968 2173 153 45 sacim.
1075 2173 137 45 Fodem
1151 2173 92 45 modo

470 2212 76 54 de
508 2212 190 54 perceptione
660 2212 152 54 dicatur.
775 2212 76 54 De
813 2212 89 54 vsu
863 2212 114 54 autem
939 2212 63 54 &
965 2212 101 54 quae
1028 2212 89 54 res
1079 2212 101 54 sit,
1130 2212 101 54 inferi

474 2261 139 54 patebit
575 2261 88 54 cum
626 2261 164 54 loquaemur
752 2261 76 54 de
790 2261 139 54 dominio
891 2261 88 54 rei
941 2261 63 54 &
966 2261 101 54 eius
1030 2261 101 54 vsu.
1093 2261 88 54 sed
1130 2261 114 54 pronunc

472 2307 111 47 dico
542 2307 97 47 quo
597 2307 125 47 eadem
681 2307 97 47 res
737 2307 139 47 numero
834 2307 97 47 est
890 2307 167 47 dominium
1015 2307 70 47 &
1043 2307 125 47 vsus:
1127 2307 97 47 sed
1168 2307 70 47 ist

471 2351 148 57 termini
578 2351 135 57 habent
672 2351 175 57 connotata
807 2351 188 57 peregrina.
955 2351 121 57 Sapor
1036 2351 121 57 autem
1103 2351 148 57 distingui

469 2392 100 48 tur
526 2392 86 48 ab
569 2392 171 48 albedine
697 2392 71 48 &
726 2392 171 48 rubedine
854 2392 100 48 cum
911 2392 86 48 ab
954 2392 114 48 alio
1026 2392 129 48 sensu
1097 2392 143 48 percipia

476 2439 104 44 tur:
541 2439 65 44 &
567 2439 142 44 tenendo
670 2439 104 44 quod
735 2439 168 44 quantitas
865 2439 207 44 distinguatur
1033 2439 65 44 a
1059 2439 78 44 re
1098 2439 129 44 quata,
1175 2439 65 44 sen

480 2477 122 53 titur
561 2477 68 53 a
588 2477 122 53 sensu
669 2477 149 53 tactus:
777 2477 68 53 &
804 2477 95 53 sic
858 2477 149 53 habebis
966 2477 122 53 multa
1047 2477 135 53 specie
1128 2477 122 53 distin-

472 2525 99 49 cta
528 2525 212 49 sacramenta.
698 2525 99 49 sed
754 2525 198 49 rotunditas
910 2525 155 49 hostiae
1023 2525 99 49 vel
1065 2525 184 49 quaedratura

471 2572 95 65 non
525 2572 216 65 distinguitur
700 2572 81 65 ab
741 2572 135 65 hostia
835 2572 95 65 sic
889 2572 176 65 figurata:
1024 2572 68 65 &
1051 2572 95 65 sic
1105 2572 95 65 pro
1146 2572 95 65 figu-

471 2614 97 72 ra
519 2614 113 72 non
584 2614 178 72 oportet
714 2614 259 72 multiplicare
908 2614 211 72 sacramenta.

476 2686 101 75 ⁋
516 2686 223 75 Secundo
679 2686 244 75 arguitur
861 2686 203 75 contra
1003 2686 223 75 formam:
1146 2686 101 75 hoc

472 2745 98 76 est
528 2745 140 76 corpus
626 2745 126 76 meum.
710 2745 126 76 omnis
794 2745 112 76 onio
865 2745 224 76 consecratiua
1047 2745 126 76 debet
1131 2745 112 76 esse
1187 2745 56 76 ve

1317 349 91 59 ra.
1369 349 104 59 illa
1434 349 91 59 non
1486 349 91 59 est
1538 349 117 59 vera.
1616 349 104 59 ergo
1681 349 91 59 non
1732 349 91 59 est
1784 349 117 59 omnio
1862 349 221 59 consecratiua,
2031 349 65 59 con

1318 400 191 56 sequentia
1465 400 132 56 tenet
1553 400 88 56 in
1597 400 147 56 Baroco
1699 400 176 56 probatur
1831 400 147 56 minor.
1934 400 117 56 hoc)
1992 400 103 56 nihil

1327 440 227 56 demonstrat:
1509 440 121 56 ergo
1584 440 227 56 affirmatiua
1766 440 106 56 est
1827 440 151 56 falsa.
1917 440 167 56 assumptum

1332 484 134 56 patet:
1426 484 107 56 quia
1493 484 81 56 si
1533 484 188 56 demonstrat
1681 484 161 56 species:
1802 484 94 56 iam
1856 484 148 56 extrema
1963 484 94 56 non
2003 484 81 56 supi

1317 535 136 48 ponunt
1412 535 95 48 pro
1467 535 136 48 eodem.
1561 535 81 48 si
1602 535 136 48 Corpus
1697 535 163 48 Christi:
1819 535 122 48 arguo
1900 535 108 48 sic:
1968 535 95 48 vel
2009 535 81 48 cor-

1326 579 93 53 pus
1379 579 146 53 Curisti
1485 579 80 53 in
1525 579 213 53 eucharistia:
1698 579 66 53 &
1725 579 93 53 hoc
1778 579 93 53 no:
1831 579 106 53 quia
1898 579 93 53 iam
1951 579 93 53 non
2004 579 93 53 est
2044 579 53 53 in

1321 625 223 44 eucharistia:
1502 625 70 44 &
1530 625 97 44 non
1585 625 209 44 demostratur
1752 625 139 44 corpus
1850 625 153 44 Christi
1961 625 83 44 in
1989 625 97 44 caelo

1320 667 133 45 tantum
1413 667 146 45 distans
1519 667 80 45 ab
1558 667 146 45 hostia:
1665 667 93 45 nec
1718 667 133 45 corpus
1810 667 146 45 Christi
1917 667 80 45 in
1956 667 106 45 alia
2023 667 93 45 ho-

1317 705 116 54 stia.
1394 705 142 54 igitur.
1497 705 64 54 ⁋
1523 705 116 54 lstud
1601 705 180 54 argumentum
1742 705 90 54 est
1794 705 142 54 commune
1897 705 77 54 in
1935 705 90 54 hac
1974 705 116 54 materia

1315 754 71 52 &
1343 754 171 52 spinosum
1471 754 128 52 sicut
1557 754 142 52 solent
1656 754 114 52 esse
1727 754 128 52 multa
1813 754 185 52 argumenta
1941 754 156 52 communia.

1315 794 128 66 Maior
1400 794 128 66 tamen
1486 794 142 66 potest
1585 794 157 66 negari:
1699 794 85 66 vt
1742 794 128 66 patet
1828 794 85 66 de
1870 794 128 66 forma
1942 794 142 66 baptismi

1324 848 120 48 apud
1399 848 180 48 graecos.
1534 848 135 48 Varii
1624 848 135 48 autem
1715 848 150 48 varias
1820 848 270 48 excogitauerunt
2030 848 60 48 so

1315 883 188 56 lutiones:
1459 883 72 56 &
1488 883 130 56 multa
1574 883 188 56 logicalia
1719 883 130 56 satis
1805 883 159 56 dissute
1906 883 188 56 inseruerunt

1317 934 173 52 maiores
1443 934 110 52 pro
1506 934 205 52 argumenti
1664 934 221 52 solutione.
1837 934 142 52 Oclam
1932 934 95 52 in
1963 934 126 52 quodli

1317 972 102 58 beto
1381 972 127 58 dicit:
1470 972 102 58 quod
1533 972 102 58 est)
1597 972 140 58 capitur
1699 972 89 58 pro
1750 972 114 58 erit:
1826 972 64 58 &
1851 972 191 58 subordiatur
2004 972 89 58 vni
2042 972 51 58 de

1316 1018 156 55 futuro.
1429 1018 99 55 hoc
1486 1018 99 55 non
1543 1018 128 55 valet
1628 1018 85 55 vt
1671 1018 142 55 tuipse
1770 1018 142 55 vides:
1870 1018 99 55 cum
1927 1018 142 55 copula
2012 1018 71 55 sit

1321 1061 74 68 de
1358 1061 161 68 paerteti.
1482 1061 112 68 Ponam
1556 1061 99 68 quam
1618 1061 149 68 succicte
1730 1061 124 68 potero
1817 1061 149 68 secundum
1929 1061 149 68 materiae
2028 1061 62 68 exi

1311 1116 146 53 gentiam:
1421 1116 98 53 quod
1482 1116 134 53 videtur
1579 1116 195 53 apparentius.
1738 1116 73 53 Et
1774 1116 98 53 dico
1835 1116 98 53 quod
1896 1116 98 53 illa
1957 1116 110 53 verba
2018 1116 61 53 pro

1312 1156 164 48 feruntur
1435 1156 205 48 recitatiue:
1600 1156 82 48 ac
1641 1156 82 48 si
1682 1156 68 48 a
1709 1156 150 48 Christo
1818 1156 137 48 essent
1914 1156 164 48 prolata,
2024 1156 68 48 nec

1316 1202 153 58 oportet
1428 1202 112 58 quod
1497 1202 167 58 pronomen
1623 1202 98 58 hoc
1679 1202 153 58 aliquid
1790 1202 209 58 demonstret:
1958 1202 84 58 ac
1999 1202 84 58 si
2027 1202 56 58 di

1313 1243 127 60 cerem.
1402 1243 152 60 Christus
1516 1243 114 60 dixit
1592 1243 127 60 Petro,
1681 1243 63 60 &
1707 1243 114 60 super
1783 1243 101 60 hanc
1846 1243 127 60 petram
1935 1243 76 60 &c
1973 1243 89 60 per
2011 1243 76 60 pro-

1319 1292 129 59 nomen
1405 1292 115 59 hanc
1477 1292 101 59 non
1534 1292 187 59 demonstro
1678 1292 158 59 Petrum:
1793 1292 115 59 quia
1865 1292 129 59 forte
1937 1292 144 59 Christus

1325 1328 93 55 per
1378 1328 66 55 (
1404 1328 119 55 hanc)
1484 1328 212 55 demonstrauit
1656 1328 146 55 seipsum
1761 1328 93 55 que
1814 1328 132 55 Petrus
1907 1328 172 55 confessus
2026 1328 53 55 es

1323 1378 62 59 &
1347 1378 99 59 quia
1409 1378 87 59 est
1459 1378 112 59 etiam
1533 1378 161 59 probabile
1657 1378 99 59 quod
1719 1378 124 59 Petrum
1806 1378 223 59 demonstrauerit
1979 1378 112 59 tamquam

1316 1423 137 48 petram
1412 1423 218 48 secundariam:
1589 1423 178 48 propterea
1726 1423 205 48 imprudentis
1890 1423 96 48 est
1944 1423 109 48 nunc
1999 1423 82 48 cape

1313 1467 81 52 re
1353 1467 162 52 pronomen
1474 1467 243 52 significatiue.
1677 1467 121 52 solum
1757 1467 108 52 enim
1825 1467 229 52 materialiter:
2014 1467 67 52 &
2027 1467 54 52 re

1317 1513 158 49 citatiue
1435 1513 105 49 illa
1501 1513 158 49 dicimus.
1619 1513 118 49 Fodem
1698 1513 105 49 modo
1764 1513 92 49 non
1817 1513 92 49 est
1869 1513 145 49 necesse
1975 1513 92 49 per
2014 1513 66 49 pro

1309 1553 129 55 nomen
1395 1553 86 55 tu
1437 1553 215 55 demonstrare
1609 1553 172 55 personam
1738 1553 143 55 Petri:
1838 1553 100 55 sed
1895 1553 129 55 solum
1967 1553 114 55 recita

1316 1598 100 59 tiue
1379 1598 100 59 illa
1442 1598 113 59 verba
1517 1598 200 59 proferuntur.
1679 1598 75 59 Et
1717 1598 88 59 sic
1767 1598 88 59 non
1817 1598 88 59 est
1867 1598 200 59 consecratiua
2017 1598 63 59 oro

1314 1642 106 50 illa
1380 1642 79 50 vt
1420 1642 119 50 vera,
1499 1642 93 50 nec
1552 1642 79 50 vt
1592 1642 132 50 falsa:
1684 1642 93 50 sed
1737 1642 106 50 data
1803 1642 119 50 nobis
1883 1642 146 50 tamquam
1975 1642 106 50 signum

1312 1686 114 57 quod
1383 1686 114 57 ipsa
1454 1686 170 57 prolata,
1582 1686 85 57 ex
1624 1686 128 57 pacto
1710 1686 142 57 diuino
1809 1686 142 57 corpus
1908 1686 156 57 Christi
2008 1686 85 57 inci

1315 1736 100 58 pit
1372 1736 114 58 esse
1443 1736 85 58 in
1485 1736 156 58 hostia.
1599 1736 100 58 Nec
1656 1736 142 58 obstat
1756 1736 128 58 illud
1841 1736 199 58 Augustinus
1983 1736 100 58 Acce-

1315 1777 96 62 dit
1370 1777 136 62 verbum
1465 1777 82 62 ad
1506 1777 191 62 elementum.
1656 1777 96 62 per
1711 1777 96 62 hoc
1766 1777 109 62 enim
1834 1777 96 62 non
1888 1777 150 62 oportet
1984 1777 109 62 prono-

1310 1824 111 59 men
1374 1824 175 59 aliquid
1501 1824 255 59 demonstrare:
1708 1824 111 59 sed
1772 1824 191 59 apponere
1915 1824 143 59 verba
1995 1824 96 59 pani

1314 1870 82 56 qui
1361 1870 129 56 dicitur
1455 1870 82 56 hic
1502 1870 165 56 elementum:
1632 1870 82 56 hoc
1679 1870 82 56 est
1726 1870 212 56 praesuppositum
1903 1870 129 56 tempore
1997 1870 82 56 vel
2032 1870 47 56 na

1312 1910 130 48 tura:
1398 1910 87 48 vt
1442 1910 116 48 aqua
1514 1910 87 48 in
1557 1910 188 48 baptismo.
1702 1910 116 48 Haec
1774 1910 101 48 est
1832 1910 145 48 opinio
1933 1910 145 48 domini
2034 1910 87 48 In

1315 1956 148 47 nocentii
1425 1956 74 47 de
1462 1956 135 47 officio
1561 1956 135 47 missae.
1659 1956 111 47 parte
1733 1956 135 47 tertia.
1831 1956 86 47 Sed
1880 1956 98 47 tunc
1942 1956 123 47 dicis.
2016 1956 61 47 est

1310 2000 129 50 eadem
1395 2000 214 50 difficultas
1567 2000 114 50 quid
1639 2000 172 50 Christus
1767 2000 272 50 demonstrauerit.
1996 2000 100 50 hoc
2039 2000 57 50 ne

1313 2042 99 51 go:
1369 2042 113 51 immo
1440 2042 127 51 nulla
1525 2042 99 51 est
1581 2042 226 51 difficultas.
1765 2042 99 51 nam
1822 2042 170 51 Christus
1935 2042 155 51 demonstra

1314 2088 91 47 uit
1366 2088 104 47 suum
1431 2088 182 47 praeciosum
1574 2088 130 47 corpus
1665 2088 104 47 quod
1730 2088 104 47 erat
1795 2088 169 47 praesens,
1925 2088 91 47 non
1977 2088 104 47 enim
2029 2088 52 47 de

1312 2131 188 52 mostrauit
1456 2131 130 52 panem
1543 2131 101 52 qui
1600 2131 130 52 nullo
1687 2131 130 52 pacto
1774 2131 116 52 erat
1846 2131 144 52 corpus
1933 2131 144 52 Christi,

1313 2173 82 67 Et
1354 2173 123 67 licet
1436 2173 137 67 beatus
1532 2173 123 67 Lucas
1614 2173 123 67 prius
1696 2173 137 67 dicat.
1791 2173 150 67 accepto
1900 2173 109 67 pane
1955 2173 123 67 gratias

1312 2220 113 59 egit
1383 2220 71 59 &
1411 2220 156 59 fregit:
1524 2220 71 59 &
1552 2220 127 59 dedit
1637 2220 99 59 eis
1694 2220 156 59 dicens:
1807 2220 141 59 postea
1906 2220 212 59 subiungedo:

1310 2261 97 51 hoc
1365 2261 97 51 est
1421 2261 138 51 corpus
1517 2261 124 51 meum:
1600 2261 97 51 non
1655 2261 124 51 tamen
1738 2261 152 51 oportet
1848 2261 110 51 quod
1917 2261 83 51 eo
1958 2261 138 51 ordine
2041 2261 55 51 fa

1308 2305 106 62 ctum
1374 2305 92 62 sit
1427 2305 79 62 vt
1466 2305 132 62 natrat
1558 2305 211 62 euangelista:
1730 2305 92 62 sed
1783 2305 119 62 prius
1862 2305 198 62 consecrauit
2007 2305 66 62 per

1313 2352 105 49 haec
1378 2352 118 49 verba
1457 2352 66 49 (
1483 2352 92 49 hoc
1536 2352 92 49 est
1588 2352 131 49 corpus
1680 2352 131 49 meum).
1772 2352 131 49 Placet
1863 2352 118 49 aliis
1942 2352 105 49 quod
1994 2352 92 49 semel

1313 2398 199 48 cosecrauit
1469 2398 99 48 per
1526 2398 114 48 haec
1597 2398 128 48 verba
1682 2398 114 48 (hoc
1753 2398 99 48 est
1810 2398 142 48 corpus
1910 2398 114 48 meu)
1981 2398 71 48 &
1995 2398 85 48 post

1310 2441 81 50 ea
1350 2441 148 50 adiecit
1458 2441 67 50 (
1485 2441 94 50 hoc
1539 2441 94 50 est
1593 2441 135 50 corpus
1687 2441 121 50 meum,
1768 2441 94 50 non
1822 2441 216 50 consecrando.
1997 2441 67 50 &
2011 2441 67 50 sic

1309 2486 164 55 Christus
1433 2486 110 55 vsus
1501 2486 96 55 est
1556 2486 123 55 eadem
1638 2486 123 55 forma
1720 2486 96 55 qua
1775 2486 110 55 nos,
1843 2486 123 55 licet
1925 2486 137 55 aliter
2008 2486 68 55 tem

1313 2534 92 54 ta.
1365 2534 157 54 Poterant
1483 2534 105 54 enim
1548 2534 144 54 partiri
1653 2534 118 54 panem
1732 2534 170 54 triticeum
1863 2534 79 54 in
1902 2534 157 54 duodecim
2007 2534 65 54 par

1311 2574 91 61 tes
1363 2574 91 61 vel
1415 2574 169 61 tredecim:
1546 2574 65 61 &
1572 2574 91 61 per
1624 2574 104 61 vnam
1689 2574 130 61 formam
1780 2574 117 61 omnia
1858 2574 104 61 illa
1924 2574 130 61 frusta
2002 2574 65 61 con

1309 2615 165 60 secrare,
1433 2615 165 60 dicendo,
1557 2615 96 60 hoc
1612 2615 96 60 est
1667 2615 137 60 corpus
1763 2615 124 60 meum:
1845 2615 124 60 sicut
1914 2615 165 60 praesbyter

1313 2660 149 58 facit:
1418 2660 75 58 &
1448 2660 179 58 capiendo
1582 2660 179 58 tredecim
1716 2660 164 58 hostias
1836 2660 239 58 demonstrauit
2015 2660 60 58 se

1313 2709 78 56 qui
1357 2709 78 56 non
1402 2709 89 56 erat
1457 2709 67 56 in
1491 2709 111 56 hostia
1569 2709 78 56 pro
1613 2709 122 56 tempore
1702 2709 145 56 adaequato
1813 2709 167 56 prolationis
1936 2709 133 56 pronominis

1313 2733 110 72 hoc,
1382 2733 110 72 quod
1451 2733 83 72 in
1492 2733 179 72 proposito
1630 2733 138 72 tantum
1726 2733 124 72 valet
1809 2733 151 72 quantum
1919 2733 96 72 hoc
1974 2733 96 72 ens
2015 2733 69 72 vel
