2329 3293
261 343 177 59 roboris
390 343 193 59 habeant:
534 343 97 59 in
583 343 161 59 primis
695 343 209 59 videamus.
856 343 161 59 postea
953 343 97 59 con-

258 395 116 48 tra
324 395 149 48 alium
423 395 149 48 modum
522 395 198 48 paululum
670 395 248 48 instabimus.
868 395 149 48 demum
967 395 99 48 in

267 440 139 47 illam
359 440 216 47 sententiam
529 440 232 47 descendemus
715 440 124 47 quae
792 440 139 47 nobis
869 440 170 47 rationabi

270 486 123 52 lior
346 486 215 52 videbitur.
516 486 77 52 â‹
546 486 184 52 Arguitur
685 486 123 52 sic.
761 486 92 52 Si
807 486 92 52 de
854 486 169 52 ratione
961 486 77 52 mat

274 528 136 50 tyrii
364 528 136 50 esset
455 528 181 50 actualis
591 528 196 50 perpessio
741 528 151 50 mortis
847 528 106 50 pro
892 528 151 50 Christo-

267 570 235 54 sequeretur:
455 570 94 54 si
502 570 156 54 essent
612 570 110 54 duo
674 570 156 54 omnino
784 570 188 54 aequales
924 570 94 54 in
956 570 78 54 pro

260 621 158 55 posito
371 621 269 55 grauissimorum
593 621 253 55 suppliciorum
783 621 253 55 suscipiendorum

265 672 103 47 pro
324 672 176 47 Christo,
456 672 88 47 in
500 672 103 47 hoc
559 672 132 47 solum
647 672 220 47 differentes
823 672 117 47 quod
896 672 132 47 furor
970 672 73 47 ty-

262 709 129 52 tanni
347 709 86 52 in
390 709 114 52 vnum
462 709 157 52 saeuiat
576 709 71 52 &
605 709 100 52 non
662 709 86 52 in
704 709 143 52 alium:
804 709 114 52 quod
876 709 114 52 vnus
933 709 100 52 esse:

279 758 133 51 martyr
372 758 66 51 &
398 758 93 51 non
451 758 133 51 alter.
544 758 93 51 sed
597 758 186 51 consequens
743 758 93 51 est
796 758 146 51 falsum,
902 758 106 51 quod
955 758 80 51 pro-

275 797 126 46 batur
359 797 112 46 sic.
429 797 225 46 quoruncumque
612 797 126 46 actus
696 797 197 46 interiores
851 797 112 46 sunt
907 797 126 46 eiusdem

266 842 187 47 tationis
407 842 78 47 &
438 842 249 47 intensionis,
641 842 140 47 eorum
734 842 156 47 merita
843 842 125 47 sunt
906 842 140 47 eiusdem

267 886 185 47 rationis
406 886 77 47 &
436 886 201 47 aequalia.
591 886 108 47 sed
653 886 139 47 actus
745 886 216 47 interiores
900 886 139 47 istorum

261 928 146 48 duorum
363 928 116 48 sunt
436 928 160 48 eiusdem
553 928 189 48 rationis:
698 928 116 48 quia
771 928 87 48 in
815 928 160 48 vtroque
931 928 102 48 est
975 928 58 48 vo

267 974 137 54 litio
358 974 213 54 sustinendi
526 974 213 54 grauissima
693 974 198 54 supplicia
845 974 91 54 ne
876 974 167 54 deseratur

268 1017 126 58 fides
352 1017 70 58 i
380 1017 98 58 aut
436 1017 84 58 ne
477 1017 126 58 idola
561 1017 182 58 colantur:
701 1017 112 58 quae
771 1017 154 58 volitio
882 1017 84 58 in
910 1017 126 58 vtroque

276 1064 112 47 est
340 1064 224 47 formaliter
516 1064 224 47 imperatiua
691 1064 272 47 exequutionis.
899 1064 128 47 suppos

265 1110 92 54 no
311 1110 123 54 enim
387 1110 123 54 quod
464 1110 169 54 vterque
586 1110 214 54 admoneatur
755 1110 77 54 a
786 1110 169 54 tyranno
908 1110 92 54 vt
939 1110 107 54 neget

262 1153 138 53 fidem
354 1153 77 53 &
385 1153 138 53 colat
477 1153 154 53 idola:
585 1153 108 53 aut
646 1153 231 53 grauissimis
831 1153 215 53 suppliciis
984 1153 62 53 af

263 1196 186 54 ficietur:
406 1196 72 54 &
435 1196 158 54 vterque
549 1196 201 54 respondeat
707 1196 86 54 se
750 1196 186 54 nequaquam
879 1196 158 54 negaturum

267 1239 151 47 fidem,
373 1239 106 47 sed
433 1239 91 47 ad
478 1239 211 47 quaecumque
644 1239 211 47 grauissima
811 1239 196 47 supplicia
946 1239 91 47 para

268 1287 185 42 tissimum.
410 1287 114 42 quod
481 1287 157 42 vterque
595 1287 185 42 praeterea
738 1287 157 42 ducatur
852 1287 85 42 ad
895 1287 128 42 locum
966 1287 71 42 tor

273 1327 185 47 mentorum
427 1327 77 47 &
457 1327 108 47 cum
519 1327 200 47 cruciatur
673 1327 123 47 vnus
750 1327 92 47 si
796 1327 92 47 ex
843 1327 123 47 ipsa
904 1327 139 47 perpes-

269 1372 141 57 sione
363 1372 188 57 augeatur
504 1372 188 57 voluntas
645 1372 188 57 martyrii
786 1372 94 57 in
833 1372 94 57 eo
880 1372 110 57 qui
927 1372 110 57 pati-

275 1419 107 47 tur:
342 1419 107 47 quod
408 1419 120 47 etiam
489 1419 161 47 augeatur
609 1419 80 47 in
649 1419 134 47 altero
743 1419 147 47 videndo
850 1419 134 47 socium
930 1419 107 47 patien

268 1456 115 58 tem.
339 1456 158 58 Addatur
454 1456 115 58 quod
526 1456 100 58 cum
583 1456 115 58 ille
655 1456 129 58 prior
741 1456 129 58 inter
827 1456 172 58 tormenta
942 1456 86 58 emis

267 1505 110 51 tit
330 1505 205 51 spiritum:
488 1505 110 51 aut
551 1505 173 51 propter
677 1505 221 51 euidentiam
835 1505 205 51 miraculorum

267 1555 105 45 aut
327 1555 165 45 propter
447 1555 150 45 mortem
552 1555 165 45 tyranni
673 1555 225 45 relinquatur
853 1555 150 45 alter:
958 1555 105 45 iam

264 1596 103 52 non
323 1596 163 52 videtur
442 1596 118 52 quid
516 1596 133 52 desit
604 1596 118 52 isti
678 1596 118 52 quod
752 1596 89 52 ad
796 1596 192 52 martyrium
930 1596 103 52 requi

265 1640 166 45 ratur.
382 1640 83 45 â‹
415 1640 100 45 Ad
465 1640 117 45 hoc
532 1640 233 45 argumentum
715 1640 233 45 conceditur
881 1640 150 45 sequela

260 1681 77 51 &
290 1681 232 51 consequens.
476 1681 77 51 &
507 1681 170 51 quarido
630 1681 185 51 improbas
769 1681 216 51 falsitatem
924 1681 108 51 conse

275 1730 173 51 quentis.
405 1730 231 51 quoruncumque
592 1730 130 51 actus
679 1730 202 51 interiores
838 1730 116 51 sunt
896 1730 130 51 eiusdem

269 1771 165 58 rationis
393 1771 96 58 &c.
448 1771 179 58 distinguo
585 1771 110 58 quod
654 1771 124 58 actus
736 1771 192 58 interiores
888 1771 110 58 sint
943 1771 82 58 eius

270 1813 103 57 dem
329 1813 191 57 rationis:
476 1813 103 57 vel
535 1813 221 57 entitatiue.
712 1813 74 57 &
741 1813 103 57 sic
800 1813 221 57 conceditur.
962 1813 74 57 vel

258 1859 279 50 accidentaliter
491 1859 78 50 &
522 1859 93 50 in
569 1859 264 50 denominatione
786 1859 202 50 martyrii:
941 1859 78 50 &
956 1859 78 50 sic

256 1905 130 53 nego:
342 1905 115 53 quia
414 1905 130 53 deest
501 1905 101 53 vni
558 1905 115 53 mors
630 1905 115 53 quam
702 1905 216 53 aduersarius
875 1905 130 53 dicit
948 1905 86 53 esse

257 1952 225 51 requisitam
433 1952 96 51 ad
482 1952 225 51 martyrium.
658 1952 80 51 â‹
690 1952 176 51 Secundo
818 1952 209 51 arguitur.
963 1952 64 51 eo

258 1996 124 55 modo
335 1996 108 55 per
397 1996 170 55 aliquid
521 1996 124 55 mere
598 1996 201 55 naturale,
753 1996 124 55 quod
830 1996 93 55 no
876 1996 108 55 est
938 1996 93 55 in
969 1996 62 55 po

263 2038 167 59 testate
384 2038 182 59 studiose
521 2038 213 59 operantis,
688 2038 167 59 aliquis
810 2038 91 59 de
856 2038 106 59 non
901 2038 137 59 martyre

259 2083 120 44 fiet
334 2083 165 44 martyt.
454 2083 105 44 Hoc
514 2083 195 44 concludit
664 2083 150 44 contra
769 2083 195 44 arguentem
919 2083 90 44 de
949 2083 90 44 vir-

269 2124 208 57 ginitate.
429 2124 112 57 nam
493 2124 96 57 si
541 2124 160 57 aliqua
653 2124 240 57 cognoscatur
844 2124 208 57 renitens,
988 2124 48 57 &

261 2175 204 49 propositum
422 2175 190 49 continuet
568 2175 219 49 castitatis:
742 2175 175 49 perditur
859 2175 175 49 virginitas

265 2216 99 55 per
321 2216 155 55 aliquid
434 2216 113 55 quod
505 2216 99 55 non
562 2216 99 55 est
618 2216 85 55 in
661 2216 184 55 potestate
802 2216 127 55 eius.
872 2216 170 55 Similiter.

257 2269 159 49 ebrius
368 2269 175 49 hominem
496 2269 191 49 occidens
639 2269 95 49 ex
686 2269 143 49 culpa
782 2269 191 49 praeuia,
909 2269 127 49 peccat

274 2306 101 41 per
331 2306 158 41 aliquid
446 2306 115 41 mere
518 2306 187 41 naturale,
663 2306 115 41 quod
735 2306 86 41 no
778 2306 101 41 est
835 2306 86 41 in
879 2306 115 41 eius
936 2306 101 41 pote-

258 2350 131 46 state
346 2350 116 46 tunc
419 2350 175 46 secundum
550 2350 116 46 eum.
622 2350 73 46 â‹
652 2350 160 46 Tertio.
768 2350 146 46 pauper
870 2350 102 46 non
914 2350 116 46 habens

267 2392 108 42 quod
334 2392 108 42 dare
402 2392 135 42 possit
496 2392 95 42 est
550 2392 95 42 vel
604 2392 108 42 esse
672 2392 135 42 potest
766 2392 189 42 liberalis:
915 2392 108 42 ergo
969 2392 68 42 fi-

265 2433 134 53 delis
354 2433 104 53 non
414 2433 149 53 habens
518 2433 134 53 illum
607 2433 74 53 a
637 2433 104 53 quo
697 2433 193 53 crucietur
845 2433 149 53 potest
935 2433 89 53 esse

254 2481 173 47 martyr.
380 2481 252 47 Consequentia
585 2481 110 47 est
648 2481 158 47 nulla.
759 2481 79 47 &
790 2481 142 47 eodem
885 2481 126 47 modo
948 2481 79 47 con

261 2524 179 47 cluditur
395 2524 89 47 de
440 2524 238 47 virginitate.
634 2524 134 47 Facit
723 2524 119 47 duas
798 2524 134 47 alias
872 2524 149 47 rationes

265 2568 92 47 in
311 2568 215 47 quaestione
480 2568 138 47 prima
572 2568 138 47 huius
664 2568 184 47 materiae
802 2568 77 47 :
833 2568 92 47 ad
879 2568 123 47 quas
956 2568 108 47 non

251 2610 232 52 respondeo,
434 2610 133 52 quia
517 2610 116 52 non
583 2610 133 52 sunt
666 2610 166 52 magnae
782 2610 149 52 molis
865 2610 166 52 intelli-

268 2658 124 51 genti
351 2658 207 51 positionem.
517 2658 69 51 â‹
544 2658 124 51 Facit
627 2658 124 51 tamen
710 2658 111 51 vnam
779 2658 166 51 rationem
904 2658 83 51 in
931 2658 97 51 quae-

264 2696 153 56 stione
371 2696 168 56 quarta:
493 2696 122 56 quae
569 2696 168 56 videtur
692 2696 168 56 maioris
814 2696 229 56 acrimoniae.
982 2696 46 56 &

256 2751 99 63 est
313 2751 128 63 haec.
398 2751 85 63 Si
440 2751 85 63 ad
483 2751 170 63 rationem
611 2751 170 63 martyrii
739 2751 170 63 exigatur
867 2751 85 63 de
895 2751 142 63 necessi

1099 332 115 68 tate
1170 332 201 68 tolerantia
1329 332 158 68 mortis:
1444 332 129 68 autem
1530 332 129 68 actus
1616 332 172 68 martyrii
1745 332 115 68 erit
1803 332 86 68 post

1094 400 174 50 mortem:
1221 400 79 50 &
1253 400 111 50 hoc
1316 400 111 50 non
1379 400 127 50 quia
1458 400 143 50 actus
1553 400 190 50 martyrii
1696 400 111 50 est
1743 400 127 50 merito

1106 443 127 47 rius.
1190 443 113 47 post
1261 443 141 47 mortem
1360 443 127 47 autem
1444 443 99 47 non
1501 443 99 47 est
1557 443 127 47 actus
1641 443 211 47 mtritorius.
1797 443 70 47 aut

1101 488 87 50 in
1145 488 174 50 instanti
1276 488 145 50 aliquo
1377 488 218 50 praecedente
1552 488 160 50 instans
1668 488 160 50 mortis:
1784 488 73 50 &
1798 488 73 50 hoc

1100 532 114 48 non:
1171 532 114 48 quia
1242 532 128 48 inter
1328 532 114 48 tale
1399 532 157 48 instans
1513 532 71 48 &
1542 532 157 48 instans
1656 532 143 48 mortis
1756 532 100 48 est
1799 532 71 48 te-

1104 576 110 50 pus
1167 576 172 50 medium:
1292 576 125 50 ergo
1370 576 156 50 potest
1480 576 235 50 naturaliter
1668 576 110 50 aut
1715 576 156 50 superna-

1100 621 181 54 turaliter
1240 621 98 54 non
1295 621 167 54 consequi
1421 621 126 54 mors.
1504 621 153 54 ponatur
1616 621 112 54 quod
1686 621 98 54 non
1728 621 139 54 sequatur

1106 662 129 49 mors
1187 662 113 49 per
1251 662 194 49 potentia
1396 662 194 49 diuinant
1541 662 113 49 iam
1606 662 113 49 vel
1670 662 97 49 ad
1703 662 177 49 martyrium

1098 707 106 50 non
1158 707 181 50 exigitur
1294 707 181 50 actualis
1430 707 211 50 tolerantia
1596 707 166 50 mortis:
1717 707 106 50 vel
1762 707 106 50 actus

1107 751 118 47 iste
1181 751 103 47 qui
1240 751 191 47 concessus
1387 751 103 47 est
1446 751 118 47 esse
1520 751 191 47 martyrium
1667 751 103 47 non
1726 751 103 47 est
1785 751 118 47 mar-

1096 799 169 56 tyrium,
1219 799 123 56 quod
1296 799 108 56 non
1357 799 108 56 est
1419 799 200 56 dicendum.
1573 799 77 56 â‹
1604 799 92 56 Ad
1650 799 108 56 hoc
1696 799 185 56 argumentum

1098 840 162 45 dicitur
1216 840 118 45 quod
1290 840 133 45 actus
1379 840 177 45 martyrii
1511 840 103 45 est
1570 840 118 45 ante
1644 840 148 45 mortem
1747 840 89 45 in
1792 840 74 45 a
1821 840 89 45 in

1103 884 140 47 stanti
1201 884 98 47 vel
1257 884 98 47 bet
1313 884 70 47 &
1341 884 84 47 si
1383 884 154 47 ponatur
1496 884 112 47 quod
1566 884 98 47 sit
1622 884 98 47 vna
1678 884 112 47 hora
1748 884 126 47 adhuc
1818 884 56 47 ad

1104 932 147 50 mortem
1207 932 147 50 vsque:
1310 932 117 50 dico
1383 932 117 50 quod
1457 932 176 50 repugnas
1589 932 162 50 posito.
1706 932 132 50 ponis
1780 932 88 50 enim

1106 977 154 47 actum
1209 977 206 47 martyrii
1363 977 137 47 esse
1449 977 120 47 vna
1517 977 137 47 hora
1603 977 120 47 vel
1671 977 171 47 duabus
1774 977 103 47 ante

1094 1022 171 50 mortem:
1219 1022 78 50 &
1250 1022 155 50 postea
1358 1022 109 50 vis
1420 1022 124 50 quod
1498 1022 109 50 non
1560 1022 186 50 moriatur
1699 1022 109 50 ad.
1761 1022 109 50 xx.
1808 1022 62 50 an

1108 1066 111 46 nos.
1177 1066 97 46 Vel
1233 1066 111 46 sic,
1302 1066 69 46 &
1330 1066 111 46 tibi
1399 1066 166 46 lucidius
1524 1066 125 46 erit.
1607 1066 139 46 quando
1704 1066 166 46 petitur,
1815 1066 55 46 an

1107 1111 116 43 iste
1180 1111 131 43 actus
1267 1111 102 43 sit
1326 1111 204 43 martyrium:
1486 1111 116 43 dico
1558 1111 116 43 quod
1631 1111 175 43 dependet
1762 1111 87 43 ex
1791 1111 73 43 vna

1112 1151 220 50 propositione
1291 1151 82 50 de
1332 1151 137 50 futuro
1428 1151 96 50 sc.
1483 1151 96 50 ls.
1538 1151 82 50 ex
1579 1151 96 50 hac
1634 1151 110 50 iste
1703 1151 165 50 morietur
1813 1151 55 50 ex

1111 1193 95 56 hac
1166 1193 136 56 plaga.
1261 1193 82 56 et
1302 1193 82 56 si
1343 1193 109 56 illa
1411 1193 136 56 fuerit
1506 1193 123 56 vera:
1588 1193 123 56 actus
1670 1193 123 56 datus
1752 1193 95 56 est
1793 1193 68 56 mai

1093 1246 153 44 tyrium.
1204 1246 97 44 sin
1260 1246 139 44 minus,
1357 1246 97 44 num
1413 1246 111 44 quam
1483 1246 111 44 fuit
1552 1246 195 44 martyrium.
1705 1246 83 44 Et
1747 1246 97 44 vbi
1789 1246 83 44 Mar-

1097 1284 141 45 tinus
1191 1284 141 45 dicit
1285 1284 203 45 opinantem
1442 1284 110 45 non
1504 1284 141 45 velle
1598 1284 156 45 dicere
1708 1284 110 45 hoc
1754 1284 110 45 modos

1106 1330 113 46 dico
1176 1330 113 46 quod
1247 1330 127 46 nulla
1332 1330 99 46 est
1388 1330 113 46 alia
1459 1330 99 46 via
1515 1330 155 46 dicendi
1628 1330 113 46 ipsi
1699 1330 183 46 opinanti.
1826 1330 42 46 &

1099 1374 97 50 ita
1155 1374 153 50 videtur
1266 1374 139 50 dicere
1364 1374 111 50 bea.
1433 1374 111 50 Tho.
1503 1374 153 50 secunda
1614 1374 181 50 Secundae.
1740 1374 125 50 quaest.

1109 1419 167 47 exxiiii.
1234 1419 125 47 licet
1318 1419 181 47 tenebrose
1457 1419 167 47 loquatur
1582 1419 125 47 super
1665 1419 111 47 hoc.
1735 1419 97 47 sed
1777 1419 97 47 quic-

1092 1457 124 65 quid
1169 1457 124 65 sit,
1247 1457 109 65 pro
1309 1457 93 65 me
1355 1457 109 65 ita
1402 1457 109 65 dico.

1092 1512 90 91 â‹
1128 1512 109 91 Et
1182 1512 145 91 quod
1273 1512 127 91 ita
1345 1512 181 91 dicere
1472 1512 127 91 sit
1544 1512 271 91 rationabile
1743 1512 127 91 osten

1102 1597 138 53 ditur
1194 1597 185 53 arguendo
1332 1597 154 53 contra
1440 1597 138 53 aliam
1532 1597 215 53 positionem
1702 1597 123 53 quam
1763 1597 108 53 Marti

1104 1639 103 48 nus
1163 1639 221 48 insequitur:
1340 1639 133 48 licet
1429 1639 103 48 sit
1488 1639 147 48 partim
1591 1639 88 48 de
1635 1639 147 48 nomine
1724 1639 147 48 certare.

1094 1686 78 44 &
1126 1686 109 44 hoc
1188 1686 124 44 sic.
1265 1686 124 44 Nisi
1343 1686 109 44 hic
1405 1686 140 44 modus
1498 1686 109 44 sit
1560 1686 155 44 verus:
1668 1686 171 44 dabitur
1777 1686 93 44 mati

1099 1734 125 49 tyr
1170 1734 232 49 damnatus:
1349 1734 142 49 immo
1438 1734 160 49 multi
1544 1734 214 49 martyres
1687 1734 178 49 dabuntur

1098 1774 192 52 damnati.
1242 1774 224 52 consequens
1418 1774 112 52 est
1482 1774 272 52 inconveniens:
1705 1774 128 52 ergo
1785 1774 80 52 &
1801 1774 64 52 an

1095 1816 198 54 tecedens.
1247 1816 137 54 probo
1339 1816 275 54 consequentiam:
1568 1816 122 54 quia
1644 1816 122 54 stat
1705 1816 168 54 plerosque

1099 1864 104 51 qui
1158 1864 193 51 habuerunt
1307 1864 133 51 actum
1396 1864 178 51 martyrii
1529 1864 74 51 &
1559 1864 178 51 habitum,
1692 1864 163 51 viuere.
1796 1864 74 51 xx.

1090 1907 149 50 annos
1190 1907 133 50 vel.
1273 1907 133 50 xxx.
1356 1907 133 50 post
1439 1907 216 50 martyrium
1605 1907 100 50 de
1655 1907 133 50 lege
1722 1907 149 50 communi

1101 1951 80 47 &
1133 1951 160 47 multos
1245 1951 144 47 tales
1341 1951 128 47 esse
1421 1951 192 47 damnatos
1566 1951 96 47 de
1614 1951 144 47 lege.
1710 1951 112 47 hoc
1758 1951 112 47 conce

1101 1995 129 44 dere
1182 1995 113 44 est
1246 1995 275 44 inconueniens.
1473 1995 113 44 nam
1537 1995 194 44 iniuriam
1683 1995 146 44 facit
1780 1995 129 44 mar-

1101 2040 124 53 tyri
1179 2040 109 53 qui
1241 2040 124 53 orat
1319 2040 109 53 pro
1381 2040 186 53 martyre.
1520 2040 93 53 de
1567 2040 248 53 celebratione
1753 2040 124 53 missa-

1099 2087 123 44 rum
1170 2087 123 44 ca.
1240 2087 123 44 Cum
1310 2087 210 44 Marthae.
1467 2087 228 44 Propterea
1642 2087 123 44 vbi
1695 2087 175 44 orabatur

1100 2125 110 48 pro
1163 2125 157 48 sancto
1273 2125 157 48 Leone:
1383 2125 157 48 mutata
1493 2125 110 48 est
1556 2125 173 48 persona
1682 2125 94 48 vt
1713 2125 142 48 sanctus

1099 2169 112 54 Leo
1163 2169 112 54 pro
1227 2169 143 54 nobis
1322 2169 271 54 intercederet:
1545 2169 96 54 vt
1593 2169 143 54 eodem
1689 2169 127 54 loco
1752 2169 112 54 dicit

1086 2215 200 52 maximus
1231 2215 236 52 pontifex.
1413 2215 127 52 Sed
1486 2215 164 52 dicis
1595 2215 127 52 hoc
1650 2215 218 52 argumentum

1096 2258 135 48 esse
1180 2258 168 48 contra
1298 2258 101 48 me
1349 2258 236 48 arguentem:
1534 2258 135 48 quia
1618 2258 202 48 contingi
1753 2258 118 48 virum

1088 2311 132 46 mori
1171 2311 132 46 post
1254 2311 132 46 duos
1336 2311 132 46 dies
1419 2311 116 46 vel
1485 2311 132 46 tres
1568 2311 99 46 ex
1617 2311 182 46 vulnere
1733 2311 132 46 illato

1101 2350 120 54 post
1176 2350 150 54 vulnus
1281 2350 210 54 inflictum.
1446 2350 75 54 &
1476 2350 105 54 sic
1535 2350 165 54 dabitur
1655 2350 150 54 martyr
1745 2350 120 54 damna-

1096 2400 120 50 tus.
1171 2400 105 50 Sed
1231 2400 105 50 non
1291 2400 105 50 est
1351 2400 165 50 simile,
1471 2400 120 50 quia
1546 2400 180 50 plurimum
1681 2400 90 50 in
1726 2400 135 50 campo
1801 2400 60 50 oc

1101 2441 180 44 ciditur
1232 2441 180 44 martyr:
1363 2441 115 44 nec
1428 2441 148 44 datur
1527 2441 164 44 tempus
1642 2441 180 44 amplius
1756 2441 115 44 viuen

1089 2485 109 46 di:
1152 2485 78 46 &
1183 2485 203 46 ratissime
1339 2485 141 46 datur
1433 2485 156 46 alicui
1543 2485 156 46 tempus
1652 2485 172 46 viuendi
1762 2485 109 46 extra

1091 2530 159 51 vulnera
1206 2530 174 51 inflicta
1337 2530 101 51 vel
1395 2530 188 51 cruciatus
1539 2530 174 51 illatos.
1670 2530 72 51 &
1699 2530 87 51 si
1742 2530 101 51 diu
1786 2530 72 51 vi-

1093 2569 108 54 uat
1154 2569 123 54 dato
1231 2569 138 54 etiam
1323 2569 123 54 quod
1400 2569 123 54 vita
1477 2569 123 54 eius
1554 2569 185 54 longaeua
1693 2569 108 54 non
1739 2569 123 54 notabi

1095 2615 133 50 liter
1184 2615 207 50 breuietur:
1347 2615 104 50 non
1406 2615 192 50 propterea
1554 2615 178 50 dicendus
1687 2615 104 50 est
1732 2615 133 50 martyr.

1094 2662 122 58 quare
1176 2662 95 58 non
1230 2662 95 58 est
1284 2662 135 58 tantus
1378 2662 135 58 color:
1473 2662 108 58 immo
1541 2662 95 58 non
1595 2662 95 58 est
1649 2662 122 58 color
1730 2662 108 58 quod
1784 2662 81 58 mat-

1088 2705 98 45 tyr
1144 2705 153 45 aliquis
1255 2705 209 45 damnabitur.
1423 2705 98 45 sed
1479 2705 98 45 qui
1534 2705 181 45 moriuntur
1674 2705 98 45 pro
1730 2705 112 45 fide
1799 2705 84 45 in

1087 2749 97 61 die
1142 2749 111 61 illo
1212 2749 97 61 vel
1267 2749 193 61 sequaente,
1419 2749 83 61 vt
1460 2749 180 61 dubitatur
1598 2749 83 61 de
1640 2749 138 61 sancto
1723 2749 138 61 Matthia,
