2515 3350
654 295 91 121 in
699 295 167 121 feruore
821 295 182 121 martyrii
957 295 212 121 perdurant,
1124 295 76 121 &
1154 295 227 121 specialiter
1321 295 136 121 adiuuan

658 349 114 109 tur
723 349 81 109 a
755 349 130 109 deo:
837 349 81 109 &
869 349 114 109 hoc
934 349 212 109 merentur,
1097 349 130 109 quia
1179 349 163 109 corpus
1293 349 81 109 &
1309 349 130 109 animan

649 391 100 106 pro
706 391 100 106 deo
763 391 214 106 obtuierunt,
934 391 100 106 non
991 391 100 106 est
1048 391 128 106 autem
1134 391 200 106 verosimile
1290 391 114 106 quod
1347 391 86 106 ali-

644 440 102 105 cui
703 440 102 105 sic
761 440 262 105 suffragabitur,
979 440 73 105 &
1008 440 116 105 quod
1080 440 87 105 in
1124 440 116 105 tali
1197 440 189 105 proposito
1327 440 102 105 perdu

645 483 133 109 rabit
734 483 89 109 si
778 483 148 109 viuat.
881 483 118 109 xxx.
955 483 148 109 annos:
1058 483 133 109 cuius
1147 483 118 109 vita
1221 483 133 109 etiam
1309 483 103 109 non
1353 483 74 109 bre

632 522 203 121 uiabitur.
789 522 78 121 â‹
820 522 125 121 ltem
898 522 172 121 videtur
1023 522 125 121 quod
1102 522 188 121 Origenes
1242 522 109 121 per
1289 522 141 121 aduersa

639 566 125 117 rios
717 566 156 117 debeat
827 566 125 117 dici
905 566 156 117 martyr
1014 566 109 117 qui
1077 566 141 117 patri
1170 566 203 117 consuluit
1311 566 109 117 perpe

624 611 108 110 ti,
685 611 77 110 &
716 611 201 110 confiteri
871 611 139 110 nomen
964 611 186 110 Christi:
1104 611 77 110 &
1135 611 155 110 patrem
1228 611 201 110 accessisset

624 651 182 115 postridie
764 651 112 115 eius
834 651 112 115 diei
904 651 98 115 quo
960 651 182 115 martyrium
1099 651 196 115 sustinuit,
1253 651 84 115 si
1295 651 98 115 non
1337 651 84 115 clan

631 702 127 110 culum
715 702 127 110 mater
800 702 113 110 eius
870 702 141 110 vestes
969 702 211 110 abstulisset
1138 702 70 110 &
1166 702 99 110 eum
1208 702 211 110 prohibuisset.

621 737 109 129 iam
684 737 124 129 enim
761 737 186 129 secundum
901 737 264 129 imaginationem
1118 737 186 129 Origenis
1258 737 124 129 erat
1320 737 93 129 prae

622 779 159 121 sentia
733 779 254 121 periculorum:
940 779 79 121 &
971 779 143 121 adhuc
1067 779 175 121 volebat
1194 779 206 121 confiteri
1337 779 79 121 no-

617 834 109 107 men
680 834 188 107 Christi:
821 834 78 107 &
852 834 109 107 hoc
914 834 234 107 proponebat.
1102 834 125 107 ergo
1180 834 172 107 habebat
1290 834 109 107 actum

609 865 190 121 heroicum
752 865 174 121 volendo
878 865 190 121 cofiteri
1020 865 142 121 nomen
1115 865 174 121 Curisti
1242 865 95 121 ad
1273 865 127 121 mortem

623 915 166 122 ysque:
740 915 83 122 &
773 915 149 122 tamen
873 915 83 122 a
906 915 166 122 multis
1022 915 216 122 reuocatur
1188 915 100 122 in
1238 915 166 122 dubium
1338 915 66 122 an

607 953 101 130 sit
664 953 188 130 saluatus.
809 953 87 130 Et
853 953 101 130 hoc
911 953 145 130 potest
1012 953 159 130 vallari
1128 953 101 130 per
1186 953 174 130 Eusebium
1302 953 101 130 Caesa

608 1002 181 125 tiensem
739 1002 214 125 dicentem.
904 1002 148 125 Tanta
1003 1002 132 125 erat
1085 1002 214 125 multitudo
1249 1002 99 125 in
1282 1002 99 125 Aegi

600 1044 107 122 pto
661 1044 91 122 se
706 1044 229 122 offerentium
889 1044 137 122 morti
981 1044 107 122 pro
1042 1044 213 122 defensione
1209 1044 137 122 fidei
1285 1044 107 122 circa

603 1083 122 129 dies
679 1083 199 129 Origenis,
832 1083 92 129 vt
878 1083 138 129 fessi
969 1083 153 129 essent
1076 1083 214 129 carnifices
1244 1083 76 129 &
1260 1083 122 129 coacti

597 1135 104 119 eos
657 1135 224 119 relinquere.
836 1135 104 119 Vbi
896 1135 119 119 ergo
970 1135 104 119 tot
1030 1135 179 119 venerunt
1164 1135 90 119 in
1194 1135 179 119 praesentia

586 1180 249 114 periculorum:
789 1180 125 114 quis
867 1180 125 114 scit
945 1180 125 114 quin
1023 1180 156 114 aliqui
1132 1180 156 114 eorum:
1241 1180 125 114 immo
1303 1180 78 114 mul

581 1227 93 118 ti
627 1227 93 118 in
673 1227 108 118 hoc
735 1227 170 118 tempore
858 1227 108 118 vel
920 1227 123 118 alio
997 1227 170 118 damnati
1120 1227 139 118 sint?
1197 1227 170 118 Praeterea

585 1264 111 119 idem
655 1264 97 119 est
710 1264 139 119 martyr
808 1264 70 119 &
835 1264 139 119 testis
933 1264 139 119 fidei:
1030 1264 70 119 &
1058 1264 125 119 talem
1141 1264 139 119 putari
1239 1264 83 119 ab
1267 1264 97 119 eccle

582 1303 120 127 sia.
657 1303 120 127 modo
732 1303 120 127 nemo
807 1303 105 127 est
867 1303 180 127 putandus
1003 1303 135 127 talis
1093 1303 120 127 ante
1153 1303 210 127 inflictionem

576 1360 157 121 mortis.
690 1360 143 121 aliqui
790 1360 114 121 enim
861 1360 214 121 confitentur
1033 1360 129 121 nomen
1118 1360 157 121 Curisti
1233 1360 86 121 in
1261 1360 100 121 absen

565 1404 111 120 tia
629 1404 111 120 qui
692 1404 95 120 in
739 1404 222 120 praesentia
914 1404 174 120 negant:
1040 1404 95 120 vt
1088 1404 174 120 legimus
1214 1404 95 120 de
1246 1404 111 120 beato

571 1439 141 124 Petro
666 1439 157 124 Matth.
776 1439 141 124 xxvi.
870 1439 79 124 &
901 1439 157 124 aliqui
1011 1439 236 124 confitentur
1200 1439 126 124 ante
1263 1439 94 124 tor-

575 1493 145 120 menta,
677 1493 102 120 qui
735 1493 189 120 adhibitis
881 1493 218 120 cruciatibus
1055 1493 204 120 resiliunt.
1215 1493 102 120 sic
1259 1493 87 120 tem.

568 1538 129 112 pore
648 1538 193 112 paruorum
793 1538 241 112 cruciatuum,
986 1538 80 112 &
1018 1538 96 112 in
1066 1538 209 112 principio
1210 1538 145 112 durorum

565 1582 145 118 aliqui
666 1582 246 118 perstiterunt,
868 1582 101 118 qui
926 1582 145 118 postea
1027 1582 275 118 retrocesserunt.
1258 1582 116 118 ergo

566 1625 180 118 quousque
701 1625 120 118 mors
776 1625 210 118 inferatur:
941 1625 180 118 ecclesia
1077 1625 105 118 non
1137 1625 135 118 habet
1212 1625 120 118 signum

561 1671 167 118 efficax
682 1671 197 118 iudicandi
834 1671 136 118 talem
925 1671 121 118 esse
1000 1671 197 118 martyrem,
1152 1671 106 118 nec
1198 1671 136 118 tempore

556 1714 111 113 quo
620 1714 223 113 torquetur,
795 1714 111 113 nec
858 1714 159 113 antea.
969 1714 159 113 Quando
1081 1714 143 113 autem
1176 1714 127 113 dico
1240 1714 95 113 idem

558 1761 119 112 esse
632 1761 193 112 martyrem,
781 1761 74 112 &
810 1761 134 112 talem
900 1761 148 112 putari
1003 1761 89 112 ab
1048 1761 193 112 ecclesia:
1182 1761 148 112 intelli-

542 1801 93 116 go
588 1801 124 116 quod
665 1801 155 116 faciat
774 1801 139 116 signa
867 1801 170 116 ratione
990 1801 155 116 quorum
1099 1801 93 116 si
1145 1801 186 116 ecclesia
1269 1801 62 116 mi

537 1842 152 120 litans
643 1842 152 120 esset,
750 1842 168 120 deberet
872 1842 183 120 iudicare
1009 1842 122 120 hunc
1085 1842 122 120 esse
1146 1842 168 120 martyrem.

536 1889 116 112 nam
602 1889 182 112 aliquis
734 1889 116 112 pro
800 1889 149 112 amore
899 1889 182 112 Curisti
1031 1889 182 112 moritur
1163 1889 149 112 inter
1245 1889 66 112 Ma

535 1925 221 125 humetanos
705 1925 119 125 vbi
773 1925 170 125 nullus
892 1925 119 125 est
960 1925 272 125 Christianus:
1181 1925 119 125 qui
1232 1925 85 125 est

537 1976 170 120 martyr,
660 1976 77 120 &
691 1976 77 120 a
722 1976 139 120 nullo
815 1976 170 120 viatore
939 1976 170 120 putatus
1062 1976 155 120 talis.
1171 1976 93 120 Ad
1202 1976 108 120 indi-

532 2020 112 116 cium
602 2020 126 116 autem
686 2020 168 116 martyrii
812 2020 196 116 requiritur
965 2020 112 116 quod
1035 2020 126 116 signa
1119 2020 112 116 sint
1175 2020 126 116 effica:

533 2065 126 122 cia.
612 2065 141 122 quare
706 2065 173 122 loquela
832 2065 94 122 de
879 2065 173 122 volendo
1005 2065 126 122 pati
1083 2065 94 122 in
1130 2065 189 122 absentia
1256 2065 47 122 &

519 2110 84 124 in
561 2110 182 124 principio
701 2110 210 124 cruciatuum,
869 2110 98 124 non
925 2110 98 124 est
981 2110 140 124 signum
1079 2110 168 124 efficax.
1205 2110 70 124 â‹
1219 2110 84 124 Prae

522 2156 134 120 terea
611 2156 104 120 sic
671 2156 223 120 argumentor.
850 2156 134 120 velle
939 2156 119 120 pati
1013 2156 164 120 mortem,
1132 2156 104 120 vel
1177 2156 119 120 potius

514 2197 139 115 tueri
606 2197 139 115 fidem
699 2197 108 115 non
761 2197 186 115 obstante
901 2197 217 115 conditione
1071 2197 155 115 mortis
1164 2197 124 115 oblata

513 2242 92 113 in
559 2242 184 113 absentia
697 2242 108 113 non
759 2242 184 113 sufficit
897 2242 92 113 ad
943 2242 200 113 martyrium
1097 2242 108 113 per
1158 2242 108 113 te,
1204 2242 77 113 sed

508 2293 189 110 requiritur
657 2293 203 110 praesentia:
819 2293 176 110 quaeramus
955 2293 81 110 de
995 2293 108 110 illa
1063 2293 203 110 praesentia,
1211 2293 68 110 non

513 2327 104 121 est
573 2327 178 121 localis:
706 2327 119 121 quia
780 2327 104 121 sic
840 2327 178 121 tyrannus
973 2327 104 121 vel
1033 2327 208 121 spiculator
1181 2327 104 121 esset

504 2378 165 113 martyr.
624 2378 105 113 Nec
684 2378 210 113 requiritur
849 2378 135 113 visio
939 2378 180 113 securis.
1074 2378 180 113 alioquin
1194 2378 75 113 cae

514 2418 101 114 cus
571 2418 101 114 non
629 2418 130 114 esset
716 2418 159 114 martyr:
831 2418 101 114 nec
889 2418 145 114 habens
990 2418 145 114 oculos
1092 2418 159 114 velatos
1193 2418 72 114 tem

511 2463 118 114 pore
585 2463 147 114 mortis
688 2463 235 114 infligendae,
879 2463 118 114 quod
952 2463 147 114 dicere
1055 2463 103 114 est
1099 2463 162 114 absurdum.

488 2516 107 108 per
549 2516 123 108 quem
626 2516 123 108 ergo
702 2516 153 108 sensum
809 2516 169 108 oportet
932 2516 153 108 habere
1039 2516 184 108 notitiam
1162 2516 107 108 intui

486 2557 135 109 tiuam
576 2557 120 109 quae
651 2557 150 109 causat
756 2557 105 109 hoc
816 2557 195 109 iudicium,
967 2557 105 109 ego
1027 2557 150 109 patiar
1117 2557 135 109 mortem:

497 2591 80 120 Si
537 2591 133 120 dicas,
630 2591 93 120 per
683 2591 160 120 auditum:
803 2591 67 120 &
830 2591 173 120 sufficere
963 2591 107 120 quod
1030 2591 93 120 sit
1083 2591 160 120 iudicium
1203 2591 80 120 in

480 2638 109 116 isto
548 2638 109 116 quod
616 2638 163 116 patietur
738 2638 149 116 mortem:
847 2638 95 116 hoc
901 2638 109 116 est:
969 2638 190 116 praesentia
1104 2638 136 116 pericula

479 2685 119 144 esse
553 2685 178 144 secundum
687 2685 119 144 eius
761 2685 193 144 iudicium:
909 2685 74 144 &
939 2685 133 144 adhuc
1028 2685 208 144 perseueret
1191 2685 89 144 in

1499 375 249 126 confessione
1699 375 166 126 fidei:
1815 375 116 126 iam
1881 375 133 126 tota
1964 375 149 126 nocte
2064 375 116 126 qua
2114 375 166 126 Origenes

1502 429 216 113 intendebat
1671 429 108 113 die
1733 429 169 113 postero
1856 429 200 113 sustinere
2010 429 154 113 mortem
2118 429 108 113 cum
2164 429 108 113 patre

1503 472 117 124 erat
1576 472 161 124 martyr,
1693 472 117 124 quod
1766 472 132 124 tamen
1854 472 102 124 non
1913 472 132 124 solet
2000 472 161 124 concedi
2117 472 73 124 a
2132 472 146 124 quopiam.

1501 514 127 120 ltem
1580 514 174 120 loannes
1707 514 237 120 Euangelista
1897 514 190 120 secundum
2039 514 95 120 te
2086 514 95 120 de
2134 514 111 120 bet
2181 514 95 120 dici

1485 571 176 108 martyr:
1613 571 128 108 quod
1693 571 144 108 negas
1788 571 223 108 quaestione
1964 571 176 108 secunda
2091 571 144 108 huius
2171 571 96 108 mate

1494 608 125 115 riae.
1577 608 111 115 ergo
1646 608 125 115 cotra
1729 608 83 115 te
1771 608 152 115 pugnas,
1882 608 111 115 quod
1951 608 138 115 debeat
2048 608 166 115 concedi,
2158 608 111 115 patet:

1477 657 128 109 quia
1557 657 160 109 habuit
1669 657 96 109 in
1717 657 224 109 praesentia
1892 657 240 109 periculorum
2068 657 192 109 propositum

1488 702 213 110 confitendi
1655 702 137 110 nomen
1746 702 182 110 Christi,
1883 702 122 110 quod
1959 702 106 110 non
2020 702 198 110 deseruit.
2172 702 76 110 â‹
2187 702 76 110 Rur

1476 739 111 115 sus
1540 739 206 115 tentatiue
1698 739 190 115 arguendo
1841 739 159 115 posito
1952 739 127 115 quod
2031 739 127 115 quis
2110 739 159 115 habeat
2206 739 63 115 iu

1469 786 154 108 dicium
1576 786 215 108 opinatiuum
1745 786 123 108 quod
1822 786 185 108 patietur
1961 786 169 108 mortem,
2084 786 77 108 &
2099 786 154 108 notitiam

1462 824 100 121 in
1512 824 234 121 oppositum:
1697 824 117 121 quo
1764 824 117 121 non
1831 824 201 121 obstante
1981 824 234 121 confitetur
2149 824 117 121 nomen

1469 866 178 123 Christi:
1603 866 148 123 quaero
1706 866 89 123 an
1751 866 89 123 is
1795 866 104 123 sit
1855 866 163 123 martyr:
1973 866 104 123 cum
2033 866 222 123 assentiatur
2196 866 59 123 se

1467 922 206 108 moriturum,
1629 922 73 108 &
1658 922 103 108 sit
1717 922 206 108 praesentia
1878 922 220 108 periculorum
2054 922 176 108 secundum
2172 922 88 108 eius

1458 964 273 119 aestimationem.
1685 964 182 119 Fortasse
1822 964 137 119 dicit
1913 964 167 119 aliquis
2035 964 197 119 euacuando
2171 964 76 119 pon

1457 1003 111 120 dus
1521 1003 191 120 rationis
1664 1003 111 120 cui
1727 1003 191 120 innitor.
1870 1003 95 120 si
1918 1003 127 120 quis
1998 1003 175 120 decedat
2125 1003 95 120 in
2157 1003 95 120 mor-

1449 1048 132 123 tali,
1537 1048 103 123 non
1596 1048 103 123 est
1655 1048 161 123 martyr,
1772 1048 103 123 nec
1831 1048 191 123 sequitur:
1977 1048 117 123 iste
2050 1048 147 123 habuit
2138 1048 103 123 marty

1449 1095 132 115 rium
1532 1095 83 115 &
1565 1095 198 115 moritur:
1714 1095 132 115 ergo
1797 1095 182 115 moritur
1929 1095 182 115 martyr.
2061 1095 83 115 &
2094 1095 116 115 sic
2160 1095 116 115 non

1439 1132 172 124 habeo
1554 1132 153 124 quod
1649 1132 191 124 martyr
1783 1132 287 124 damnabitur,
1994 1132 249 124 quemadmodum

1449 1188 153 113 multae
1556 1188 184 113 mulieres
1694 1188 123 113 quae
1770 1188 107 113 pro
1832 1188 153 113 aliquo
1939 1188 169 113 tempore
2061 1188 138 113 erant
2138 1188 92 113 vir-

1438 1229 169 112 gines,
1556 1229 186 112 mortuae
1691 1229 135 112 sunt
1776 1229 236 112 meretrices
1962 1229 84 112 &
1996 1229 220 112 damnatae.
2148 1229 84 112 Hoc

1443 1275 102 109 non
1502 1275 161 109 eneruat
1619 1275 190 109 rationem:
1765 1275 117 109 quia
1839 1275 102 109 non
1897 1275 190 109 quaelibet
2043 1275 117 109 quae
2102 1275 117 109 habuit

1430 1312 260 119 virginitatem
1641 1312 179 119 decedit
1771 1312 146 119 virgo
1869 1312 81 119 /
1901 1312 163 119 quando
2015 1312 146 119 habet
2096 1312 130 119 opposi

1419 1356 103 115 tum
1478 1356 250 115 virginitatis,
1684 1356 88 115 vt
1728 1356 162 115 ponitur
1845 1356 88 115 in
1889 1356 117 115 illo
1963 1356 132 115 casu,
2051 1356 103 115 nec
2095 1356 132 115 simili-

1423 1401 116 116 ter
1490 1401 199 116 quilibet
1639 1401 116 116 qui
1705 1401 166 116 habuit
1821 1401 232 116 martyrium:
1987 1401 232 116 proportiona-

1421 1441 174 119 biliter
1548 1441 174 119 mortuus
1675 1441 111 119 est
1738 1441 174 119 martyr:
1865 1441 158 119 vtpote
1975 1441 95 119 si
2023 1441 158 119 postea
2118 1441 95 119 pati

1423 1487 156 126 noluit,
1536 1487 99 126 vel
1593 1487 85 126 ei
1635 1487 198 126 displicuit
1791 1487 113 126 suum
1861 1487 127 126 velle
1946 1487 198 126 finaliter.
2102 1487 99 126 Sed
2144 1487 57 126 si

1410 1535 122 123 quis
1486 1535 153 123 habuit
1593 1535 214 123 martyrium,
1761 1535 76 123 &
1792 1535 168 123 nunquam
1914 1535 153 123 postea
2006 1535 183 123 oppositum-

1412 1579 94 125 is
1459 1579 173 125 decedit
1585 1579 173 125 martyr,
1710 1579 220 125 quemadmodu
1883 1579 94 125 si
1930 1579 126 125 quis
2009 1579 157 125 habuit
2103 1579 94 125 pro-

1405 1626 173 117 positum
1531 1626 251 117 virginitatis
1735 1626 157 117 simul,
1845 1626 78 117 &
1876 1626 157 117 postea
1986 1626 173 117 moritur
2112 1626 110 117 non

1396 1674 184 117 habendo
1530 1674 234 117 oppositum:
1714 1674 184 117 decedit
1847 1674 167 117 virgo.
1964 1674 184 117 Diceret
2081 1674 117 117 forte

1394 1712 188 111 aliquis.
1536 1712 188 111 terminus
1677 1712 157 111 martyr
1787 1712 188 111 connotat
1928 1712 126 111 quod
2006 1712 126 111 homo
2069 1712 110 111 dece-

1389 1751 107 123 dat
1450 1751 92 123 in
1496 1751 168 123 gratia:
1618 1751 76 123 &
1648 1751 107 123 sic
1709 1751 107 123 non
1771 1751 183 123 quilibet
1908 1751 153 123 habens
2000 1751 183 123 propositum

1386 1800 173 114 patiendi
1515 1800 86 114 in
1558 1800 201 114 praesentia
1717 1800 216 114 periculorum
1889 1800 101 114 est
1947 1800 158 114 martyr:
2062 1800 86 114 vt
2091 1800 86 114 ille

1389 1849 102 111 qui
1448 1849 161 111 decedit
1565 1849 88 111 in
1609 1849 176 111 mortali.
1741 1849 102 111 Hic
1799 1849 132 111 nihil
1887 1849 146 111 dicit,
1989 1849 102 111 sed
2048 1849 117 111 stat
2106 1849 59 111 so

1378 1878 101 124 lum
1435 1878 86 124 in
1478 1878 187 124 terminis,
1623 1878 101 124 nec
1680 1878 101 124 sic
1738 1878 173 124 capiendo
1867 1878 173 124 terminum
1997 1878 130 124 esset
2069 1878 101 124 quae-

1375 1925 120 131 stio:
1455 1925 93 131 nec
1508 1925 120 131 esset
1588 1925 80 131 ad
1628 1925 200 131 intentionem
1787 1925 160 131 aliorum.
1907 1925 93 131 Sic
1960 1925 120 131 dicam
2040 1925 80 131 de
2067 1925 93 131 virgi

1373 1976 175 116 nitate:
1501 1976 80 116 &
1532 1976 159 116 fingam
1644 1976 239 116 acceptiones
1835 1976 223 116 peregrinas
1995 1976 159 116 termino-

1371 2021 104 118 rum
1431 2021 194 118 vbicunque
1580 2021 149 118 vrgeor
1684 2021 179 118 ratione.
1818 2021 194 118 Praeterea
1967 2021 119 118 iste
2027 2021 119 118 doctor

1367 2059 174 125 fatetur
1494 2059 190 125 martyrem
1636 2059 206 125 damnatum.
1795 2059 79 125 a
1826 2059 111 125 quo
1890 2059 206 125 recedimus
2032 2059 127 125 repen-

1360 2102 100 125 te
1410 2102 149 125 sicut
1510 2102 216 125 inopinato
1676 2102 183 125 premens
1809 2102 133 125 pede
1892 2102 216 125 colubrum.
2041 2102 100 125 ltem

1363 2148 224 126 Maximinus
1535 2148 155 126 dicit
1638 2148 103 126 in
1690 2148 172 126 quodam
1811 2148 190 126 sermone
1949 2148 103 126 de
1983 2148 155 126 martyre

1362 2198 110 126 quod
1431 2198 137 126 vincit
1527 2198 96 126 pro
1582 2198 110 126 fide
1650 2198 165 126 moriendo
1774 2198 96 126 qui
1828 2198 192 126 vinceretur
1979 2198 110 126 sine
2034 2198 96 126 fide,

1358 2250 186 106 viuendo.
1497 2250 93 106 Si
1543 2250 139 106 ponas
1636 2250 170 106 aliquem
1760 2250 108 106 cui
1822 2250 155 106 placet
1930 2250 186 106 peccatum
2054 2250 77 106 mor

1355 2289 117 115 tale,
1433 2289 65 115 &
1459 2289 117 115 velit
1537 2289 104 115 pati
1601 2289 130 115 mortem
1692 2289 91 115 pro
1744 2289 143 115 Christo
1848 2289 91 115 per
1900 2289 117 115 alium
1977 2289 130 115 actum:
2055 2289 65 115 non

1349 2327 99 129 do
1398 2327 165 129 casum.
1513 2327 132 129 Quis
1595 2327 132 129 enim
1678 2327 115 129 est
1744 2327 132 129 adeo
1826 2327 230 129 insensatus
1990 2327 132 129 volens

1351 2374 140 114 vitam
1445 2374 94 114 in
1492 2374 156 114 mortem
1601 2374 109 114 pro
1663 2374 172 114 Christo
1788 2374 203 114 commutare
1929 2374 187 114 actualiter

1340 2424 112 114 cui
1404 2424 176 114 placeat
1532 2424 192 114 mortalis
1676 2424 144 114 noxa?
1771 2424 96 114 Ad
1819 2424 144 114 casus
1915 2424 144 114 autem
1995 2424 128 114 possi-

1331 2460 148 118 biles
1429 2460 82 118 &
1462 2460 115 118 non
1527 2460 98 118 de
1577 2460 164 118 commui
1692 2460 148 118 lege,
1790 2460 115 118 non
1839 2460 197 118 respondeo.

1311 2522 125 142 â‹
1361 2522 225 142 Teneo
1511 2522 200 142 ergo
1636 2522 350 142 conclusiue
1886 2522 225 142 imprae-

1325 2590 203 123 sentiarum
1481 2590 125 123 quod
1559 2590 109 123 est
1622 2590 94 123 de
1669 2590 172 123 ratione
1794 2590 187 123 martyrii
1934 2590 125 123 pati
1996 2590 94 123 mor-

1310 2633 105 119 tem
1370 2633 105 119 pro
1430 2633 179 119 Christo.
1564 2633 105 119 sed
1624 2633 90 119 ex
1669 2633 120 119 alia
1743 2633 134 119 parte
1833 2633 120 119 dico
1908 2633 120 119 quod
1967 2633 120 119 inter-

1317 2675 128 131 dum
1390 2675 202 131 aliquis
1537 2675 202 131 habebit
1683 2675 220 131 aureolam
1849 2675 220 131 martyrum
1995 2675 92 131 qui

1309 2728 113 111 non
1373 2728 113 111 est
1438 2728 177 111 martyr:
1567 2728 97 111 vt
1615 2728 129 111 ille
1695 2728 113 111 qui
1760 2728 177 111 vocatur
1873 2728 209 111 coratyranno

1304 2765 87 132 in
1348 2765 203 132 praesentia
1508 2765 218 132 periculorum
1682 2765 160 132 paratus
1798 2765 189 132 sustinete
1943 2765 131 132 fidem
2030 2765 87 132 ad
