2304 3321
223 312 99 76 hoc
279 312 155 76 corpus.
392 312 85 76 Et
434 312 183 76 propterea
575 312 183 76 aliquorum
716 312 127 76 ratio
801 312 99 76 est
857 312 127 76 nulla
928 312 70 76 im-

232 375 202 62 pugnantium
390 375 144 62 istam,
491 375 101 62 hoc
549 375 144 62 corpus
650 375 101 62 est
708 375 144 62 corpus
809 375 130 62 meum,
881 375 115 62 nequam

232 423 95 69 qui
287 423 109 69 enim
355 423 163 69 pronomen
477 423 217 69 demonstrauit
653 423 136 69 panem:
748 423 95 69 sed
802 423 95 69 rem
843 423 149 69 consecra-

214 464 81 63 ta
255 464 95 63 sub
309 464 176 63 speciebus
445 464 136 63 panis:
540 464 81 63 vt
581 464 122 63 glos.
662 464 163 63 interli.
784 464 136 63 Lucae.
879 464 122 63 xxii.
947 464 54 63 di

225 513 118 58 cit.
299 513 133 58 Licet
387 513 103 58 hic
446 513 162 58 dicendi
564 513 133 58 modus
653 513 206 58 Innocentii
815 513 74 58 a
830 513 162 58 plerisque

226 558 124 52 aliis
309 558 206 52 impugnetur:
473 558 124 52 inter
556 558 165 52 reliquos
679 558 110 52 mihi
748 558 124 52 satis
830 558 151 52 placet:
926 558 69 52 nec

224 600 177 53 intelligo
360 600 150 53 aliquem
469 600 122 53 modum
551 600 82 53 ab
592 600 95 53 eis
646 600 150 53 positum
755 600 95 53 ita
796 600 204 53 rationabilem:

232 645 138 53 licet
324 645 123 53 alii
400 645 153 53 passim
508 645 138 53 modum
600 645 169 53 Ricardi
722 645 92 53 de
768 645 153 53 sancto
860 645 138 53 Victore

223 686 83 67 in
265 686 111 67 lib.
334 686 83 67 de
375 686 97 67 ti.
431 686 194 67 imitentur,
583 686 83 67 de
624 686 249 67 demonstratione
832 686 83 67 ad
873 686 138 67 sensum
956 686 42 67 &

227 736 75 52 ad
265 736 200 52 intellectum.
428 736 63 52 ⁋
453 736 138 52 Secundo
553 736 100 52 dico
616 736 100 52 quod
678 736 175 52 praesbyter
816 736 125 52 potest
891 736 100 52 capere

231 776 180 62 terminos
366 776 270 62 significatiue:
591 776 75 62 &
621 776 255 62 demostrabitur
830 776 150 62 corpus
920 776 90 62 Chri

230 825 80 54 sti
275 825 91 54 quod
332 825 80 54 est
378 825 125 54 potenus
469 825 125 54 tempore
560 825 171 54 prolationis
697 825 148 54 verborum.
810 825 114 54 vtimur
890 825 68 54 ei
913 825 91 54 inter-

242 863 79 65 dum
287 863 124 65 tempore
377 863 124 65 pesenti
467 863 79 65 pro
513 863 102 65 anno:
580 863 68 65 vt
614 863 79 65 cum
659 863 135 65 dicimus,
761 863 90 65 iste
817 863 102 65 annus
885 863 90 65 est:
942 863 56 65 &
953 863 45 65 si

231 921 138 43 aliquod
332 921 113 43 totum
407 921 88 43 est
457 921 163 43 quaelibet
582 921 100 43 pars
645 921 100 43 eius
707 921 100 43 est:
770 921 63 43 &
795 921 100 43 nunc
857 921 75 43 in
882 921 113 43 octobri

234 959 138 53 concedo
335 959 100 53 quod
397 959 150 53 augustus
510 959 100 53 est:
572 959 63 53 &
597 959 113 53 licet
673 959 88 53 sit
723 959 188 53 praeteritus
873 959 75 53 in
898 959 100 53 respe-

232 1000 100 63 ctu
289 1000 86 63 ad
332 1000 186 63 octobrem:
475 1000 100 63 non
532 1000 129 63 tamen
617 1000 186 63 absolute.
760 1000 86 63 si
803 1000 114 63 vero
860 1000 143 63 vteremur

228 1043 136 58 tempore
327 1043 124 58 pateti
413 1043 87 58 pro
463 1043 87 58 vno
512 1043 111 58 mense
587 1043 149 58 tamtenm,
698 1043 149 58 Augustus
809 1043 186 58 simpliciter
945 1043 50 58 es

228 1089 90 54 set
280 1089 168 54 pteritus.
409 1089 103 54 Tunc
473 1089 116 54 dico:
551 1089 129 54 quando
641 1089 142 54 profero
745 1089 155 54 pronomen
861 1089 103 54 hoc)
913 1089 90 54 demon

242 1132 94 58 stro
301 1132 117 58 corpus
383 1132 141 58 Christi:
489 1132 94 58 quod
548 1132 94 58 nunc
606 1132 82 58 est
653 1132 129 58 potenus
747 1132 94 58 puta
806 1132 70 58 in
841 1132 129 58 tempore
924 1132 70 58 prae

234 1185 132 49 senti.
326 1185 79 49 Et
366 1185 106 49 ille
432 1185 119 49 modus
511 1185 132 49 iterum
604 1185 172 49 sententia
736 1185 92 49 mea
789 1185 92 49 est
828 1185 172 49 sufficiens.

240 1226 73 59 ⁋
270 1226 132 59 Adhuc
358 1226 161 59 ponitur
475 1226 161 59 tertius
592 1226 132 59 modus
680 1226 161 59 dicendo
798 1226 117 59 quod
871 1226 132 59 nihil
944 1226 59 59 de

231 1267 153 52 mostratur
349 1267 94 52 toto
408 1267 130 52 tempore
503 1267 177 52 prolationis
644 1267 165 52 pronomnis:
774 1267 59 52 &
797 1267 83 52 sic
845 1267 94 52 illa
904 1267 83 52 est
939 1267 59 52 fal

228 1313 80 60 sa
268 1313 80 60 ad
307 1313 146 60 instans
414 1313 212 60 terminatiuum
586 1313 133 60 totius
679 1313 133 60 vsque:
772 1313 66 60 &
799 1313 106 60 tunc
865 1313 106 60 illa
918 1313 80 60 pro-

234 1355 157 65 positio
348 1355 157 65 incipit
462 1355 114 65 esse
533 1355 128 65 vera:
619 1355 71 65 &
647 1355 157 65 incipit
762 1355 214 65 demonstrari
918 1355 86 65 cor-

234 1402 103 59 pus
293 1402 177 59 Christi:
426 1402 103 59 sed
486 1402 89 59 in
530 1402 192 59 principio
678 1402 133 59 nihil
752 1402 251 59 demonstrabatur.

239 1445 131 60 Signum
331 1445 118 60 autem
410 1445 184 60 dupliciter
554 1445 131 60 potest
646 1445 105 60 esse
712 1445 145 60 falsum.
817 1445 92 60 Vno
870 1445 105 60 modo
922 1445 79 60 quod

234 1492 90 50 sit
286 1492 180 50 propositio
427 1492 116 50 falsa
505 1492 90 50 per
556 1492 142 50 aliquod
659 1492 142 50 tempus:
762 1492 64 50 &
788 1492 90 50 hoc
840 1492 90 50 non
891 1492 116 50 debet
955 1492 52 50 es

239 1533 83 53 se
281 1533 222 53 inconveniens
461 1533 152 53 dummodo
572 1533 166 53 habeatur
696 1533 97 53 hoc
752 1533 111 53 quod
807 1533 194 53 significatur

235 1582 162 50 realiter.
359 1582 100 50 Alio
421 1582 100 50 modo
484 1582 100 50 quod
546 1582 137 50 aliquod
646 1582 125 50 signum
733 1582 87 50 sit
783 1582 174 50 institurum
920 1582 75 50 ad
945 1582 62 50 ali

233 1627 110 59 quid
302 1627 247 59 significandum:
507 1627 69 59 &
535 1627 110 59 illo
603 1627 123 59 signo
686 1627 137 59 habito
782 1627 96 59 non
836 1627 151 59 habetur
932 1627 69 59 si-

233 1677 189 53 gnificatum:
385 1677 63 53 &
410 1677 88 53 hoc
461 1677 88 53 est
511 1677 215 53 inconveniens.
688 1677 88 53 sed
738 1677 88 53 non
789 1677 139 53 refert:
890 1677 101 53 siue
940 1677 51 53 pr

237 1709 147 65 positio
344 1709 94 65 sit
397 1709 120 65 falsa
477 1709 107 65 siue
544 1709 120 65 vera:
624 1709 147 65 dummodo
731 1709 107 65 ipsa
798 1709 147 65 prolata
891 1709 107 65 habeat

230 1756 214 61 significatum.
407 1756 88 61 hoc
457 1756 88 61 est
508 1756 139 61 dicere:
609 1756 126 61 signum
697 1756 88 61 est
748 1756 114 61 verum
823 1756 139 61 signum:
912 1756 88 61 licet

227 1803 165 59 propositio
357 1803 83 59 sit
404 1803 106 59 falsa
475 1803 83 59 pro
522 1803 142 59 tempore.
628 1803 118 59 Potest
711 1803 118 59 namque
793 1803 94 59 deus
852 1803 118 59 facere
923 1803 71 59 quod

246 1836 117 68 plata
324 1836 91 68 hac
376 1836 65 68 (
402 1836 104 68 homo
467 1836 91 68 est
519 1836 143 68 asinus)
623 1836 117 68 super
702 1836 143 68 materia
806 1836 117 68 panis
871 1836 130 68 incipiat

226 1894 104 48 ibi
285 1894 118 48 esse
359 1894 148 48 corpus
463 1894 177 48 Christi:
596 1894 104 48 sed
655 1894 192 48 instituta
803 1894 118 48 sunt
877 1894 133 48 verba
951 1894 59 48 si

232 1935 198 57 gnificantia
390 1935 105 57 esse
456 1935 132 57 ibidem
548 1935 132 57 corpus
640 1935 158 57 Christi,
759 1935 119 57 neque
838 1935 119 57 tamen
917 1935 79 57 vi
943 1935 66 57 il-

226 1984 134 57 lorum
316 1984 179 57 verborum
450 1984 104 57 est
509 1984 149 57 ibidem
614 1984 149 57 corpus
718 1984 179 57 Christi:
852 1984 104 57 sed
912 1984 89 57 ex
941 1984 60 57 pa

235 2024 92 56 cto
287 2024 131 56 diuino
379 2024 118 56 ipsis
458 2024 157 56 prolatis
576 2024 144 56 incipit
680 2024 105 56 esse
746 2024 144 56 ibidem:
851 2024 92 56 cum
903 2024 79 56 si
929 2024 79 56 ver-

226 2068 81 58 ba
266 2068 161 58 fuissent
387 2068 148 58 prolata
495 2068 67 58 a
522 2068 202 58 praesbytero
683 2068 108 58 ante
750 2068 229 58 institutionem
925 2068 81 58 Chri

227 2112 96 64 sti
282 2112 124 64 super
365 2112 124 64 pane:
447 2112 96 64 non
502 2112 151 64 fuisset
612 2112 96 64 ibi
667 2112 137 64 corpus
763 2112 165 64 Christi.
886 2112 69 64 ⁋
914 2112 124 64 Quar-

236 2149 81 60 to
276 2149 121 60 dico.
357 2149 108 60 quod
424 2149 189 60 praesbyter
573 2149 135 60 potest
667 2149 202 60 demonstrare
829 2149 135 60 corpus
910 2149 94 60 Chri-

229 2202 96 49 sti
284 2202 82 49 ad
325 2202 205 49 intellectum
489 2202 109 49 quod
557 2202 96 49 est
612 2202 82 49 in
653 2202 109 49 celo
722 2202 96 49 vel
776 2202 96 49 sub
831 2202 109 49 alia
886 2202 109 49 Eucha-

237 2245 130 64 ristia:
332 2245 166 64 intendendo
462 2245 95 64 quod
521 2245 142 64 prolatis
627 2245 106 64 istis
698 2245 118 64 verbis
781 2245 142 64 incipiat
888 2245 95 64 esse
935 2245 59 64 sub

237 2291 84 54 hac
285 2291 120 54 hostia
369 2291 84 54 vel
417 2291 108 54 istis
488 2291 144 54 hostiis.
596 2291 168 54 requiritur
728 2291 108 54 tamen
800 2291 108 54 panis
871 2291 72 54 in
895 2291 108 54 distan-

237 2336 90 50 tia
289 2336 90 50 qua
340 2336 129 50 possit
431 2336 129 50 videri
521 2336 142 50 quantum
624 2336 90 50 est
676 2336 77 50 ex
714 2336 116 50 parte
792 2336 116 50 eius.
869 2336 77 50 Et
908 2336 90 50 hic
946 2336 52 50 mo

233 2384 95 54 dus
288 2384 149 54 dicendi
396 2384 95 54 est
450 2384 163 54 facilis:
572 2384 68 54 &
599 2384 122 54 nihil
681 2384 136 54 obstat
776 2384 108 54 nisi
843 2384 108 54 quod
911 2384 81 54 ad
938 2384 68 54 con

235 2429 180 54 secrationem
379 2429 168 54 requiritur
511 2429 96 54 quod
571 2429 84 54 res
619 2429 180 54 demonstrata
764 2429 84 54 sit
812 2429 144 54 potenus,
908 2429 96 54 quae.-

230 2467 92 70 re
276 2467 168 70 lectori
398 2467 122 70 hunc
475 2467 138 70 modum
566 2467 168 70 offero.
689 2467 77 70 ⁋
719 2467 153 70 Quinto
826 2467 138 70 dico.
903 2467 107 70 licet

243 2521 154 59 popositio
361 2521 130 59 nunquam
456 2521 83 59 sit
503 2521 95 59 vera
562 2521 95 59 nisi
622 2521 118 59 quando
704 2521 95 59 est:
763 2521 106 59 tamen
834 2521 142 59 redditur
929 2521 71 59 vera

247 2558 153 62 partempore
367 2558 77 62 pro
411 2558 77 62 quo
455 2558 66 62 no
488 2558 88 62 est:
542 2558 55 62 &
564 2558 77 62 est
608 2558 131 62 temporis
707 2558 208 62 pertranscassio.
882 2558 109 62 aliter
947 2558 66 62 enim

237 2607 92 53 non
290 2607 119 53 potes
369 2607 105 53 meae
434 2607 132 53 vocali
527 2607 224 53 contradicere:
711 2607 105 53 quia
777 2607 145 53 tempore
882 2607 92 53 quo
922 2607 79 53 pro-

240 2649 101 59 fero
304 2649 89 59 non
354 2649 76 59 me
392 2649 177 59 intelligis
532 2649 127 59 adhuc:
621 2649 63 59 &
646 2649 127 59 quando
735 2649 101 59 tota
798 2649 89 59 est
849 2649 139 59 prolata
938 2649 63 59 iam

233 2693 92 57 est
285 2693 118 57 aliud
364 2693 145 57 tempus:
469 2693 92 57 sed
522 2693 184 57 tuintendis
666 2693 145 57 referre
772 2693 145 57 copulam
877 2693 105 57 tuae
929 2693 66 57 pro

225 2738 170 69 positionis
358 2738 85 69 pro
407 2738 133 69 tempore
503 2738 109 69 meae.
576 2738 133 69 Siliter
673 2738 85 69 cum
721 2738 109 69 dico:
794 2738 121 69 scutum
879 2738 85 69 est
927 2738 73 69 in
951 2738 61 69 bur

1059 314 72 68 sa
1095 314 96 68 tua:
1155 314 168 68 propositio
1287 314 84 68 est
1335 314 108 68 vera,
1407 314 84 68 non
1455 314 84 68 pro
1502 314 132 68 tempore
1598 314 84 68 quo
1646 314 168 68 profertur:
1778 314 84 68 sed

1058 376 91 55 pro
1110 376 143 55 tempore
1214 376 91 55 pro
1267 376 91 55 quo
1319 376 143 55 prolata
1423 376 104 55 est.
1488 376 91 55 Sic
1540 376 78 55 in
1579 376 182 55 proposito:
1723 376 104 55 naec
1775 376 65 55 oro

1074 419 88 51 hoc
1125 419 88 51 est
1175 419 126 51 corpus
1263 419 113 51 meum)
1338 419 88 51 est
1388 419 100 51 vera
1451 419 88 51 pro
1501 419 100 51 illo
1564 419 138 51 tempore
1665 419 88 51 pro
1715 419 88 51 quo
1753 419 75 51 pro-

1062 461 133 62 fertur:
1159 461 85 62 sed
1207 461 85 62 non
1256 461 73 62 in
1292 461 97 62 illo
1353 461 133 62 tempore
1450 461 73 62 in
1486 461 85 62 quo
1535 461 97 62 est:
1595 461 85 62 sed
1644 461 85 62 pro
1692 461 97 62 alio
1741 461 97 62 sequen

1058 512 88 56 ti.
1109 512 75 56 Et
1146 512 150 56 secundum
1259 512 113 56 istum
1334 512 113 56 modum
1409 512 113 56 tales
1484 512 100 56 quae
1547 512 175 56 reputantur
1672 512 163 56 possibiles:

1057 553 97 64 sed
1113 553 97 64 non
1168 553 153 64 possunt
1279 553 111 64 esse
1349 553 139 64 verae:
1446 553 125 64 omnis
1529 553 194 64 propositio
1682 553 97 64 est
1724 553 111 64 indefi

1064 596 127 62 nita:
1149 596 127 62 nulla
1233 596 198 62 propositio
1389 596 99 62 est
1445 596 184 62 negatiua:
1587 596 99 62 ego
1643 596 141 62 taceo,
1742 596 99 62 ego
1784 596 57 62 bi

1061 643 88 51 bo,
1112 643 113 51 patet
1187 643 101 51 esse
1250 643 113 51 verae
1325 643 88 51 pro
1376 643 113 51 aliis
1451 643 189 51 temporibus.
1602 643 113 51 Clare
1678 643 101 51 volo
1728 643 113 51 dicere:

1061 688 128 49 vtor
1141 688 112 49 hac
1205 688 128 49 hora
1285 688 112 49 quo
1349 688 96 49 ad
1397 688 128 49 duas
1476 688 224 49 medietates
1652 688 128 49 eius
1732 688 96 49 ad
1764 688 64 49 di

1063 731 142 58 uersa:
1162 731 85 58 in
1205 731 128 58 prima
1290 731 185 58 medietate
1433 731 114 58 pono
1504 731 114 58 quod
1575 731 128 58 solae
1646 731 185 58 indefinitae

1072 777 111 45 sint:
1146 777 74 45 in
1183 777 136 45 secunda
1282 777 111 45 habeo
1356 777 111 45 hanc.
1430 777 111 45 omnis
1504 777 173 45 propositio
1640 777 87 45 est
1677 777 161 45 indefinita:

1065 822 104 56 illa
1130 822 104 56 enim
1195 822 78 56 in
1234 822 143 56 secunda
1338 822 169 56 medietate
1468 822 117 56 horae
1546 822 91 56 est
1598 822 117 56 vera:
1676 822 91 56 sed
1728 822 91 56 non
1767 822 65 56 pro

1067 863 146 51 secunda
1173 863 186 51 medietate:
1319 863 93 51 sed
1373 863 133 51 prima.
1466 863 80 51 Et
1506 863 80 51 si
1545 863 133 51 dicas.
1639 863 80 51 in
1678 863 146 51 secunda
1772 863 66 51 me-

1073 907 124 54 dietate
1163 907 90 54 haec
1219 907 157 54 propositio
1343 907 79 54 est
1388 907 180 54 vniversalis:
1534 907 90 54 ergo
1590 907 79 54 non
1635 907 101 54 omnis
1691 907 135 54 propositio

1068 958 92 50 est
1121 958 198 50 indefinita.
1279 958 198 50 Respondetur
1438 958 185 50 concedendo
1583 958 119 50 illam
1649 958 198 50 conclusionem:

1075 993 82 64 si
1116 993 96 64 non
1171 993 151 64 referas
1281 993 82 64 ad
1322 993 137 64 primam
1418 993 192 64 medietatem
1569 993 137 64 horae:
1666 993 124 64 neque
1748 993 82 64 ei
1775 993 69 64 con

1062 1043 151 57 tradicit:
1179 1043 93 57 quia
1237 1043 81 57 non
1283 1043 81 57 est
1330 1043 128 57 relatio
1423 1043 81 57 pro
1469 1043 105 57 eodem
1539 1043 139 57 tempore.
1643 1043 70 57 si
1678 1043 105 57 autem
1748 1043 81 57 pro
1783 1043 58 57 eo-

1060 1090 96 46 dem
1115 1090 151 46 tempore
1225 1090 124 46 capis
1308 1090 151 46 copulam
1418 1090 234 46 antecedentis:
1611 1090 124 46 ipsum
1693 1090 124 46 nego:
1762 1090 69 46 nam

1076 1133 91 61 naec
1133 1133 80 61 est
1178 1133 160 61 propositio
1304 1133 114 61 falsa:
1384 1133 80 61 hec
1430 1133 160 61 propositio
1555 1133 80 61 est
1601 1133 171 61 vniversalis
1738 1133 80 61 pro
1772 1133 69 61 pri-

1066 1177 85 48 ma
1108 1177 199 48 medietate.
1265 1177 157 48 Simiter
1379 1177 85 48 me
1422 1177 171 48 loquente
1550 1177 114 48 illa
1621 1177 157 48 vocalis
1735 1177 100 48 est
1778 1177 57 48 ve

1072 1221 85 53 ra:
1120 1221 85 53 ego
1169 1221 85 53 non
1218 1221 134 53 loquor:
1315 1221 97 53 quia
1376 1221 85 53 pro
1425 1221 134 53 tempore
1522 1221 158 53 profertur
1643 1221 85 53 quo
1692 1221 122 53 tacui.
1765 1221 73 53 Quam

1061 1259 93 61 uis
1114 1259 120 61 autem
1194 1259 120 61 fieri
1273 1259 146 61 possint
1380 1259 133 61 contra
1473 1259 106 61 hunc
1539 1259 120 61 modum
1619 1259 160 61 rationes
1726 1259 106 61 diffi-

1075 1309 126 49 tilis
1159 1309 210 49 solutionis:
1327 1309 98 49 non
1383 1309 98 49 est
1439 1309 126 49 tamen
1523 1309 140 49 facile
1621 1309 126 49 ipsum
1691 1309 140 49 abolere.

1073 1352 80 61 ⁋
1105 1352 112 61 Sed
1169 1352 177 61 contra,
1298 1352 193 61 capiendo
1442 1352 145 61 (hic)
1539 1352 273 61 significatiue
1748 1352 96 61 quan

1067 1398 87 61 do
1110 1398 202 61 praesbyter
1269 1398 144 61 dicit,
1370 1398 101 61 hic
1428 1398 101 61 est
1485 1398 159 61 sanguis
1601 1398 116 61 meus
1673 1398 101 61 qui
1731 1398 101 61 pro
1774 1398 58 61 vo

1076 1438 93 55 bis
1129 1438 199 55 effundetur:
1288 1438 159 55 innuitur
1407 1438 106 55 quod
1473 1438 146 55 sanguis
1579 1438 146 55 Curisti
1685 1438 79 55 in
1712 1438 132 55 posterum

1075 1488 211 65 effundetur,
1244 1488 112 65 quod
1314 1488 98 65 est
1370 1488 155 65 falsum.
1483 1488 127 65 Forte
1567 1488 127 65 dicis
1651 1488 70 65 &
1679 1488 98 65 ita
1722 1488 112 65 dicen-

1068 1529 87 51 dum
1117 1529 149 51 apparet.
1229 1529 149 51 loquitur
1341 1529 174 51 praesbyter
1477 1529 87 51 pro
1527 1529 137 51 tempore
1626 1529 87 51 pro
1676 1529 87 51 quo
1713 1529 124 51 Christus

1066 1579 110 62 haec
1135 1579 124 62 verba
1218 1579 179 62 protulit:
1356 1579 165 62 scilicet
1480 1579 96 62 pro
1535 1579 110 62 illo
1604 1579 152 62 tempore
1700 1579 138 62 praeteri

1070 1623 101 53 to.
1127 1623 144 53 Contra
1228 1623 101 53 hoc
1286 1623 188 53 arguitur.
1430 1623 202 53 Sequeretur
1589 1623 115 53 quod
1661 1623 115 53 bene
1719 1623 115 53 conse-

1075 1666 147 60 traret
1178 1666 103 60 per
1237 1666 118 60 haec
1311 1666 147 60 verba:
1414 1666 103 60 hic
1473 1666 103 60 est
1532 1666 162 60 sanguis
1650 1666 118 60 meus
1723 1666 103 60 qui
1767 1666 74 60 pro

1066 1713 134 65 vobis
1156 1713 164 65 effusus
1275 1713 119 65 est:
1349 1713 104 65 cum
1409 1713 149 65 copula
1513 1713 89 65 de
1558 1713 209 65 praesenti,
1722 1713 75 65 &
1737 1713 104 65 copu-

1066 1755 83 53 la
1108 1755 83 53 de
1149 1755 138 53 futuro
1246 1755 97 53 vel
1301 1755 193 53 praeterito
1453 1755 166 53 acceptae
1577 1755 97 53 pro
1633 1755 124 53 eodem
1702 1755 138 53 videatur

1065 1800 165 53 termini
1185 1800 194 53 synonymi.
1334 1800 120 53 Quod
1409 1800 135 53 patet
1499 1800 150 53 altera
1604 1800 194 53 viasmeum)
1738 1800 90 53 supe

1074 1846 123 62 ponit
1156 1846 96 62 pro
1211 1846 191 62 proferente
1361 1846 68 62 &
1388 1846 96 62 non
1443 1846 96 62 pro
1497 1846 164 62 Christo.
1620 1846 82 62 Si
1661 1846 136 62 dicas.
1743 1846 82 62 loqu

1068 1896 103 49 tur
1127 1896 88 49 in
1171 1896 161 49 persona
1288 1896 161 49 Curisti
1406 1896 88 49 ac
1450 1896 88 49 si
1494 1896 205 49 diceremus.
1655 1896 103 49 nos
1699 1896 132 49 lacobus

1058 1932 133 57 rex.
1141 1932 183 57 Contra.
1274 1932 116 57 Ego
1341 1932 116 57 sum
1407 1932 199 57 loannes:
1556 1932 116 57 dum
1623 1932 100 57 tu
1656 1932 199 57 conuertis:

1064 1978 175 49 loannes
1192 1978 112 49 est
1255 1978 112 49 tu:
1319 1978 112 49 ego
1383 1978 80 49 &
1415 1978 96 49 tu
1462 1978 127 49 sunt
1542 1978 175 49 termini
1654 1978 175 49 synonymi:

1077 2029 117 52 ergo
1150 2029 132 52 licet
1238 2029 161 52 tollere
1355 2029 73 52 (
1384 2029 132 52 meum)
1472 2029 73 52 &
1501 2029 146 52 ponere
1604 2029 190 52 synonymum
1735 2029 88 52 eius

1072 2067 112 46 loco
1142 2067 112 46 sic,
1212 2067 98 46 hoc
1268 2067 98 46 est
1325 2067 140 46 corpus
1423 2067 98 46 mei
1479 2067 168 46 Christi,
1605 2067 84 46 si
1647 2067 140 46 dicere
1732 2067 112 46 liceat

1083 2112 92 65 vel
1135 2112 131 65 ponere
1227 2112 144 65 copulam
1332 2112 131 65 futuri
1423 2112 157 65 temporis
1541 2112 79 65 in
1580 2112 196 65 praeterito.
1737 2112 92 65 Hae
1777 2112 52 65 ra

1073 2153 174 58 tiones
1194 2153 122 58 non
1264 2153 261 58 concludunt.
1472 2153 104 58 na
1524 2153 122 58 non
1594 2153 139 58 omis
1663 2153 174 58 synonymi

1070 2206 99 62 tas
1126 2206 84 62 ad
1168 2206 253 62 consecrationem
1380 2206 183 62 sufficit.
1520 2206 127 62 patet
1605 2206 84 62 de
1647 2206 155 62 termino
1745 2206 99 62 scri-

1076 2242 99 63 pto
1133 2242 71 63 &
1161 2242 156 63 mentali
1275 2242 170 63 synonymo
1403 2242 99 63 cum
1459 2242 156 63 vocali,
1573 2242 114 63 quam
1644 2242 99 63 non
1687 2242 156 63 sufficit.

1070 2289 133 48 Secundo
1167 2289 121 48 quando
1251 2289 193 48 concederetur
1408 2289 145 48 illatum,
1517 2289 85 48 cum
1565 2289 97 48 sint
1626 2289 133 48 termini
1710 2289 121 48 vocales:

1077 2333 94 57 non
1130 2333 121 57 potes
1211 2333 161 57 vlterius
1332 2333 188 57 procedere:
1480 2333 107 57 male
1547 2333 107 57 aget
1614 2333 121 57 tamen
1695 2333 94 57 sic
1735 2333 94 57 conse

1071 2376 153 70 crans.
1178 2376 107 70 Has
1239 2376 183 70 rationes
1376 2376 122 70 tibi
1452 2376 198 70 relinquo:
1605 2376 122 70 quia
1681 2376 153 70 primum
1773 2376 61 70 mo

1071 2423 131 66 dum
1128 2423 206 66 roborant.

1068 2487 104 84 ⁋
1110 2487 208 84 Tertio
1255 2487 250 84 arguitur
1443 2487 250 84 probando
1630 2487 166 84 quod
1713 2487 125 84 illa

1073 2550 183 69 quatuor
1207 2550 150 69 verba
1307 2550 117 69 non
1373 2550 250 69 requiruntur
1573 2550 100 69 ad
1623 2550 183 69 formam:
1757 2550 117 69 sed

1061 2595 220 59 sufficiunt
1234 2595 110 59 duo
1297 2595 110 59 vel
1360 2595 142 59 vnum.
1455 2595 157 59 quando
1565 2595 173 59 profero
1675 2595 157 59 copulam:

1066 2641 121 52 tota
1142 2641 213 52 propositio
1309 2641 121 52 est.
1385 2641 121 52 ergo
1461 2641 197 52 quaelibet
1612 2641 121 52 pars
1688 2641 121 52 eius
1749 2641 91 52 est.

1070 2689 107 48 ergo
1136 2689 107 48 dato
1203 2689 107 48 quod
1270 2689 187 48 praesbyter
1417 2689 107 48 tunc
1484 2689 174 48 moriatur:
1617 2689 107 48 tota
1670 2689 174 48 consecratio

1065 2725 103 69 est
1124 2725 191 69 completa.
1271 2725 73 69 ⁋
1300 2725 235 69 Respondetur.
1491 2725 103 69 Hic
1550 2725 205 69 implicatur
1696 2725 147 69 difficul
