2337 3301
237 355 89 70 in
282 355 179 70 corpore:
416 355 164 70 stridor
535 355 179 70 dentium:
669 355 149 70 fletus
773 355 208 70 corporalis
922 355 104 70 oculi

241 411 121 54 sine
316 411 166 54 humoris
437 411 242 54 resolutione:
634 411 212 54 horribiles
800 411 166 54 auditus
906 411 106 54 blas-

241 460 159 52 phemiae
356 460 72 52 /
385 460 72 52 &
414 460 173 52 malorum:
543 460 130 52 visus
630 460 202 52 terribiles
788 460 86 52 in
832 460 115 52 fumo
889 460 130 52 existen

242 511 111 46 tes:
311 511 83 46 in
353 511 152 46 olfactu
463 511 138 46 foetor
560 511 318 46 incomprehensibilis:
836 511 124 46 humor
905 511 111 46 fellis

235 546 90 53 in
280 546 151 53 gustu:
386 546 136 53 praua
476 546 75 53 &
506 546 151 53 puersa
612 546 196 53 societas,
763 546 106 53 ves
823 546 181 53 diabolus
944 546 75 53 cum

237 592 193 50 damnatis:
385 592 133 50 ageli
474 592 133 50 eius:
563 592 193 50 Mahumetus
711 592 148 50 Arabs:
815 592 148 50 Arrius
904 592 118 50 Alexan

240 634 172 70 drinus:
365 634 141 70 ludas
459 634 266 70 lIschariotes:
678 634 203 70 dominorum
834 634 156 70 suorum
944 634 78 70 &
959 634 63 70 pa

230 677 129 68 triae
315 677 214 68 proditores:
487 677 129 68 Nero,
573 677 71 68 &
601 677 157 68 tyranni
716 677 200 68 subditorum
859 677 157 68 oppresso-

231 730 122 43 res:
307 730 243 43 Sardanapalus
504 730 198 43 assyrius:
656 730 76 43 &
687 730 167 43 caetera
808 730 91 43 id
854 730 137 43 genus
945 730 106 43 ho-

231 770 144 55 minum
327 770 192 55 monstra.
471 770 96 55 in
519 770 112 55 qua
583 770 208 55 societate
744 770 176 55 maligna
856 770 160 55 quilibet

230 822 195 50 damnatus
376 822 179 50 manebit
506 822 114 50 non
571 822 114 50 vno
636 822 114 50 die
701 822 211 50 duntaxat:
864 822 114 50 non
912 822 98 50 anno

237 859 196 50 praecise:
388 859 106 50 sed
448 859 196 50 perpetuo.
599 859 91 50 Si
645 859 91 50 ex
690 859 121 50 mote
765 859 151 50 aliquo
871 859 121 50 Imao
932 859 76 50 ma-

237 904 118 51 iore
311 904 89 51 ex
355 904 177 51 arenulis
489 904 177 51 conflato
622 904 74 51 /
651 904 89 51 in
696 904 177 51 qualibet
829 904 163 51 annorum
932 904 74 51 my-

226 949 155 53 riade,
334 949 232 53 arithmetice
520 949 201 53 loquendo,
674 949 217 53 auferretur
845 949 124 53 vnum
907 949 108 53 solum

232 987 181 51 granulum
367 987 241 51 remanentibus
563 987 166 51 omnibus
684 987 196 51 reliquis:
834 987 136 51 adhuc
910 987 105 51 omni-

230 1039 99 58 bus
286 1039 99 58 his
343 1039 155 58 ablatis
456 1039 127 58 nihil
540 1039 169 58 temporis
667 1039 169 58 poenarum
794 1039 99 58 est
837 1039 183 58 consumptum:

239 1077 95 60 sed
294 1077 136 60 semper
389 1077 123 60 adest
471 1077 164 60 tormenti
594 1077 164 60 initium:
716 1077 109 60 quia
784 1077 82 60 in
825 1077 109 60 illo
880 1077 136 60 cruciatu

235 1128 181 51 perpetuo
371 1128 121 51 sine
446 1128 121 51 vlla
521 1128 151 51 requie
627 1128 196 51 manebunt:
778 1128 75 51 &
808 1128 106 51 ita
853 1128 166 51 iudicant.

236 1175 95 44 nam
291 1175 163 44 temporis
413 1175 136 44 finiti
508 1175 217 44 quantucumque
684 1175 122 44 magni
766 1175 81 44 ad
806 1175 176 44 infinitum
929 1175 81 44 con-

233 1215 157 49 paratio
347 1215 100 49 est
404 1215 142 49 nulla.
503 1215 171 49 Caeterum
632 1215 85 49 de
674 1215 142 49 poenis
774 1215 128 49 istis
845 1215 171 49 adiunxisse

230 1264 127 55 satis
315 1264 99 55 sit
371 1264 127 55 illud
456 1264 227 55 Virgilianum.
641 1264 99 55 Non
697 1264 113 55 mihi
768 1264 85 55 si
811 1264 156 55 linguae
910 1264 113 55 centum

223 1298 124 62 sint,
306 1298 138 62 oraque
402 1298 151 62 centum,
512 1298 138 62 Ferrea
608 1298 110 62 vox:
677 1298 124 62 omnes
760 1298 165 62 scelerum
870 1298 138 62 compren-

236 1343 113 77 dere
307 1343 156 77 formas:
420 1343 127 77 Omnia
505 1343 170 77 poenarum
632 1343 198 77 percurrere
788 1343 156 77 nominia
887 1343 127 77 possem.

266 1416 134 63 Ad
334 1416 246 63 vltimam
513 1416 201 63 libri
647 1416 358 63 dubitationem
915 1416 90 63 de

222 1459 161 65 gaudiis
339 1459 175 65 paradisi
471 1459 234 65 respondetur.
661 1459 190 65 Principio
807 1459 175 65 societas
924 1459 88 65 erit

233 1522 123 46 illic
315 1522 191 46 gratissima
465 1522 191 46 sanctorum,
615 1522 177 46 virginum,
752 1522 218 46 confessorum,
929 1522 109 46 mar-

233 1556 138 68 tyrum,
330 1556 208 68 Apostolorum
496 1556 69 68 /
524 1556 194 68 angelorum,
676 1556 221 68 christiparae
856 1556 166 68 virginis
966 1556 42 68 &

238 1610 149 47 anctae
343 1610 224 47 trinitatis.
522 1610 209 47 Imaginare:
686 1610 90 47 si
731 1610 224 47 pulcherrima
895 1610 120 47 facien

239 1649 156 55 numanam
352 1649 127 55 etiam
437 1649 127 55 casto
522 1649 127 55 amore
607 1649 241 55 contempleris:
805 1649 156 55 quantum
904 1649 99 55 appe-

223 1695 150 59 titiua
328 1695 150 59 visiua
433 1695 195 59 gaudebit.
583 1695 135 59 beati
674 1695 135 59 autem
749 1695 255 59 incoparabiliter

223 1735 149 65 facies
327 1735 149 65 melius
432 1735 209 65 dispositas
596 1735 89 65 in
640 1735 149 65 patria
745 1735 179 65 habebunt
879 1735 119 65 quam
953 1735 89 65 in

227 1778 114 58 via.
298 1778 156 58 loannem
411 1778 185 58 baptistam
553 1778 71 58 /
582 1778 128 58 diuam
667 1778 185 58 virginem,
809 1778 71 58 &
823 1778 185 58 humanitatem

228 1824 162 53 Christi,
349 1824 148 53 nostrae
457 1824 216 53 redemptionis
632 1824 216 53 instrumentum
793 1824 216 53 illicclarissi-

221 1871 92 54 me
267 1871 184 54 videbis.
405 1871 92 54 De
451 1871 169 54 auditu.
574 1871 92 54 in
620 1871 169 54 gutture
743 1871 154 54 cantus
850 1871 123 54 erit
912 1871 92 54 sua-

223 1918 197 53 uissimus.
374 1918 91 53 vt
420 1918 91 53 in
465 1918 243 53 distinctione
662 1918 227 53 praecedente
844 1918 182 53 diximus.
966 1918 45 53 &

232 1953 152 58 adhuc
333 1953 101 58 de
384 1953 152 58 cantu
485 1953 186 58 paucula
621 1953 236 58 subiungam.
806 1953 169 58 beatus
908 1953 101 58 Augu

223 1999 115 63 sti.
294 1999 100 63 ix.
352 1999 229 63 Confessionum
538 1999 158 63 asserit
653 1999 86 63 se
696 1999 86 63 in
739 1999 143 63 hymnis
839 1999 72 63 &
854 1999 143 63 cantibus

223 2046 185 57 dulcibus
361 2046 200 57 fleuisse.
515 2046 92 57 &.
561 2046 92 57 x.
607 2046 246 57 Confessionum
807 2046 123 57 ait.
869 2046 138 57 Adducor

235 2097 174 62 cantandi
366 2097 247 62 consuetudinem
569 2097 189 62 approbare
715 2097 87 62 in
758 2097 189 62 ecclesia:
903 2097 87 62 vt
932 2097 73 62 per

227 2137 261 58 oblectamenta
439 2137 180 58 aurium,
569 2137 196 58 infirmus
716 2137 163 58 animus
830 2137 98 58 in
863 2137 147 58 affectu

232 2184 179 66 pietatis
366 2184 194 66 assurgat.
515 2184 164 66 Boetius
634 2184 119 66 item
709 2184 89 66 in
754 2184 134 66 primo
843 2184 134 66 libro
918 2184 89 66 suae

217 2230 169 50 musicae
339 2230 169 50 recitat
462 2230 153 50 quonam
569 2230 138 50 pacto
661 2230 214 50 Empedocles
829 2230 77 50 /
860 2230 107 50 cum
906 2230 92 50 qui-

214 2263 125 66 dam
285 2263 249 66 furibundus
481 2263 232 66 gladiator
660 2263 143 66 suum
749 2263 214 66 hospitem
891 2263 107 66 inua

220 2308 134 63 sit:
304 2308 217 63 dulcedine
471 2308 167 63 cantus
588 2308 184 63 furorem
721 2308 100 63 in
755 2308 250 63 mansuetudinem

215 2359 206 63 inflexit.
374 2359 95 63 Si
421 2359 158 63 igitur
532 2359 95 63 in
579 2359 111 63 hoc
643 2359 143 63 mundo
738 2359 158 63 cantus
849 2359 143 63 nobis
928 2359 79 63 ter

214 2408 185 50 restres
349 2408 151 50 aures
450 2408 236 50 habentibus
635 2408 202 50 appareat
769 2408 236 50 voluptuosus:

231 2444 122 66 quid
307 2444 122 66 erit
384 2444 92 66 in
430 2444 153 66 patria
537 2444 92 66 in
583 2444 107 66 qua
644 2444 138 66 omnes
736 2444 138 66 beati
828 2444 153 66 organa
919 2444 77 66 ha-

222 2490 156 51 bebunt
332 2490 312 51 incorruptibilia,
597 2490 94 51 ad
644 2490 156 51 cantum
753 2490 203 51 aptissima
909 2490 78 51 ?
925 2490 78 51 nam

224 2534 156 61 aures
328 2534 104 61 ad
380 2534 226 61 audiendum
554 2534 313 61 delicatissimas
814 2534 156 61 omnes
901 2534 104 61 habe

223 2574 156 66 bunt.
326 2574 190 66 Thobias
465 2574 173 66 senior
586 2574 104 66 si
638 2574 138 66 hanc
724 2574 242 66 symphoniam
915 2574 121 66 au-

223 2625 159 59 disset:
338 2625 101 59 non
396 2625 187 59 dixisset,
540 2625 130 59 Quale
626 2625 159 59 gaudium
742 2625 115 59 mihi
814 2625 115 59 erit
886 2625 101 59 qui
943 2625 86 59 in

217 2669 178 61 tenebris
351 2669 148 61 sedeo:
454 2669 74 61 &
484 2669 133 61 lumen
573 2669 133 61 caeli
662 2669 104 61 non
721 2669 148 61 video?
825 2669 178 61 Thobiae.
944 2669 59 61 v.

217 2712 89 49 Et
262 2712 104 49 ita
321 2712 89 49 in
366 2712 134 49 aliis
456 2712 179 49 sensibus
590 2712 238 49 exterioribus
783 2712 75 49 &
798 2712 209 49 interioribus

211 2756 123 78 erit
287 2756 123 78 suum
364 2756 215 78 respondens
533 2756 276 78 oblectamentum:
763 2756 123 78 quia
825 2756 184 78 coniunctio

1077 364 192 66 potentiae
1225 364 148 66 optime
1329 364 207 66 dispositae
1491 364 89 66 ad
1536 364 177 66 obiectum
1669 364 89 66 ei
1698 364 163 66 convenien

1073 428 215 49 tissimum.
1239 428 132 49 Mens
1321 428 149 49 autem
1420 428 182 49 hominis
1553 428 116 49 non
1619 428 149 49 solum
1701 428 149 49 humanas

1083 468 161 45 effigies
1203 468 254 45 contemplabitur:
1417 468 94 45 sed
1471 468 67 45 &
1498 468 161 45 angelos.
1618 468 67 45 &
1645 468 94 45 hic
1685 468 174 45 intellitas:

1086 515 188 47 quicquid
1227 515 141 47 cadit
1321 515 110 47 sub
1384 515 188 47 obiectum
1525 515 172 47 sensus:
1650 515 110 47 hoc
1713 515 110 47 sub
1760 515 94 47 obie

1082 554 114 48 ctum
1153 554 213 48 intellectus
1324 554 156 48 cadere.
1437 554 156 48 Eiusque
1551 554 213 48 spiritualis
1708 554 142 48 voluptas

1079 604 101 53 est
1136 604 130 53 maior
1223 604 116 53 quam
1295 604 173 53 corporea
1425 604 101 53 vti
1483 604 173 53 diximus.
1613 604 116 53 Tunc
1686 604 159 53 ascende
1787 604 72 53 gra

1075 642 137 60 datim.
1171 642 205 60 intellectus
1336 642 233 60 spiritualiter
1527 642 137 60 gaudet
1623 642 219 60 intelligendo
1788 642 68 60 pul

1078 689 123 49 chra
1155 689 169 49 obiecta
1278 689 185 49 corporea
1416 689 169 49 humana:
1539 689 138 49 magis
1632 689 138 49 autem
1724 689 92 49 de
1755 689 92 49 ange

1084 732 148 59 licis.
1188 732 74 59 &
1217 732 148 59 quanto
1320 732 162 59 angelus
1438 732 103 59 est
1497 732 192 59 superior:
1645 732 133 59 tanto
1719 732 148 59 voluptas

1081 774 204 56 spiritualis
1245 774 136 56 maior.
1340 774 109 56 quid
1408 774 109 56 ergo
1476 774 109 56 erit
1544 774 82 56 de
1585 774 150 56 visione
1694 774 122 56 clara
1775 774 95 56 dei
1816 774 41 56 &

1082 824 111 47 eius
1152 824 209 47 dilectione:
1319 824 125 47 clare
1402 824 167 47 videntes
1527 824 181 47 rapientis
1666 824 83 47 in
1708 824 97 47 sui
1750 824 97 47 visio

1071 867 104 57 nem
1130 867 193 57 continuam
1279 867 74 57 &
1308 867 163 57 amorem:
1427 867 104 57 Per
1486 867 193 57 creaturas
1634 867 133 57 autem
1708 867 148 57 pulchras

1072 906 140 60 huius
1166 906 140 60 mundi
1259 906 140 60 potes
1353 906 93 60 ad
1399 906 109 60 hoc
1462 906 265 60 intelligendum
1664 906 187 60 assurgere:

1078 951 153 52 teipsum
1189 951 153 52 quantum
1300 951 125 52 fieri
1384 951 139 52 potest
1481 951 83 52 ad
1523 951 222 52 impartibilia
1703 951 181 52 rapiendo.

1105 1002 154 58 Sancta
1213 1002 138 58 illic
1305 1002 200 58 societas:
1459 1002 123 58 tota
1536 1002 154 58 omnium
1644 1002 108 58 vna
1705 1002 123 58 mens
1782 1002 77 58 &
1797 1002 62 58 vo

1076 1041 143 49 luntas
1176 1041 100 49 cum
1233 1041 100 49 deo
1290 1041 71 49 &
1318 1041 128 49 inter
1404 1041 100 49 se:
1461 1041 128 49 summa
1546 1041 242 49 tramquillitas
1746 1041 71 49 &
1760 1041 86 49 con-

1069 1084 156 65 cordia.
1182 1084 85 65 In
1224 1084 99 65 his
1281 1084 156 65 omnibus
1394 1084 241 65 honestissimis
1592 1084 99 65 tam
1649 1084 170 65 corporis
1762 1084 85 65 quam

1079 1133 128 48 animi
1164 1133 242 48 oblectamentis
1363 1133 156 48 nunquam
1477 1133 199 48 fastidium:
1634 1133 71 48 &
1662 1133 128 48 vrens
1733 1133 114 48 deside

1069 1178 113 49 rium
1140 1178 113 49 deum
1210 1178 212 49 possidendi:
1380 1178 71 49 &
1408 1178 184 49 certitudo
1549 1178 85 49 de
1592 1178 113 49 ipso
1662 1178 99 49 sic
1705 1178 141 49 perpetud

1074 1223 223 50 possidendo.
1252 1223 89 50 Si
1297 1223 119 50 enim
1371 1223 148 50 Petrus
1475 1223 89 50 in
1519 1223 163 50 Curisti
1638 1223 134 50 trani
1712 1223 134 50 figurat

1070 1270 127 44 tione
1155 1270 198 44 scintillam
1310 1270 127 44 huius
1395 1270 184 44 caelestis
1536 1270 141 44 gaudii
1635 1270 71 44 &
1663 1270 127 44 nihil
1734 1270 113 44 copara

1078 1306 111 55 tiue
1147 1306 180 55 degustans
1286 1306 69 55 /
1313 1306 166 55 dicebat.
1438 1306 138 55 Domine
1535 1306 125 55 bonum
1618 1306 97 55 est
1673 1306 97 55 nos
1728 1306 97 55 hic
1770 1306 83 55 esse

1067 1355 190 48 faciamus
1210 1355 127 48 tria
1289 1355 253 48 tabernacula:
1494 1355 127 48 tibi
1573 1355 142 48 vnum:
1668 1355 142 48 Moysi
1747 1355 111 48 vnum:

1078 1401 70 56 &
1106 1401 140 56 Heliae
1204 1401 126 56 vnum:
1288 1401 84 56 ac
1330 1401 140 56 noluit
1428 1401 84 56 ab
1470 1401 84 56 eo
1511 1401 182 56 separari:
1651 1401 112 56 quod
1721 1401 98 56 hic
1763 1401 84 56 dice

1069 1441 112 51 ret?
1167 1441 84 51 Si
1209 1441 112 51 haec
1279 1441 196 51 consideres
1433 1441 70 51 /
1461 1441 126 51 dices
1544 1441 98 51 cum
1600 1441 168 51 Gregorio
1726 1441 84 51 in
1768 1441 112 51 qua-

1076 1485 99 49 dam
1133 1485 156 49 pulchra
1246 1485 170 49 homilia,
1374 1485 114 49 quam
1445 1485 185 49 recitamus
1587 1485 85 49 in
1630 1485 156 49 communi
1729 1485 114 49 marty-

1082 1532 114 55 tum.
1153 1532 86 55 Si
1196 1532 228 55 consideremus
1381 1532 157 55 fratres
1495 1532 200 55 charissimi
1652 1532 114 55 quae
1724 1532 71 55 &
1738 1532 114 55 quanta

1076 1573 111 48 sunt
1145 1573 111 48 quae
1214 1573 124 48 nobis
1297 1573 221 48 promittuntur
1477 1573 83 48 in
1518 1573 152 48 caelis:
1629 1573 180 48 vilescunt
1753 1573 97 48 animo

1072 1622 124 55 omnia
1155 1622 110 55 quae
1224 1622 83 55 in
1265 1622 138 55 terris
1362 1622 179 55 habentur.
1500 1622 152 55 Terrena
1611 1622 138 55 namque
1693 1622 166 55 substantia

1064 1665 155 57 supernae
1181 1665 181 57 felicitati
1323 1665 168 57 comparata
1453 1665 65 57 /
1478 1665 129 57 pondus
1569 1665 91 57 est
1621 1665 65 57 /
1647 1665 91 57 non
1686 1665 155 57 subsidium.

1066 1710 189 50 Teporalis
1212 1710 117 50 vita
1285 1710 175 50 aeternae
1416 1710 131 50 vitae
1503 1710 189 50 comparata
1649 1710 73 50 /
1678 1710 117 50 mors
1736 1710 117 50 potius

1073 1757 101 50 est
1130 1757 158 50 dicenda
1245 1757 115 50 quam
1317 1757 129 50 vita.
1403 1757 115 50 Ipse
1475 1757 115 50 enim
1547 1757 216 50 quotidianus
1705 1757 144 50 defectus

1071 1802 215 38 corruptionis
1245 1802 67 38 /
1272 1802 107 38 quid
1339 1802 94 38 est
1393 1802 121 38 aliud
1473 1802 94 38 qui
1527 1802 148 38 quaedam
1634 1802 188 38 prolixitas
1768 1802 81 38 mor-

1067 1837 110 53 tis?
1136 1837 69 53 &
1164 1837 124 53 beat.
1246 1837 124 53 Augu.
1329 1837 110 53 ait.
1398 1837 152 53 Fecisti
1508 1837 97 53 nos
1564 1837 152 53 dominue
1674 1837 83 53 ad
1715 1837 97 53 te:
1770 1837 69 53 &
1784 1837 69 53 in-

1076 1882 146 67 quietum
1182 1882 93 67 est
1235 1882 93 67 cor
1289 1882 146 67 nostrum
1395 1882 120 67 donec
1475 1882 186 67 requiescat
1622 1882 80 67 in
1662 1882 93 67 te.
1715 1882 80 67 Et
1741 1882 107 67 regius

1078 1934 162 57 psaltes.
1199 1934 162 57 Satiabor
1320 1934 94 57 cum
1374 1934 189 57 apparuerit
1522 1934 148 57 glersia
1630 1934 108 57 tua.
1698 1934 121 57 psal.
1765 1934 81 57 xvi.

1076 1971 115 57 Nemo
1147 1971 129 57 tamen
1233 1971 186 57 distincte
1377 1971 143 57 illius
1477 1971 143 57 gesiae
1578 1971 215 57 nobilitatem
1735 1971 115 57 natra-

1071 2025 76 53 re
1109 2025 152 53 poterit.
1224 2025 114 53 iuxta
1300 2025 127 53 illud.
1388 2025 76 53 i.
1426 2025 76 53 ad
1465 2025 140 53 Corith.
1566 2025 76 53 ii
1604 2025 101 53 quod
1667 2025 76 53 ex
1705 2025 140 53 Esaiae.
1794 2025 51 53 c.

1074 2061 135 62 lxiiii.
1172 2061 159 62 allegauit
1294 2061 159 62 apostolis
1416 2061 135 62 dicens.
1514 2061 110 62 Sicut
1588 2061 147 62 scriptum
1698 2061 86 62 est
1747 2061 98 62 quod
1796 2061 61 62 ocu

1070 2108 89 53 lus
1121 2108 89 53 non
1172 2108 115 53 vidit
1249 2108 64 53 /
1274 2108 89 53 nec
1325 2108 115 53 auris
1402 2108 140 53 audiuit
1504 2108 64 53 /
1529 2108 89 53 nec
1580 2108 77 53 in
1619 2108 89 53 cor
1670 2108 140 53 hominis
1759 2108 89 53 ascen

1075 2154 95 48 dit:
1135 2154 107 48 quaem
1206 2154 178 48 praeparauit
1348 2154 95 48 deus
1408 2154 83 48 his
1455 2154 83 48 qui
1503 2154 143 48 diligunt
1610 2154 119 48 illum.
1716 2154 95 48 Noli
1776 2154 95 48 ergo

1062 2199 146 46 texere
1165 2199 190 46 aranearum
1310 2199 131 46 telas
1398 2199 102 46 pro
1456 2199 146 46 muscis
1558 2199 190 46 capiendis
1704 2199 88 46 in
1733 2199 117 46 benefi

1070 2245 129 52 ciorum
1160 2245 180 52 perniciosa
1302 2245 180 52 abundantia
1443 2245 64 52 /
1469 2245 90 52 vel
1520 2245 206 52 quibuscumque
1688 2245 116 52 aliis
1752 2245 90 52 huius

1065 2284 166 61 saeculi
1185 2284 166 61 caducis
1306 2284 151 61 bonis:
1411 2284 105 61 sed
1472 2284 136 61 animu
1562 2284 181 61 quotidie
1697 2284 90 61 ad
1728 2284 120 61 caele-

1066 2330 117 50 stia
1139 2330 190 50 convertas
1286 2330 73 50 /
1315 2330 117 50 mane
1388 2330 73 50 &
1417 2330 161 50 vesperi
1534 2330 117 50 hanc
1607 2330 219 50 beatitudine
1768 2330 73 50 te-

1062 2375 111 51 cum
1125 2375 190 51 reuolue:
1268 2375 79 51 &
1299 2375 111 51 dic
1363 2375 111 51 cum
1426 2375 269 51 psalmographo.
1647 2375 142 51 psal.
1726 2375 111 51 liiii

1086 2417 127 52 Quis
1165 2417 143 52 dabit
1261 2417 127 52 mihi
1340 2417 143 52 penas
1435 2417 143 52 sicut
1530 2417 190 52 columbae
1673 2417 79 52 &
1704 2417 159 52 volabo
1799 2417 48 52 &

1063 2460 210 54 requiescam:
1231 2460 168 54 scilicet
1357 2460 84 54 ad
1399 2460 238 54 beatitudinem:
1595 2460 112 54 quam
1665 2460 126 54 nobis
1735 2460 112 54 conce-

1061 2505 111 54 dat
1125 2505 111 54 qui
1188 2505 127 54 vnus
1268 2505 143 54 visus
1363 2505 95 54 in
1411 2505 191 54 essentia
1554 2505 79 54 &
1586 2505 95 54 in
1633 2505 191 54 personis
1761 2505 95 54 tri-

1066 2555 101 45 nus
1123 2555 130 45 omnes
1210 2555 217 45 beatificat:
1384 2555 101 45 cui
1442 2555 116 45 laus
1514 2555 101 45 est
1572 2555 72 45 &
1601 2555 145 45 gloria
1688 2555 159 45 perennis.

1093 2594 96 78 Et
1141 2594 112 78 iam
1205 2594 112 78 nox
1268 2594 159 78 humida
1380 2594 143 78 caelo
1475 2594 255 78 Praecipitat:
1667 2594 191 78 suadentque

1067 2641 207 65 cadentia
1222 2641 173 65 sydera
1326 2641 155 65 somnos.

1316 2682 112 81 Deo
1364 2682 160 81 gratiae.
