2300 3314
440 377 156 56 naret,
549 377 78 56 &
581 377 109 56 Oaa
643 377 140 56 manum
736 377 202 56 apponeret
892 377 78 56 &
923 377 218 56 puniretur,
1094 377 93 56 ne
1126 377 93 56 arca

441 430 129 56 domini
531 430 167 56 duceretur
660 430 64 56 a
686 430 142 56 brutis.
789 430 77 56 De
827 430 193 56 Bethsamitis
982 430 142 56 dicitur
1084 430 103 56 quod
1136 430 90 56 prohi

435 470 186 53 bebantur
574 470 155 53 videre
682 470 139 53 arcam
775 470 139 53 nudam
867 470 108 53 sub
929 470 139 53 poena
1022 470 170 53 mortis.
1130 470 93 53 Nume

437 511 92 53 ri.
489 511 118 53 iiii.
568 511 118 53 nimis
647 511 92 53 diu
700 511 118 53 etiam
778 511 118 53 passi
857 511 105 53 sunt
923 511 92 53 eam
975 511 118 53 stare
1054 511 92 53 sub
1107 511 92 53 dio
1146 511 79 53 sine

447 561 182 48 uminibus
584 561 76 48 &
614 561 137 48 cultu
705 561 167 48 debito.
827 561 76 48 &
857 561 198 48 propterea
1009 561 213 48 septuagita
1161 561 61 48 de

434 605 175 57 populo,
561 605 111 57 hoc
625 605 111 57 est
688 605 207 57 optimates
847 605 79 57 &
879 605 191 57 primores
1022 605 159 57 occisi
1118 605 95 57 sunt

436 658 76 44 &
466 658 243 44 quinquaginta
663 658 137 44 milia
755 658 167 44 plebis.
876 658 91 44 Et
921 658 106 44 hoc
982 658 106 44 est
1043 658 121 44 quod
1104 658 121 44 Lauren

429 693 127 54 tius
509 693 143 54 Valla
604 693 159 54 dicit.
715 693 143 54 Plebs
811 693 238 54 minutiores:
1001 693 175 54 populus
1113 693 95 54 maio

446 750 99 48 res
502 750 113 48 natu
573 750 211 48 significat.
741 750 99 48 Nos
798 750 127 48 autem
882 750 99 48 non
939 750 155 48 habemus
1037 750 183 48 prohibitio-

448 782 102 59 nem
506 782 160 59 videndi
622 782 232 59 Eucharistiam
810 782 102 59 vel
868 782 174 59 tangendi
999 782 87 59 in
1042 782 116 59 casu
1115 782 102 59 quo
1158 782 58 59 lo

441 836 129 50 cuti
521 836 161 50 sumus.
634 836 209 50 propterea
795 836 113 50 non
860 836 113 50 est
908 836 113 50 idem.

442 875 105 83 â‹
484 875 209 83 Quarto
630 875 272 83 arguitur.
840 875 251 83 capiatur
1007 875 209 83 Euchari-

448 927 112 71 stia
518 927 70 71 &
546 927 154 71 ponatur
659 927 98 71 cum
715 927 154 71 hostiis
827 927 98 71 non
883 927 211 71 consecratis
1052 927 84 71 in
1094 927 112 71 domo
1150 927 70 71 pi-

437 983 144 51 storis:
542 983 65 51 &
568 983 118 51 detur
646 983 105 51 illa
712 983 92 51 cum
764 983 105 51 alia
829 983 118 51 Sorti
908 983 131 51 adulto
1000 983 170 51 existenti
1130 983 79 51 in
1157 983 65 51 mor

436 1028 125 61 tali.
519 1028 97 61 hoc
575 1028 180 61 supposito
714 1028 97 61 sic
769 1028 180 61 arguitur.
908 1028 222 61 Eucharistiam
1088 1028 111 61 hanc
1144 1028 69 61 Sor

445 1072 97 61 tes
501 1072 125 61 sumit
584 1072 111 61 sine
653 1072 153 61 peccato
764 1072 166 61 mortali.
889 1072 139 61 Dicis,
986 1072 97 61 non
1042 1072 139 61 credit
1125 1072 97 61 illam

435 1115 116 54 esse
508 1115 247 54 Eucharistiam:
711 1115 102 54 sed
769 1115 87 54 ex
813 1115 203 54 ignorantia
972 1115 218 54 inuincibili
1132 1115 87 54 excu

446 1163 128 53 satur.
536 1163 64 53 &
562 1163 90 53 sic
613 1163 116 53 nihil
690 1163 128 53 contra
780 1163 218 53 conclusionem.
960 1163 128 53 Contra
1050 1163 90 53 hoc
1089 1163 128 53 arguitur

448 1206 116 55 hanc
521 1206 160 55 hostiam
638 1206 73 55 (
667 1206 233 55 demonstrando
856 1206 160 55 species
973 1206 146 55 panis)
1074 1206 146 55 Sortes
1162 1206 58 55 in

446 1252 150 56 mortali
556 1252 164 56 scienter
679 1252 137 56 sumit.
775 1252 109 56 haec
843 1252 137 56 hostia
939 1252 96 56 est
993 1252 219 56 Eucharistia:
1158 1252 68 56 er-

440 1297 95 56 go
488 1297 252 56 Eucharistiam
692 1297 158 56 Sortes
803 1297 189 56 scienter
944 1297 95 56 in
992 1297 173 56 mortali
1102 1297 126 56 sumit:

448 1346 69 50 &
476 1346 96 50 non
531 1346 151 50 peccat.
641 1346 151 50 igitur.
751 1346 206 50 Respondetur
916 1346 193 50 concedendo
1068 1346 124 50 illam
1136 1346 83 50 con-

447 1387 213 54 clusionem.
614 1387 106 54 sed
675 1387 122 54 hanc
751 1387 137 54 nego.
842 1387 152 54 Sortes
948 1387 137 54 sumit
1040 1387 182 54 scienter
1161 1387 61 54 Eu

455 1432 221 69 charistiam
629 1432 95 69 in
677 1432 174 69 mortali
803 1432 174 69 peccato
929 1432 126 69 sine
1008 1432 126 69 nouo
1072 1432 142 69 peccato

451 1471 101 75 hic
508 1471 116 75 enim
581 1471 173 75 scientia
711 1471 87 75 in
754 1471 260 75 (Eucharistiam)
956 1471 116 75 cadit.

450 1520 105 72 â‹
492 1520 210 72 Quinto
639 1520 273 72 arguitur.
850 1520 147 72 sit
934 1520 210 72 Sortes
1081 1520 126 72 in
1123 1520 105 72 pec

440 1588 127 50 cato
519 1588 174 50 mortali
646 1588 174 50 tempore
773 1588 222 50 sumptionis
947 1588 174 50 prioris
1058 1588 158 50 medieta.

442 1634 97 52 tis
498 1634 236 52 Eucharistiae,
692 1634 69 52 &
720 1634 97 52 sua
775 1634 153 52 peccata
886 1634 194 52 detestetur
1039 1634 83 52 in
1066 1634 153 52 sumptione

442 1675 165 58 secundae
566 1675 206 58 medietatis.
731 1675 96 58 hoc
786 1675 110 58 enim
854 1675 96 58 est
909 1675 179 58 possibile
1046 1675 82 58 de
1088 1675 124 58 lege.
1156 1675 69 58 vel

448 1720 198 57 econverso
600 1720 107 57 sit
661 1720 153 57 Sortes
768 1720 92 57 in
814 1720 153 57 gratia
921 1720 92 57 in
967 1720 198 57 sumptione
1104 1720 122 57 primae

449 1764 200 47 medietatis
606 1764 86 47 in
649 1764 115 47 ore,
721 1764 72 47 &
749 1764 86 47 in
792 1764 158 47 secunda
907 1764 186 47 medietate
1050 1764 158 47 accepta
1150 1764 72 47 sit

441 1811 92 52 in
487 1811 183 52 mortali.
624 1811 122 52 Tunc
700 1811 122 52 sic.
777 1811 153 52 Sortes
884 1811 138 52 sumit
976 1811 244 52 Eucharistiam
1159 1811 61 52 in

448 1856 152 56 mortali
558 1856 165 56 peccato:
683 1856 69 56 &
710 1856 96 56 non
765 1856 152 56 peccat:
875 1856 110 56 quod
944 1856 138 56 patet,
1041 1856 110 56 quia
1096 1856 124 56 conferi

452 1898 80 47 ei
492 1898 134 47 gratia
586 1898 228 47 Eucharistiae:
773 1898 67 47 &
800 1898 147 47 meretur
907 1898 94 47 pro
961 1898 147 47 tempore
1068 1898 107 47 illo
1122 1898 107 47 partia

443 1940 79 48 li
482 1940 92 48 quo
535 1940 92 48 est
588 1940 79 48 in
628 1940 145 48 gratia.
733 1940 106 48 ergo
799 1940 172 48 conclusio
931 1940 132 48 nulla.
1024 1940 66 48 â‹
1050 1940 198 48 Respondetur

461 1988 97 52 hoc
517 1988 194 52 argumentum
669 1988 97 52 non
725 1988 97 52 est
781 1988 139 52 contra
878 1988 222 52 conclusionem
1058 1988 83 52 in
1100 1988 97 52 qua
1142 1988 69 52 loc

448 2033 152 52 propono
559 2033 83 52 de
600 2033 111 52 illo
669 2033 97 52 qui
725 2033 97 52 est
780 2033 83 52 in
821 2033 152 52 mortali
932 2033 152 52 peccato
1042 2033 111 52 toto
1098 2033 124 52 tempore

455 2080 181 54 sumptionis
597 2080 219 54 Eucharistiae.
778 2080 77 54 Si
816 2080 103 54 quis
881 2080 116 54 autem
958 2080 129 54 fuerit
1048 2080 77 54 in
1087 2080 129 54 gratia
1177 2080 77 54 in

458 2126 144 50 aliqua
559 2126 130 50 parte
645 2126 173 50 temporis
775 2126 101 50 quo
833 2126 231 50 Eucharistiam
1021 2126 130 50 sumit
1107 2126 87 50 in
1136 2126 87 50 ores

446 2164 145 52 meretur
551 2164 79 52 si
591 2164 132 52 habeat
683 2164 105 52 actu
749 2164 184 52 interiorem
894 2164 132 52 bonum,
986 2164 66 52 &
1012 2164 119 52 datur
1091 2164 79 52 ei
1118 2164 105 52 gratia

460 2222 158 48 virtute
574 2222 143 48 operis
675 2222 172 48 operati.
804 2222 86 48 Et
847 2222 129 48 forte
932 2222 100 48 hoc
990 2222 100 48 non
1047 2222 129 48 solum
1119 2222 100 48 verum

457 2262 102 50 est
516 2262 87 50 in
559 2262 160 50 tempore
676 2262 189 50 adaequato
821 2262 102 50 quo
880 2262 218 50 Eucharistia
1054 2262 102 50 est
1113 2262 87 50 in
1142 2262 87 50 ore,

448 2307 95 47 sed
503 2307 123 47 etiam
585 2307 95 47 pro
639 2307 109 47 toto
707 2307 150 47 tempore
816 2307 95 47 quo
871 2307 136 47 corpus
966 2307 150 47 Christi
1075 2307 95 47 est
1116 2307 109 47 inisto

451 2347 146 53 macho:
554 2347 73 53 &
583 2347 132 53 illic
671 2347 146 53 manet.
774 2347 88 53 Ex
818 2347 103 53 hac
876 2347 190 53 solutione
1023 2347 176 53 sequitur
1140 2347 73 53 qui

447 2389 172 57 aliquis
572 2389 219 57 mortaliter
744 2389 156 57 peccat
854 2389 250 57 Eucharistiam
1057 2389 188 57 sumendo:
1182 2389 47 57 &

453 2434 117 61 tamen
531 2434 117 61 habet
609 2434 91 61 vel
661 2434 143 61 habebit
765 2434 143 61 gratiam
870 2434 221 61 Eucharistiae.
1052 2434 117 61 patet
1130 2434 91 61 pro
1169 2434 65 61 tem

457 2481 111 50 pore
526 2481 221 50 inadaequato.
706 2481 83 50 si
747 2481 111 50 erat
816 2481 83 50 in
858 2481 152 50 mortali
968 2481 152 50 peccato
1079 2481 83 50 in
1107 2481 124 50 princi-

466 2525 97 46 pio
521 2525 207 46 sumptionis,
687 2525 97 46 iam
742 2525 152 46 peccat.
853 2525 83 46 Et
894 2525 166 46 preterea
1018 2525 97 46 per
1059 2525 166 46 detestatio

455 2576 96 51 nem
510 2576 219 51 sufficientem
688 2576 123 51 datur
770 2576 82 51 ei
811 2576 137 51 gratia
907 2576 233 51 Eucharistiae:
1098 2576 68 51 &
1126 2576 82 51 vt
1153 2576 82 51 opi-

461 2614 97 46 nor
516 2614 97 46 ita
572 2614 124 46 magna
654 2614 83 46 ac
696 2614 83 46 si
737 2614 152 46 fuisset
848 2614 83 46 in
889 2614 138 46 gratia
985 2614 110 46 toto
1054 2614 152 46 tempore
1151 2614 69 46 quo

455 2654 144 61 habuit
555 2654 244 61 Eucharistiam.
756 2654 101 61 Hic
814 2654 158 61 gratiam
928 2654 129 61 datam
1015 2654 158 61 virtute
1115 2654 115 61 operis

457 2704 168 50 operati,
583 2704 154 50 gratiam
695 2704 224 50 Eucharistiae
876 2704 126 50 voco.
960 2704 84 50 Et
1002 2704 126 50 patet
1086 2704 140 50 illud.
1170 2704 56 50 si

460 2745 117 50 duo
527 2745 167 50 sumant
644 2745 134 50 duas
728 2745 184 50 hostias
861 2745 167 50 magnam
978 2745 84 50 &
1012 2745 167 50 paruam
1112 2745 117 50 pigre

461 2793 66 52 &
487 2793 159 52 impigre,
606 2793 159 52 aequales
725 2793 146 52 gratias
831 2793 212 52 Eucharistiae
1003 2793 146 52 habent.
1109 2793 119 52 etiam
1175 2793 53 52 da

1283 369 80 63 to
1323 369 106 63 quod
1389 369 106 63 deus
1455 369 119 63 illas
1535 369 146 63 gratias
1641 369 106 63 pure
1708 369 186 63 successiue
1854 369 106 63 det:
1920 369 119 63 quima
1986 369 80 63 deus

1276 432 104 47 non
1336 432 104 47 dat
1395 432 209 47 aequaliter
1559 432 224 47 arithmetice
1738 432 104 47 cum
1798 432 209 47 aequalibus
1947 432 119 47 parti-

1281 473 118 63 bus,
1355 473 103 63 sed
1414 473 220 63 geometrice.
1590 473 118 63 ergo
1663 473 191 63 magnitudo
1810 473 176 63 temporis
1928 473 132 63 gratiae

1276 523 106 53 non
1337 523 137 53 facit
1428 523 91 53 ad
1473 523 167 53 maiorem
1595 523 167 53 gratiam
1717 523 258 53 Eucharistiae.
1929 523 137 53 secus
2005 523 46 53 e

1285 562 83 46 de
1327 562 138 46 gratia
1423 562 151 46 virtute
1533 562 138 46 operis
1629 562 193 46 operantis.
1781 562 124 46 Forte
1863 562 110 46 deus
1932 562 96 46 dat
1973 562 83 46 gra-

1285 606 108 51 tiam
1353 606 217 51 Eucharistiae
1529 606 81 51 ea
1570 606 149 51 sumenti
1678 606 176 51 quocumque
1813 606 149 51 tempore
1908 606 149 51 sumptiois

1286 656 99 48 quo
1342 656 99 48 est
1399 656 84 48 in
1441 656 155 48 gratia,
1553 656 113 48 siue
1624 656 84 48 in
1666 656 197 48 principio,
1821 656 141 48 medio,
1919 656 99 48 vel
1961 656 99 48 fine.

1283 700 112 57 tibi
1353 700 112 57 enim
1424 700 84 57 de
1466 700 169 57 opposito
1592 700 169 57 constare
1719 700 98 57 non
1775 700 155 57 potest:
1887 700 70 57 &
1915 700 127 57 illud
1986 700 70 57 est

1279 740 185 60 conforme
1418 740 263 60 misericordiae
1634 740 124 60 dei:
1711 740 154 60 nostra
1819 740 232 60 fragilitate
1989 740 62 60 ex

1286 787 121 58 parte
1366 787 189 58 peccatorum
1514 787 175 58 mortalium
1649 787 215 58 considerata.
1824 787 108 58 ergo
1891 787 94 58 est
1932 787 121 58 probabi

1291 828 90 72 e,
1336 828 75 72 &
1366 828 120 72 mihi
1441 828 120 72 vero
1501 828 135 72 simile.

1281 872 105 86 â‹
1323 872 190 86 Sexto
1449 872 253 86 arguitur
1639 872 232 86 directe
1807 872 211 86 contra
1934 872 126 86 con-

1281 941 207 54 clusionem
1440 941 96 54 in
1488 941 96 54 ea
1536 941 143 54 parte
1632 941 112 54 qua
1695 941 159 54 commui
1807 941 191 54 opinioni
1935 941 128 54 contra

1290 986 109 52 eo.
1353 986 125 52 Alii
1431 986 94 52 in
1478 986 156 52 commui
1587 986 188 52 opinione
1728 986 125 52 dant
1806 986 156 52 medium
1915 986 141 52 inter
1994 986 63 52 me

1288 1035 116 48 reri
1361 1035 73 48 &
1390 1035 174 48 demereri
1521 1035 87 48 in
1565 1035 160 48 sumenda
1681 1035 233 48 Eucharistia:
1870 1035 116 48 quod
1943 1035 102 48 ego
1986 1035 73 48 non

1282 1078 126 54 pono:
1366 1078 112 54 ergo
1435 1078 112 54 viam
1505 1078 98 54 dei
1561 1078 167 54 angustam
1686 1078 139 54 facio,
1784 1078 112 54 quam
1854 1078 112 54 alii
1924 1078 126 54 latam
1993 1078 70 54 te-

1295 1118 119 68 nent.
1374 1118 66 68 â‹
1401 1118 211 68 Respondetur,
1572 1118 93 68 non
1625 1118 119 68 minus
1704 1118 106 68 late
1771 1118 106 68 immo
1837 1118 132 68 latius
1929 1118 106 68 quam
1982 1118 66 68 ali

1290 1165 173 50 loquor.
1416 1165 110 50 Nam
1479 1165 110 50 vbi
1542 1165 126 50 ipsi
1621 1165 95 50 in
1668 1165 110 50 via
1731 1165 142 50 media
1826 1165 158 50 ponunt
1920 1165 142 50 hominem

1279 1208 134 52 stare
1369 1208 90 52 in
1414 1208 164 52 mortali
1533 1208 179 52 peccato,
1668 1208 75 52 &
1697 1208 105 52 non
1757 1208 164 52 peccare
1877 1208 164 52 sumendo
1981 1208 75 52 Eu-

1288 1254 210 49 charistiam:
1456 1254 98 49 ego
1512 1254 112 49 dico
1582 1254 126 49 talem
1666 1254 98 49 non
1721 1254 154 49 peccare
1833 1254 84 49 si
1875 1254 126 49 fecit
1945 1254 126 49 indagi-

1288 1301 102 63 nem
1347 1301 73 63 &
1376 1301 248 63 detestationem
1581 1301 88 63 ad
1625 1301 117 63 quam
1698 1301 175 63 tenetur:
1829 1301 102 63 nec
1888 1301 161 63 amplius
2005 1301 88 63 in

1291 1344 152 61 peccato
1402 1344 110 61 vllo
1471 1344 152 61 manere.
1581 1344 69 61 &
1609 1344 83 61 si
1650 1344 179 61 decederet
1788 1344 110 61 sic,
1857 1344 207 61 saluaretur.
2009 1344 55 61 Si

1286 1393 113 56 non
1350 1393 145 56 fecit
1447 1393 209 56 indaginem
1608 1393 81 56 &
1640 1393 274 56 detestationem
1866 1393 97 56 ad
1914 1393 129 56 quam
1978 1393 81 56 te-

1282 1433 153 69 netur:
1389 1433 138 69 manet
1480 1433 92 69 in
1526 1433 183 69 peccato,
1664 1433 76 69 &
1694 1433 214 69 mortaliter
1862 1433 153 69 peccat
1954 1433 107 69 sumen

1280 1474 100 74 do
1330 1474 199 74 scienter
1463 1474 249 74 Eucharistiam.

1282 1507 101 85 â‹
1322 1507 223 85 Septimo
1485 1507 264 85 arguitur.
1688 1507 122 85 ex
1749 1507 183 85 insto
1870 1507 162 85 modo
1952 1507 101 85 con

1290 1587 201 60 clusionis
1444 1587 123 60 quam
1521 1587 123 60 pono
1598 1587 123 60 nemo
1675 1587 154 60 potest
1783 1587 139 60 scire
1876 1587 93 60 an
1922 1587 139 60 digne
1999 1587 62 60 Eu

1290 1638 187 49 charistiam
1437 1638 134 49 sumat:
1531 1638 107 49 quod
1597 1638 94 49 est
1651 1638 228 49 inconveniens.
1838 1638 134 49 patet.
1932 1638 107 49 quia
1986 1638 80 49 nemo

1285 1678 114 60 scit
1356 1678 86 60 an
1399 1678 128 60 amore
1484 1678 100 60 vel
1541 1678 114 60 odio
1613 1678 143 60 dignus
1713 1678 114 60 sit.
1784 1678 86 60 Et
1827 1678 171 60 vlterius
1941 1678 114 60 sequi-

1281 1723 107 47 tur
1342 1723 123 47 quod
1419 1723 107 47 cum
1480 1723 169 47 exponat
1603 1723 92 47 se
1649 1723 184 47 periculo
1787 1723 169 47 peccati
1894 1723 169 47 mortalis:

1291 1770 213 55 mortaliter
1458 1770 167 55 peccet.
1580 1770 76 55 â‹
1610 1770 243 55 Respondetur.
1808 1770 137 55 illud
1884 1770 182 55 argumentum

1281 1816 98 48 non
1337 1816 98 48 est
1393 1816 167 48 speciale
1518 1816 139 48 contra
1616 1816 223 48 conclusionem
1797 1816 126 48 meam:
1881 1816 98 48 sed
1936 1816 98 48 est
1978 1816 84 48 mihi

1281 1861 76 57 &
1311 1861 138 57 aliis
1403 1861 183 57 commune.
1540 1861 107 57 sed
1602 1861 122 57 quia
1678 1861 92 57 ad
1724 1861 138 57 pauca
1816 1861 199 57 aspiciens
1953 1861 107 57 prima

1291 1901 146 51 fronte
1393 1901 189 51 oppositum
1539 1901 189 51 crederet:
1685 1901 102 51 hoc
1743 1901 102 51 sic
1801 1901 175 51 ostendo.
1932 1901 116 51 notu
1990 1901 73 51 est

1281 1945 146 54 sicut
1378 1945 162 54 doctor
1491 1945 226 54 Seraphicus
1669 1945 146 54 dicit
1766 1945 178 54 tenendo
1879 1945 178 54 opinionem

1287 1992 173 57 communem:
1420 1992 107 57 quod
1487 1992 80 57 si
1527 1992 93 57 non
1580 1992 213 57 probabiliter
1753 1992 120 57 fecit
1833 1992 107 57 quod
1900 1992 147 57 debuit:
1993 1992 67 57 pec

1289 2038 97 57 cat
1345 2038 153 57 sumendo
1456 2038 236 57 Eucharistiam:
1651 2038 111 57 etsi
1720 2038 125 57 fecit
1804 2038 223 57 probabiliter
1971 2038 83 57 quod

1299 2082 140 53 debuit,
1401 2082 89 53 non
1452 2082 140 53 peccat.
1554 2082 89 53 sed
1604 2082 89 53 eum
1655 2082 140 53 latebit
1757 2082 127 53 quando
1846 2082 203 53 probabiliter
1998 2082 64 53 fe-

1295 2124 94 52 cit
1348 2124 187 52 indaginem:
1495 2124 134 52 quando
1589 2124 107 52 vero
1655 2124 107 52 non:
1722 2124 107 52 ergo
1789 2124 147 52 solutio
1896 2124 107 52 erit
1949 2124 107 52 commu-

1285 2173 104 50 nis
1345 2173 134 50 aliis
1434 2173 75 50 &
1464 2173 134 50 mihi.
1554 2173 90 50 Et
1598 2173 90 50 in
1643 2173 149 50 primis
1748 2173 119 50 dico
1822 2173 209 50 argumentum
1971 2173 90 50 esse

1292 2214 179 46 difficile
1430 2214 83 46 vt
1472 2214 83 46 ei
1513 2214 179 46 satisfiat
1651 2214 152 46 propter
1761 2214 235 46 difficultatem
1955 2214 138 46 cogno-

1301 2256 123 57 cendi
1383 2256 137 57 quando
1479 2256 123 57 sumus
1561 2256 82 57 in
1602 2256 150 57 peccato
1711 2256 164 57 mortali,
1834 2256 137 57 quando
1929 2256 109 57 vero
1984 2256 82 57 non.

1299 2301 80 56 â‹
1331 2301 144 56 Circa
1427 2301 112 56 hoc
1491 2301 144 56 tamen
1587 2301 160 56 aliqua
1698 2301 160 56 dicam:
1810 2301 208 56 sapientum
1970 2301 128 56 pau-

1283 2344 95 62 ca
1331 2344 142 62 dicta
1425 2344 205 62 recitans.
1583 2344 173 62 loannes
1709 2344 158 62 Gerson
1819 2344 95 62 in
1867 2344 126 62 fine
1930 2344 126 62 opuscu

1283 2392 78 51 li
1322 2392 91 51 sui
1374 2392 104 51 quod
1439 2392 208 51 inscribitur,
1608 2392 104 51 opus
1673 2392 195 51 tripartitum
1829 2392 65 51 /
1855 2392 117 51 ponit
1920 2392 143 51 triplicem

1302 2437 180 53 veritatem,
1443 2437 103 53 quam
1508 2437 77 53 si
1546 2437 103 53 quis
1610 2437 141 53 habeat:
1713 2437 64 53 &
1739 2437 90 53 sic
1790 2437 141 53 decedat
1893 2437 64 53 /
1919 2437 116 53 etiam
1983 2437 77 53 sine

1287 2483 233 55 confessione,
1477 2483 218 55 saluabitur:
1651 2483 131 55 licet
1739 2483 87 55 in
1782 2483 204 55 purgatorio
1943 2483 102 55 sit
1986 2483 73 55 pu-

1287 2525 154 48 niendus.
1403 2525 77 48 Et
1441 2525 115 48 illae
1518 2525 167 48 veritates
1646 2525 115 48 nihil
1723 2525 141 48 aliquod
1825 2525 128 48 volunt
1915 2525 77 48 in
1941 2525 115 48 effectu

1289 2573 116 52 nisi
1361 2573 102 52 hoc
1419 2573 116 52 quod
1492 2573 116 52 homo
1564 2573 145 52 doleat
1666 2573 87 52 de
1709 2573 232 52 praeteritis,
1883 2573 174 52 proponendo

1292 2614 81 51 se
1332 2614 121 51 velle
1412 2614 134 51 cauere
1506 2614 67 51 a
1533 2614 161 51 futuris,
1654 2614 67 51 &
1681 2614 175 51 confiteri
1815 2614 94 51 pro
1869 2614 107 51 loco
1936 2614 67 51 &
1950 2614 107 51 tpore.

1292 2659 96 52 Sed
1347 2659 123 52 istud
1429 2659 96 52 non
1484 2659 178 52 sufficit,
1620 2659 109 52 quod
1688 2659 96 52 sic
1743 2659 164 52 declaro.
1866 2659 178 52 Contingit
1989 2659 68 52 ho-

1292 2704 130 59 minem
1378 2704 101 59 cum
1436 2704 101 59 his
1494 2704 202 59 propositis
1653 2704 116 59 esse
1725 2704 87 59 in
1768 2704 101 59 vno
1826 2704 159 59 mortali
1941 2704 101 59 vel
1985 2704 72 59 plu

1302 2748 131 47 ribus,
1394 2748 105 47 quod
1460 2748 118 47 patet
1538 2748 105 47 sic,
1604 2748 171 47 contingit
1736 2748 118 47 virum
1814 2748 118 47 etiam
1893 2748 158 47 eruditum
1998 2748 53 47 ha

1295 2792 101 60 bere
1359 2792 114 60 plura
1434 2792 164 60 beneficia
1561 2792 101 60 quam
1624 2792 139 60 debeat:
1725 2792 88 60 sic
1775 2792 152 60 scilicet
1889 2792 76 60 vt
1927 2792 88 60 sit
1978 2792 76 60 in
2003 2792 63 60 pec
