2297 3324
197 387 120 79 cato
272 387 165 79 mortali
392 387 195 79 continuo:
542 387 165 79 ratione
663 387 225 79 detentionis
828 387 150 79 tantorum

202 448 101 53 vel
259 448 145 53 vnius.
361 448 116 53 ergo
433 448 101 53 est
491 448 188 53 indignus.
635 448 116 53 ltem
707 448 188 53 contingit
837 448 145 53 religio-

205 483 95 71 sum
260 483 122 71 etiam
341 483 176 71 eruditum:
476 483 95 71 non
530 483 122 71 autem
612 483 190 71 sapientem,
760 483 108 71 esse
828 483 81 71 in
855 483 122 71 mortali

201 539 160 57 peccato
318 539 189 57 continuo:
463 539 160 57 ratione
580 539 233 57 professionis
769 539 116 57 suae
842 539 116 57 quam
900 539 73 57 non

194 577 140 56 seruat:
296 577 179 56 assentitur
437 577 115 56 tamen
513 577 140 56 erronee
616 577 102 56 quod
679 577 89 56 sit
730 577 77 56 in
769 577 115 56 statu
845 577 140 56 salutis
935 577 38 56 &

200 629 124 55 bene
278 629 155 55 viuat.
387 629 78 55 &
418 629 109 55 sic
480 629 93 55 de
526 629 202 55 quibusdam
681 629 140 55 aliis
774 629 171 55 hominum
883 629 93 55 gene

199 673 136 49 ribus.
295 673 109 49 Tunc
363 673 150 49 vterque
472 673 150 49 istorum
581 673 136 49 potest
676 673 136 49 habere
772 673 109 49 tres
826 673 150 49 veritates

210 715 89 58 de
255 715 149 58 quibus
359 715 194 58 loquitur,
508 715 75 58 &
538 715 119 58 esse
612 715 89 58 in
657 715 164 58 peccato
776 715 179 58 mortali.
896 715 75 58 Bea

201 754 117 58 tus
268 754 168 58 Thomas
386 754 151 58 autem
486 754 101 58 ex
537 754 151 58 beato
637 754 201 58 Bernardo
788 754 185 58 quatuor
906 754 67 58 in

200 792 181 71 troducit
336 792 106 71 per
396 792 121 71 quae
472 792 121 71 homo
548 792 151 71 potest
653 792 212 71 cognoscere
820 792 91 71 an
865 792 106 71 sit
911 792 60 71 in

211 839 157 68 gratia.
325 839 143 68 Primum
425 839 114 68 est,
496 839 143 68 quando
596 839 143 68 verbum
696 839 100 68 dei
753 839 171 68 libenter
867 839 100 68 audit

202 884 110 60 Qui
265 884 126 60 enim
344 884 95 60 ex
391 884 110 60 deo
455 884 110 60 est
518 884 142 60 verba
612 884 110 60 dei
675 884 158 60 audit.
786 884 142 60 loan.
865 884 110 60 viii.

210 930 198 65 Secundum,
362 930 107 65 dum
423 930 122 65 quis
500 930 92 65 se
546 930 168 65 proptum
668 930 168 65 inuenit
790 930 92 65 ad
836 930 122 65 bene
897 930 76 65 opi

210 972 150 62 randum.
320 972 96 62 nam
374 972 164 62 secundum
497 972 178 62 Gregorium
634 972 164 62 probatio
757 972 205 62 dilectionis
907 972 68 62 est

206 1015 180 67 exhibitio
345 1015 152 67 operis.
456 1015 152 67 Tertium
566 1015 97 67 est
622 1015 139 67 dolere
719 1015 83 67 de
760 1015 208 67 praeteritis
913 1015 69 67 pec

213 1058 146 59 catis.
316 1058 161 59 Quartum
433 1058 190 59 proponere
579 1058 146 59 cauere
681 1058 88 59 in
725 1058 190 59 posterum.
871 1058 102 59 Sed
915 1058 58 59 ir

211 1109 126 64 bene
290 1109 205 64 habituato
448 1109 142 64 omnia
543 1109 126 64 ista
622 1109 142 64 stant
717 1109 111 64 cum
780 1109 174 64 mortali
890 1109 95 64 pec-

215 1148 121 63 cato.
295 1148 121 63 Vides
376 1148 135 63 igitur
470 1148 108 63 quam
538 1148 175 63 difficile
672 1148 94 63 sit
726 1148 135 63 scire:
820 1148 81 63 an
861 1148 121 63 simus
928 1148 54 63 in

202 1189 174 75 gratia:
328 1189 95 75 an
376 1189 95 75 in
423 1189 174 75 mortali
549 1189 189 75 peccato.
691 1189 126 75 Vnde
770 1189 110 75 hic
833 1189 142 75 dico.
912 1189 79 75 Ali

217 1243 116 59 quis
289 1243 144 59 potest
390 1243 116 59 bene
462 1243 130 59 scire
549 1243 217 59 certitudine
722 1243 144 59 morali
823 1243 87 59 se
866 1243 116 59 esse
924 1243 58 59 in

212 1279 161 72 gratia.
330 1279 147 72 patet.
432 1279 147 72 potest
535 1279 132 72 scire
623 1279 73 72 a
652 1279 220 72 sapientibus
828 1279 117 72 quod
886 1279 103 72 modus

216 1332 168 54 viuendi
338 1332 92 54 in
384 1332 199 54 religione
537 1332 92 54 in
583 1332 107 54 hac
644 1332 122 54 domo
720 1332 107 54 sit
781 1332 153 54 bonus:
888 1332 92 54 vt
919 1332 61 54 in

211 1371 195 66 Carthusia,
364 1371 223 66 Caelestinis,
545 1371 97 66 vel
601 1371 125 66 aliis
685 1371 209 66 reformatis:
852 1371 111 66 quod
907 1371 84 66 ser-

218 1416 111 54 uat
281 1416 253 54 professionem
487 1416 126 54 suam
566 1416 126 54 more
645 1416 190 54 sociorum
787 1416 95 54 in
835 1416 126 54 domo
898 1416 79 54 sua

212 1455 93 68 Et
258 1455 93 68 si
304 1455 186 68 interdum
444 1455 201 68 delinquat
598 1455 108 68 vel
660 1455 124 68 deum
737 1455 186 68 offendat
861 1455 124 68 contra

219 1499 118 58 eius
293 1499 206 58 praecepta:
455 1499 147 58 potest
558 1499 176 58 laborare
690 1499 88 58 ad
734 1499 103 58 hoc
778 1499 206 58 cognoscendum

218 1552 67 60 &
244 1552 80 60 si
284 1552 93 60 non
338 1552 120 60 omnia
418 1552 147 60 peccata
524 1552 187 60 occurrant,
671 1552 93 60 est
724 1552 80 60 ei
764 1552 187 60 ignorantia
898 1552 93 60 inuin

222 1590 146 56 cibilis.
331 1590 85 56 Sic
380 1590 122 56 potest
465 1590 170 56 saecularis
599 1590 97 56 suis
660 1590 170 56 contentus:
794 1590 122 56 sciens
879 1590 97 56 quod
927 1590 49 56 ne

226 1646 112 55 habet
300 1646 149 55 alienum:
412 1646 100 55 quod
475 1646 125 55 facile
562 1646 112 55 scire
636 1646 137 55 potest:
736 1646 87 55 vel
786 1646 75 55 si
823 1646 125 55 habeat
910 1646 62 55 /
923 1646 62 55 pa-

215 1677 122 57 ratus
297 1677 95 57 est
351 1677 204 57 restituere.
515 1677 177 57 Similiter
651 1677 245 57 ecclesiasticus
855 1677 122 57 solum
923 1677 68 57 ha-

219 1721 124 69 bens
297 1721 124 69 vnum
375 1721 217 69 beneficium
545 1721 109 69 quo
607 1721 109 69 est
670 1721 171 69 dignus:
794 1721 155 69 potest
887 1721 93 69 bona

212 1764 234 74 certitudine
400 1764 156 74 morali
509 1764 219 74 cognoscere
681 1764 94 74 se
728 1764 109 74 non
791 1764 125 74 esse
869 1764 94 74 in
900 1764 94 74 mor-

231 1817 130 64 tali.
317 1817 115 64 Alii
389 1817 115 64 sunt
461 1817 144 64 quibus
562 1817 101 64 est
620 1817 216 64 difficilius
793 1817 202 64 cognoscere
937 1817 58 64 an

224 1854 134 67 digne
313 1854 163 67 sumant:
432 1854 134 67 sicut
521 1854 119 67 dedi
596 1854 178 67 exemplum
729 1854 89 67 de
774 1854 163 67 piurali
893 1854 89 67 in
923 1854 59 67 be

231 1901 163 54 neficiis:
357 1901 88 54 qui
407 1901 88 54 cum
457 1901 188 54 sapientibus
607 1901 88 54 non
657 1901 175 54 consultat,
795 1901 75 54 an
833 1901 125 54 licite
908 1901 75 54 haec

222 1943 166 67 habeat.
343 1943 76 67 &
373 1943 106 67 sic
433 1943 91 67 de
479 1943 166 67 viuente
599 1943 91 67 in
645 1943 106 67 hac
705 1943 121 67 domo
781 1943 136 67 circa
856 1943 136 67 religio

220 1990 98 68 nem,
281 1990 147 68 dicendum
391 1990 98 68 est:
453 1990 135 68 simiter
551 1990 74 68 de
587 1990 86 68 iis
637 1990 110 68 quide
710 1990 123 68 terris
796 1990 135 68 ablatis
882 1990 110 68 restitu

230 2030 134 67 tionem
323 2030 187 67 negligunt:
470 2030 80 67 vt
511 2030 120 67 inter
591 2030 120 67 reges
671 2030 174 67 plerumque
805 2030 94 67 via
859 2030 120 67 facti
925 2030 54 67 ie

225 2084 133 49 ensem
314 2084 118 49 sine
387 2084 118 49 vero
461 2084 147 49 titulo
564 2084 118 49 fit:
638 2084 103 49 vel
696 2084 133 49 inter
785 2084 221 49 causidicos:
947 2084 44 49 &

228 2120 123 58 alia
304 2120 169 58 hominum
427 2120 169 58 genera.
550 2120 107 58 vna
611 2120 123 58 enim
687 2120 153 58 regula
795 2120 123 58 dari
871 2120 107 58 non
917 2120 77 58 po-

229 2164 123 60 test.
311 2164 123 60 Primi
393 2164 150 60 istorum
503 2164 137 60 habent
598 2164 219 60 certitudinem
763 2164 232 60 sufficientissi-

223 2219 112 49 mam,
293 2219 154 49 dummodo
405 2219 182 49 confidant
544 2219 84 49 in
586 2219 154 49 domino:
698 2219 70 49 &
726 2219 154 49 doleant
837 2219 84 49 de
865 2219 126 49 praeter

231 2252 114 63 itis
302 2252 157 63 habendo
416 2252 200 63 propositum
573 2252 200 63 abstinendi
730 2252 86 63 in
772 2252 185 63 posterum:
901 2252 86 63 quod

223 2296 100 67 non
280 2296 115 67 sint
352 2296 86 67 in
395 2296 172 67 mortali,
524 2296 115 67 sine
596 2296 129 67 fastu
682 2296 115 67 more
753 2296 201 67 Pharisaei:
897 2296 86 67 quin

223 2354 131 49 omnia
311 2354 190 49 ascribunt
457 2354 117 49 deo:
530 2354 73 49 &
559 2354 175 49 reputant
690 2354 88 49 se
734 2354 161 49 stercus
851 2354 73 49 &
866 2354 131 49 cinerem

231 2387 150 62 quantum
340 2387 95 62 est
395 2387 82 62 ex
436 2387 95 62 se.
490 2387 150 62 secundu
600 2387 123 62 illud
681 2387 109 62 Iob.
750 2387 95 62 ix.
804 2387 123 62 Etiam
886 2387 82 62 si
913 2387 82 62 sim-

221 2431 130 66 plex
302 2431 163 66 fuero,
416 2431 114 66 hoc
481 2431 146 66 ipsum
578 2431 211 66 ignorabit
741 2431 146 66 anima
839 2431 130 66 mea.
904 2431 81 66 Ali

232 2476 128 63 omnes
317 2476 171 63 quotquot
445 2476 128 63 sunt:
531 2476 171 63 iudicent
659 2476 85 63 se
701 2476 114 63 esse
772 2476 114 63 sine
844 2476 156 63 mortali
943 2476 57 63 si

222 2521 82 58 ue
263 2521 109 58 vere
332 2521 109 58 siue
400 2521 137 58 false,
496 2521 82 58 ne
537 2521 191 58 contraeant
687 2521 164 58 propriis
797 2521 191 58 conscientiis

224 2563 72 52 &
252 2563 101 52 hoc
310 2563 87 52 si
353 2563 245 52 constituerint
556 2563 231 52 communicare.
743 2563 101 52 Pro
801 2563 159 52 omnibus
902 2563 101 52 autem

233 2612 115 59 haec
305 2612 144 59 regula
406 2612 173 59 ponitur:
535 2612 188 59 consultet
680 2612 115 59 homo
752 2612 87 59 de
795 2612 101 59 suo
853 2612 130 59 statu
925 2612 72 59 vi-

232 2654 151 61 uendi:
337 2654 75 61 &
367 2654 120 61 post
443 2654 196 61 indaginem
593 2654 211 61 peccatorum
759 2654 75 61 &
774 2654 226 61 detestationem

236 2693 156 63 eorundem
353 2693 117 63 (quam
431 2693 207 63 sufficientem
599 2693 143 63 credit)
703 2693 169 63 assentiat
832 2693 104 63 quod
897 2693 91 63 non
936 2693 52 63 si

234 2743 161 50 amplius
351 2743 88 50 in
395 2743 161 50 mortali
512 2743 176 50 peccato:
644 2743 176 50 reliquam
776 2743 146 50 partem
878 2743 102 50 deo
922 2743 73 50 re-

231 2787 217 72 linquens.
431 2787 117 72 Hoc
498 2787 217 72 praemisso
665 2787 100 72 ad
715 2787 167 72 formam
815 2787 183 72 argumenti

1035 383 222 64 respondeo,
1209 383 174 64 negando
1336 383 127 64 quod
1415 383 190 64 quilibet
1558 383 174 64 exponat
1684 383 95 64 se
1716 383 95 64 peri

1033 436 128 57 culo
1113 436 176 57 peccati
1242 436 176 57 sumendo
1370 436 273 57 Eucharistiam.
1594 436 176 57 Aliquis
1707 436 96 57 enim

1042 486 285 51 rationabilissime
1284 486 156 51 iudicat
1397 486 114 51 quod
1469 486 100 51 non
1525 486 100 51 est
1582 486 85 51 in
1625 486 156 51 mortali
1725 486 85 51 pec-

1032 527 134 55 cato.
1122 527 75 55 &
1151 527 134 55 talis
1241 527 104 55 non
1300 527 164 55 exponit
1420 527 89 55 se
1464 527 179 55 periculo
1598 527 179 55 peccati:
1718 527 89 55 plus

1044 570 112 63 quam
1114 570 140 63 Sortes
1212 570 182 63 transiens
1353 570 84 63 in
1395 570 168 63 nauicuia
1521 570 126 63 vltra
1605 570 168 63 Sequanam
1718 570 98 63 tempo

1038 614 90 52 re
1083 614 224 52 tranquillo.
1262 614 165 52 Aliquis
1382 614 135 52 autem
1472 614 105 52 cum
1532 614 150 52 maiore
1621 614 180 52 discrimine

1045 656 132 59 censet
1137 656 79 59 se
1176 656 92 59 non
1229 656 105 59 esse
1295 656 79 59 in
1334 656 158 59 mortali:
1453 656 92 59 sed
1505 656 92 59 non
1558 656 145 59 peccat:
1663 656 66 59 &
1676 656 132 59 quamquam

1039 702 142 54 maiori
1138 702 199 54 discrimini
1294 702 199 54 exponitur:
1451 702 99 54 non
1508 702 128 54 tamen
1593 702 114 54 tali
1664 702 99 54 quo
1721 702 128 54 ipsum

1048 747 185 55 sufficiat
1190 747 156 55 probare
1304 747 199 55 mortaliter
1460 747 213 55 delinquere.
1630 747 128 55 patet
1716 747 85 55 in
1744 747 57 55 si

1036 791 127 56 mili
1116 791 95 56 de
1163 791 206 56 nauigante
1322 791 111 56 per
1385 791 127 56 mare
1465 791 143 56 inter
1560 791 175 56 Scotiam
1687 791 79 56 &
1703 791 111 56 Depam

1048 841 155 54 tempore
1161 841 198 54 tramquillo
1316 841 71 54 &
1344 841 113 54 pace
1415 841 141 54 habita
1514 841 99 54 cum
1570 841 155 54 omnibus
1669 841 141 54 vicinis.

1046 886 149 50 aliquid
1155 886 108 50 enim
1223 886 95 50 est
1277 886 163 50 periculi
1399 886 122 50 illic
1480 886 108 50 quod
1548 886 176 50 ratissime
1683 886 122 50 solet
1751 886 68 50 eue

1048 924 122 53 nire.
1130 924 95 53 est
1184 924 122 53 tamen
1265 924 122 53 maius
1346 924 108 53 quam
1413 924 149 53 primum.
1522 924 135 53 Tertii
1616 924 108 53 sunt
1684 924 122 53 adhuc
1765 924 81 53 in

1043 968 135 56 maiore
1137 968 175 56 periculo,
1271 968 67 56 &
1298 968 121 56 tamen
1379 968 94 56 non
1433 968 148 56 oportet
1541 968 108 56 quod
1608 968 189 56 mortaliter
1743 968 67 56 pec

1053 1010 123 55 cent:
1135 1010 109 55 quia
1204 1010 123 55 adhuc
1286 1010 96 55 non
1340 1010 96 55 est
1395 1010 178 55 periculum
1532 1010 191 55 sufficiens
1682 1010 82 55 ad
1710 1010 109 55 peccum

1057 1055 105 54 dum
1117 1055 210 54 mortaliter
1282 1055 165 54 ratione
1402 1055 240 54 expositionis
1597 1055 90 54 in
1627 1055 180 54 periculum.

1060 1107 152 50 Quarti
1166 1107 122 50 sunt
1243 1107 213 50 iudicantes
1410 1107 91 50 se
1456 1107 122 50 esse
1532 1107 122 50 sine
1609 1107 168 50 peccato
1715 1107 107 50 morta

1049 1148 91 53 li:
1101 1148 91 53 qui
1153 1148 78 53 in
1192 1148 156 53 generali
1309 1148 195 53 detestantur
1465 1148 117 53 omnia
1543 1148 143 53 peccata
1647 1148 104 53 sua:
1712 1148 65 53 &
1725 1148 91 53 propo

1048 1187 113 54 nunt
1118 1187 141 54 cauere
1217 1187 85 54 in
1259 1187 183 54 posterum:
1400 1187 99 54 sed
1457 1187 113 54 quia
1527 1187 85 54 ex
1569 1187 197 54 ignorantia
1710 1187 113 54 vinci-

1051 1237 121 56 bili
1126 1237 75 56 &
1156 1237 106 56 sua
1217 1237 136 56 culpa
1307 1237 181 56 omittunt
1443 1237 196 56 consulere
1594 1237 196 56 sapientes
1730 1237 90 56 neu-

1052 1278 115 56 tros
1123 1278 86 56 de
1167 1278 187 56 aliquibus
1310 1278 86 56 se
1353 1278 259 56 concenentibus:
1569 1278 86 56 an
1612 1278 115 56 sint
1669 1278 144 56 peccata:

1045 1328 102 51 nec
1104 1328 102 51 ne:
1162 1328 88 51 vt
1206 1328 88 51 de
1250 1328 234 51 relinquendis
1440 1328 204 51 beneficiis
1600 1328 219 51 superfluis:
1761 1328 58 51 de

1055 1363 171 56 seruandis
1186 1363 118 56 votis
1265 1363 158 56 emissis:
1383 1363 79 56 de
1423 1363 197 56 restituendo
1580 1363 145 56 alieno:
1686 1363 105 56 quam
1751 1363 92 56 in-

1055 1410 161 53 uenirent
1176 1410 81 53 se
1216 1410 94 53 non
1270 1410 121 53 posse
1350 1410 134 53 tenere
1445 1410 94 53 cum
1498 1410 134 53 salute
1592 1410 148 53 animae:
1700 1410 108 53 isti
1754 1410 67 53 si-

1049 1454 89 62 ne
1094 1454 119 62 illa
1168 1454 178 62 indagine
1301 1454 163 62 praeuia
1420 1454 119 62 quam
1494 1454 148 62 facere
1598 1454 178 62 tenentur
1716 1454 104 62 Eucha

1058 1503 156 56 ristiam
1171 1503 185 56 sumentes,
1314 1503 156 56 peccant
1427 1503 213 56 mortaliter,
1598 1503 71 56 &
1626 1503 170 56 periculo
1740 1503 85 56 con-

1047 1548 189 52 mittendi
1189 1548 173 52 peccati
1315 1548 95 52 se
1362 1548 189 52 exponunt
1504 1548 95 52 ex
1551 1548 110 52 sua
1614 1548 158 52 culpa:
1709 1548 110 52 sicut

1061 1589 94 61 de
1108 1589 203 61 nauigante
1264 1589 94 61 in
1311 1589 218 61 periculoso
1482 1589 125 61 mari
1560 1589 94 61 in
1607 1589 187 61 tenebris
1732 1589 94 61 sine

1056 1637 159 61 perito
1168 1637 191 61 nauarcho
1295 1637 191 61 contingit.

1094 1682 207 84 Octauo
1239 1682 269 84 arguitur.
1446 1682 228 84 ponendo
1612 1682 166 84 quod
1695 1682 124 84 pres

1052 1751 133 63 byter
1141 1751 103 63 sit
1200 1751 192 63 celebrans
1348 1751 162 63 missam,
1466 1751 74 63 &
1495 1751 133 63 inter
1584 1751 221 63 celebrandum
1746 1751 74 63 oc-

1062 1803 156 56 currat
1171 1803 93 56 ei
1218 1803 171 56 memoria
1343 1803 171 56 peccati
1467 1803 187 56 mortalis
1607 1803 78 56 a
1638 1803 93 56 se
1669 1803 156 56 perpetra

1054 1841 80 67 ti
1094 1841 67 67 &
1120 1841 133 67 nondum
1214 1841 173 67 confessi:
1347 1841 107 67 ille
1414 1841 173 67 celebrans
1547 1841 213 67 consequenter
1720 1841 80 67 no
1747 1841 80 67 pec-

1053 1892 102 54 cat
1112 1892 190 54 vlterius:
1258 1892 175 54 quicquid
1390 1892 102 54 sit
1448 1892 88 54 de
1492 1892 161 54 initio:
1609 1892 88 54 de
1653 1892 102 54 quo
1711 1892 88 54 ad
1740 1892 88 54 argu

1061 1945 133 46 mentum
1154 1945 119 46 nihil
1233 1945 146 46 refert.
1339 1945 66 46 &
1366 1945 119 46 tamen
1445 1945 93 46 est
1498 1945 80 46 in
1538 1945 146 46 peccato
1644 1945 159 46 mortali.
1750 1945 66 46 igi

1051 1985 106 49 tur
1111 1985 196 49 conclusio
1262 1985 151 49 falsa.
1368 1985 106 49 Sed
1428 1985 136 49 forte
1518 1985 136 49 dicis
1609 1985 75 49 &
1639 1985 136 49 bene.
1714 1985 106 49 debet

1066 2026 177 50 detestari
1202 2026 163 50 peccatum
1325 2026 190 50 occurrens:
1474 2026 177 50 proponens
1610 2026 122 50 ipsum
1678 2026 150 50 confiteri

1052 2063 102 64 pro
1111 2063 117 64 loco
1184 2063 73 64 &
1213 2063 175 64 tempore.
1344 2063 102 64 Sed
1402 2063 160 64 contra.
1519 2063 160 64 ponatur
1636 2063 87 64 ei
1679 2063 87 64 in
1708 2063 117 64 mentem

1055 2117 180 52 occurrere
1193 2117 111 52 quod
1262 2117 97 52 non
1318 2117 124 52 dixit
1401 2117 193 52 matutinas,
1553 2117 97 52 vel
1608 2117 111 52 quod
1677 2117 97 52 est
1718 2117 111 52 excom-

1053 2158 215 56 municatus,
1221 2158 245 56 interdictus,
1421 2158 215 56 suspensus,
1589 2158 107 56 vel
1635 2158 184 56 huiusmodi.

1090 2198 223 62 Respondetur.
1271 2198 111 62 ille
1341 2198 125 62 debet
1424 2198 223 62 consequenter
1605 2198 195 62 celebrare:
1744 2198 84 62 quia

1063 2252 98 49 non
1119 2252 182 49 celebrare
1259 2252 98 49 est
1315 2252 196 49 prohibitum
1470 2252 126 49 solum
1554 2252 112 49 iure
1624 2252 154 49 humano:
1722 2252 112 49 relin-

1058 2286 132 51 quere
1146 2286 117 51 vero
1219 2286 249 51 celebrationem
1424 2286 102 51 est
1483 2286 190 51 scandalum
1629 2286 205 51 insolitum,
1775 2286 44 51 &

1062 2327 89 60 de
1107 2327 119 60 iure
1181 2327 149 60 diuino
1286 2327 209 60 fugiendum.
1450 2327 134 60 Debet
1539 2327 119 60 ergo
1613 2327 89 60 ab
1658 2327 119 60 illo
1718 2327 104 60 caue-

1062 2374 98 55 re:
1118 2374 182 55 iudicando
1258 2374 196 55 praeceptum
1412 2374 154 55 humanum
1525 2374 84 55 in
1567 2374 112 55 illo
1637 2374 112 55 casu
1707 2374 98 55 non
1749 2374 70 55 obl

1060 2418 124 59 gare,
1143 2418 97 59 nec
1198 2418 124 59 debet
1281 2418 152 59 fingere
1392 2418 83 59 se
1433 2418 180 59 aegrotum.
1571 2418 83 59 Ex
1613 2418 111 59 isto
1682 2418 124 59 autem
1751 2418 69 59 non

1069 2468 127 50 habes
1154 2468 113 50 quod
1225 2468 170 50 existens
1352 2468 85 50 in
1394 2468 156 50 mortali
1508 2468 156 50 peccato
1621 2468 99 50 non
1677 2468 142 50 peccat
1762 2468 57 50 co

1054 2513 184 64 lebrando:
1196 2513 113 64 quia
1266 2513 99 64 cum
1323 2513 170 64 peccatum
1451 2513 198 64 detestatur
1606 2513 99 64 non
1663 2513 99 64 est
1720 2513 85 64 in
1748 2513 71 64 pec

1056 2552 126 56 cato:
1140 2552 98 56 nec
1196 2552 196 56 requiritur
1350 2552 112 56 quod
1420 2552 210 56 confiteatur
1587 2552 84 56 in
1629 2552 126 56 medio
1699 2552 126 56 missae:

1060 2593 116 58 quia
1133 2593 189 58 contingit
1279 2593 87 58 in
1322 2593 116 58 casu
1395 2593 160 58 ratione
1512 2593 175 58 scandali
1643 2593 175 58 euitandi
1759 2593 73 58 ce-

1055 2640 162 59 lebrare
1173 2640 147 59 missam
1276 2640 118 59 sine
1350 2640 221 59 confessione
1527 2640 74 59 a
1557 2640 192 59 principio
1689 2640 133 59 missae.

1052 2695 129 49 ergo
1133 2695 146 49 multo
1230 2695 146 49 magis
1327 2695 226 49 continuare
1505 2695 291 49 celebrationem.
1763 2695 65 49 Ha

1054 2728 163 64 ctenus
1168 2728 179 64 quomodo
1298 2728 195 64 quilibet
1445 2728 114 64 hoc
1510 2728 244 64 sacramentum
1689 2728 130 64 sumen-

1058 2771 107 66 vel
1119 2771 213 66 mortaliter
1286 2771 152 66 peccat
1393 2771 122 66 nouo
1469 2771 183 66 peccato,
1606 2771 107 66 vel
1667 2771 183 66 meretur:
1788 2771 46 66 &
