2286 3312
379 272 85 72 ⁋
413 272 170 72 Quinta
532 272 238 72 conclusio.
719 272 153 72 nullo
821 272 136 72 modo
906 272 153 72 danda
1008 272 119 72 est
1059 272 85 72 Eu-

381 340 203 48 charistia
538 340 125 48 noto
616 340 203 48 existenti
772 340 94 48 in
819 340 172 48 mortali
943 340 109 48 vbi
1006 340 141 48 habet
1084 340 78 48 sa-

379 373 170 56 cerdos
498 373 187 56 licitam
634 373 272 56 excusationem
854 373 119 56 non
922 373 170 56 dandi.
1024 373 136 56 patet.

384 424 182 50 alioquin
520 424 136 50 esset
611 424 197 50 cooperari
762 424 167 50 peccato
883 424 197 50 alterius.
1035 424 76 50 &
1050 424 106 50 patet

375 462 103 65 ex
426 462 188 65 secunda
546 462 239 65 conclusione.

371 513 96 95 ⁋
409 513 192 95 Contra
543 513 230 95 secundam
716 513 306 95 conclusionem
945 513 211 95 arguitur.

377 597 127 55 lpse
457 597 159 55 peccat
568 597 175 55 sumendo
695 597 270 55 Eucharistiam:
918 597 79 55 &
949 597 159 55 melius
1045 597 111 55 esset

388 637 91 56 ei
433 637 106 56 non
494 637 152 56 sumere
601 637 258 56 Eucharistiam:
813 637 122 56 ergo
889 637 106 56 non
950 637 137 56 debeo
1041 637 91 56 ei
1072 637 91 56 dare

378 683 254 53 Eucharistiam,
587 683 120 53 quia
662 683 90 53 ei
707 683 135 53 dando
797 683 75 53 /
827 683 105 53 suo
887 683 165 53 peccato
991 683 165 53 cooperor.

375 725 118 55 ltem
449 725 148 55 melius
553 725 104 55 est
612 725 118 55 quod
686 725 251 55 scandalizetur
893 725 118 55 quam
967 725 133 55 sumat
1041 725 118 55 Eucha-

384 773 177 56 ristiam:
517 773 118 56 ergo
591 773 133 56 debeo
679 773 88 56 ei
723 773 221 56 succurrere.
900 773 74 56 ⁋
930 773 221 56 Respondetur
1092 773 59 56 ad

394 815 130 55 primum
485 815 65 55 /
511 815 182 55 concedendo
653 815 194 55 antecedens,
809 815 104 55 quod
874 815 130 55 melius
965 815 117 55 esset
1042 815 91 55 ei:
1094 815 91 55 sed

377 860 229 49 consequentia
563 860 100 49 est
620 860 143 49 nulla:
721 860 115 49 quia
793 860 129 49 debeo
879 860 186 49 respicere
1022 860 86 49 ad
1051 860 100 49 illud

375 904 121 50 quod
451 904 106 50 est
511 904 121 50 mihi
587 904 167 50 melius.
708 904 106 50 ego
769 904 121 50 enim
845 904 152 50 teneor
951 904 121 50 dare
1027 904 91 50 ei
1057 904 106 50 Eucha

376 954 175 46 ristiam.
508 954 73 46 &
537 954 117 46 nemo
610 954 146 46 peccat
713 954 175 46 implendo
844 954 219 46 praeceptum,
1005 954 146 46 exponen-

375 991 90 52 do
420 991 105 52 per
480 991 135 52 quia.
570 991 90 52 si
615 991 120 52 vero
690 991 105 52 non
750 991 135 52 darem
839 991 105 52 ei,
899 991 195 52 peccarem.
1049 991 75 52 &
1064 991 90 52 nego

375 1043 118 55 quod
449 1043 118 55 eius
522 1043 162 55 peccato
640 1043 191 55 cooperor:
787 1043 103 55 cum
845 1043 264 55 rationabiliter
1066 1043 88 55 ei
1095 1043 59 55 Eu

385 1084 180 48 charistia
524 1084 180 48 praebeam:
663 1084 69 48 &
690 1084 180 48 displicet
829 1084 111 48 mihi
898 1084 111 48 quod
968 1084 111 48 ipse
1023 1084 139 48 Euchari-

382 1127 124 47 stiam
465 1127 138 47 petat,
561 1127 69 47 &
589 1127 151 47 peccet.
699 1127 83 47 Si
740 1127 124 47 tamen
823 1127 96 47 eum
878 1127 151 47 vocarem
988 1127 83 47 ad
1015 1127 138 47 Euchari-

380 1175 132 52 stiam:
472 1175 132 52 multum
564 1175 158 52 peccarem
682 1175 66 52 /
709 1175 184 52 instigando
853 1175 92 52 eum
906 1175 79 52 ad
946 1175 92 52 hoc
998 1175 105 52 quod
1064 1175 92 52 est
1103 1175 53 52 ei

386 1213 175 59 peccatum.
520 1213 94 59 sed
574 1213 189 59 praemonere
723 1213 81 59 eu
763 1213 121 59 licet
844 1213 67 59 /
871 1213 108 59 auri
938 1213 108 59 eius
992 1213 162 59 insusurran

375 1261 108 55 do.
436 1261 154 55 frater
544 1261 123 55 noli
621 1261 246 55 Eucharistiam
821 1261 154 55 sumere
929 1261 92 55 si
960 1261 200 55 poenitudine

388 1305 100 55 non
445 1305 157 55 ducaris
559 1305 86 55 de
602 1305 114 55 odio
673 1305 86 55 in
716 1305 157 55 fratrem
830 1305 129 55 tuum.
916 1305 100 55 vel
973 1305 129 55 dicam
1059 1305 86 55 in
1088 1305 71 55 pu-

383 1347 159 47 blico.
494 1347 159 47 Caueat
606 1347 191 47 quilibet
749 1347 191 47 accedere
892 1347 95 47 ad
939 1347 159 47 sancta
1035 1347 127 47 sancto

381 1391 104 52 rum
440 1391 89 52 in
485 1391 163 52 mortali
603 1391 133 52 noxa:
692 1391 89 52 ne
736 1391 177 52 iudicium
869 1391 118 52 sibi
943 1391 177 52 manducet
1076 1391 74 52 &
1091 1391 74 52 bi-

378 1435 123 57 bat.
455 1435 139 57 sicut
547 1435 185 57 Christus
686 1435 92 57 in
732 1435 169 57 publico
855 1435 154 57 dixit:
963 1435 123 57 vnus
1024 1435 139 57 vestrum

382 1484 85 53 me
424 1484 199 53 traditurus
581 1484 114 53 est.
652 1484 114 53 vaeh
723 1484 128 53 autem
808 1484 142 53 homini
907 1484 114 53 illi
978 1484 99 53 per
1035 1484 114 53 quem
1092 1484 71 53 fi-

388 1525 118 57 lius
462 1525 163 57 hominis
580 1525 192 57 tradetur.
728 1525 74 57 ⁋
758 1525 89 57 Ad
802 1525 192 57 secundum.
950 1525 177 57 transeat
1068 1525 89 57 quod

386 1571 93 53 est
439 1571 79 53 ei
478 1571 146 53 melius:
584 1571 93 53 non
637 1571 119 53 tamen
716 1571 119 53 mihi.
796 1571 106 53 modo
862 1571 159 53 secundum
981 1571 146 53 ordinem
1074 1571 79 53 chas

382 1616 161 56 ritatis
500 1616 117 56 plus
573 1616 132 56 habeo
661 1616 88 56 me
705 1616 191 56 protegere
852 1616 73 56 a
881 1616 161 56 peccato
999 1616 117 56 quam
1057 1616 103 56 alium

393 1657 143 56 Etiam
488 1657 143 56 alter
583 1657 190 56 grauiter
726 1657 158 56 peccat
837 1657 174 56 volendo
963 1657 174 56 sumere:
1074 1657 95 56 quia

388 1708 154 46 omnino
495 1708 184 46 decreuit
633 1708 169 46 sumere.
756 1708 77 46 ⁋
787 1708 154 46 Tertio
895 1708 200 46 arguitur,
1048 1708 108 46 non
1094 1708 77 46 de-

384 1747 102 54 beo
443 1747 132 54 aliis
531 1747 146 54 facere
633 1747 117 54 quod
706 1747 146 54 nollem
809 1747 117 54 mihi
882 1747 146 54 fieri:
984 1747 102 54 sed
1043 1747 102 54 ego
1087 1747 73 54 sa-

382 1792 144 56 cerdos
482 1792 86 56 si
526 1792 130 56 essem
612 1792 86 56 in
655 1792 130 56 statu
742 1792 144 56 istius
842 1792 187 56 petentis,
986 1792 101 56 non
1029 1792 130 56 deberen

392 1834 131 50 velle
480 1834 117 50 quod
553 1834 175 50 sacerdos
684 1834 131 50 daret
772 1834 117 50 mihi
845 1834 248 50 Eucharistiam.
1035 1834 131 50 igitur.

394 1880 70 49 ⁋
422 1880 140 49 Quarto
520 1880 168 49 arguitur
645 1880 98 49 per
701 1880 126 49 illud
785 1880 112 49 quod
855 1880 182 49 scribitur
994 1880 140 49 Matth.
1078 1880 84 49 vii.

395 1924 155 54 Nolite
504 1924 202 54 proiicere
659 1924 217 54 margaritas
830 1924 124 54 ante
908 1924 171 54 porcos.
1032 1924 109 54 sed
1079 1924 93 54 ille

384 1976 178 53 peccator
518 1976 104 53 est
577 1976 134 53 porco
666 1976 163 53 perior,
785 1976 104 53 qui
844 1976 134 53 nuqui
933 1976 163 53 peccat.
1037 1976 119 53 igitur

386 2017 82 48 ⁋
418 2017 165 48 Quinto
534 2017 214 48 arguitur.
699 2017 181 48 medicus
830 2017 231 48 corporalis
1012 2017 132 48 vinu
1078 2017 82 48 non

382 2051 172 62 dilutum
508 2051 125 62 aqua
586 2051 204 62 concedens
743 2051 251 62 febricitanti
947 2051 157 62 calida
1041 2051 125 62 febre,

390 2104 157 55 peccat,
504 2104 129 55 licet
590 2104 129 55 alter
676 2104 143 55 petat:
776 2104 72 55 &
804 2104 129 55 causa
890 2104 114 55 est,
962 2104 114 55 quia
1033 2104 129 55 nocet
1105 2104 57 55 pa

400 2146 153 58 tienti:
511 2146 97 58 sed
567 2146 166 58 corporis
691 2146 153 58 Curisti
802 2146 125 58 datio
886 2146 125 58 nocet
969 2146 208 58 accipienti:
1121 2146 42 58 &

394 2190 130 58 licet
480 2190 145 58 peccet
582 2190 159 58 volendo
697 2190 159 58 habere:
813 2190 101 58 per
871 2190 174 58 dationem
987 2190 188 58 continuatur

401 2235 123 59 actus
483 2235 123 59 eius,
566 2235 68 59 &
593 2235 82 59 ex
634 2235 123 59 parte
716 2235 96 59 rei
771 2235 164 59 acceptae
894 2235 82 59 ei
935 2235 164 59 nocebit.
1045 2235 123 59 igitur.

391 2280 71 57 ⁋
419 2280 129 57 Sexto
505 2280 186 57 arguitur.
648 2280 157 57 furioso
762 2280 143 57 peteti
862 2280 171 57 proprium
991 2280 171 57 gladium,
1105 2280 57 57 du

385 2329 130 46 rante
471 2329 159 46 tempore
587 2329 159 46 furiae,
703 2329 159 46 gladius
819 2329 101 46 est
877 2329 188 46 negandus:
1021 2329 87 46 ne
1065 2329 101 46 suo
1108 2329 58 46 mu

398 2375 123 50 crone
481 2375 110 50 sibi
549 2375 137 50 iugulu
645 2375 192 50 praecidat:
796 2375 110 50 ergo
864 2375 96 50 sic
919 2375 96 50 est
974 2375 82 50 in
1001 2375 165 50 proposito.

396 2412 74 55 ⁋
426 2412 163 55 Septimo
545 2412 193 55 arguitur.
693 2412 148 55 melius
797 2412 104 55 est
856 2412 119 55 illi
931 2412 163 55 tradere
1034 2412 134 55 hostiam

389 2461 84 53 no
431 2461 225 53 consecratam:
614 2461 112 53 quia
684 2461 84 53 ex
726 2461 126 53 parte
810 2461 98 53 rei
866 2461 168 53 operatae
993 2461 112 53 illa
1063 2461 84 53 ei
1105 2461 98 53 non

386 2506 189 50 nocebit.
528 2506 79 50 ⁋
560 2506 158 50 Octauo
670 2506 205 50 arguitur.
828 2506 126 50 ille
907 2506 189 50 peccator
1033 2506 142 50 tenetur

397 2550 103 45 non
456 2550 147 45 petere
559 2550 249 45 Eucharistiam:
764 2550 117 45 ergo
838 2550 103 45 ego
896 2550 147 45 teneor
999 2550 88 45 ei
1043 2550 103 45 non
1087 2550 88 45 dare

382 2589 137 50 illam.
478 2589 69 50 ⁋
506 2589 82 50 Ad
547 2589 151 50 tertium
657 2589 151 50 dicitur
766 2589 110 50 quod
835 2589 123 50 sermo
917 2589 96 50 est
972 2589 123 50 illic
1055 2589 82 50 de
1082 2589 96 50 velle

400 2635 139 48 recto
492 2635 77 48 &
523 2635 170 48 licito:
647 2635 139 48 quare
739 2635 170 48 concedo
863 2635 170 48 maiorem
987 2635 201 48 absolute,
1126 2635 46 48 &

399 2682 166 68 concedo
520 2682 151 68 minore
626 2682 197 68 absolute,
777 2682 106 68 non
837 2682 121 68 enim
913 2682 166 68 deberem
1034 2682 136 68 velle
1110 2682 60 68 si

1218 278 141 59 essem
1313 278 204 59 subditus,
1470 278 126 59 quod
1548 278 173 59 curatus
1674 278 141 59 daret
1768 278 126 59 mihi
1831 278 157 59 Euchari-

1216 329 147 52 stiam:
1319 329 103 52 nec
1378 329 132 52 debeo
1466 329 220 52 simpliciter
1642 329 147 52 petere
1744 329 147 52 stante
1847 329 117 52 casu
1906 329 73 52 pec

1225 373 128 55 cati:
1310 373 99 55 sed
1367 373 99 55 cum
1423 373 156 55 curatus
1537 373 142 55 licite
1636 373 99 55 det
1693 373 241 55 Eucharistiam:
1877 373 114 55 stante

1220 418 207 45 hypothesi
1379 418 159 45 possum
1491 418 143 45 velle
1586 418 127 45 quod
1666 418 127 45 ipse
1745 418 127 45 mihi
1825 418 127 45 det.
1889 418 95 45 Exem

1218 471 117 47 plum
1291 471 87 47 in
1335 471 160 47 simili.
1452 471 117 47 vxor
1525 471 160 47 tenetur
1641 471 160 47 reddere
1758 471 160 47 debitum
1874 471 87 47 in
1904 471 87 47 casu

1218 506 141 53 marito
1317 506 155 53 lasciuo
1430 506 71 53 &
1458 506 169 53 peccanti
1585 506 85 53 in
1627 506 169 53 petendo:
1754 506 71 53 &
1782 506 127 53 tamen
1867 506 85 53 si
1895 506 99 53 mari-

1223 551 99 60 tus
1280 551 128 60 recte
1365 551 156 60 vellet:
1479 551 171 60 absolute
1607 551 213 60 desideraret
1777 551 114 60 quod
1848 551 114 60 vxor
1905 551 71 60 non

1216 596 165 60 redderet
1340 596 165 60 debitum:
1464 596 69 60 &
1492 596 124 60 etiam
1574 596 124 60 nolle
1657 596 124 60 debet
1739 596 110 60 quod
1808 596 110 60 ipse
1863 596 124 60 debitum

1234 642 149 47 betat:
1338 642 104 47 sed
1398 642 149 47 stante
1502 642 104 47 sua
1562 642 194 47 importuna
1711 642 194 47 petitione
1860 642 119 47 vult
1920 642 75 47 mu-

1212 686 149 50 lierem
1316 686 164 50 reddere
1436 686 164 50 debitum
1555 686 164 50 licite.
1674 686 75 50 ⁋
1704 686 89 50 Ad
1749 686 164 50 quartum
1853 686 134 50 dicitur

1225 729 109 56 quod
1294 729 109 56 illa
1362 729 191 56 auctoritas
1512 729 96 56 sic
1567 729 232 56 intelligitur.
1759 729 137 56 Nolite
1841 729 150 56 proiicere

1214 775 173 59 quantum
1340 775 110 59 est
1403 775 95 59 ex
1451 775 142 59 parte
1545 775 158 59 vestra
1656 775 221 59 margaritas
1829 775 126 59 ante
1892 775 95 59 por-

1219 820 112 53 cos.
1289 820 84 53 Et
1331 820 98 53 sic
1387 820 98 53 est
1444 820 84 53 in
1486 820 197 53 proposito.
1640 820 126 53 Alter
1724 820 112 53 enim
1794 820 126 53 rapit
1865 820 126 53 margari

1216 861 116 55 tas,
1289 861 102 55 cum
1347 861 116 55 iste
1420 861 102 55 non
1478 861 145 55 possit
1579 861 87 55 ei
1623 861 189 55 importune
1768 861 160 55 petenti
1869 861 131 55 Euchari

1216 906 122 49 stiam
1298 906 149 49 negare.
1407 906 82 49 Et
1447 906 122 49 licet
1529 906 190 49 volitionem
1678 906 122 49 dandi
1760 906 149 49 habeat:
1869 906 109 49 illa
1923 906 68 49 est

1215 952 167 48 extorta
1336 952 76 48 &
1367 952 106 48 non
1428 952 122 48 pure
1504 952 213 48 spontanea.
1671 952 76 48 ⁋
1701 952 91 48 Ad
1747 952 167 48 quintum
1853 952 137 48 dicitur

1223 990 106 66 quod
1289 990 93 66 non
1342 990 93 66 est
1395 990 145 66 simile:
1500 990 106 66 quia
1567 990 106 66 vnus
1633 990 185 66 obligatur:
1778 990 93 66 non
1831 990 119 66 autem
1897 990 106 66 alter:

1220 1040 127 54 immo
1300 1040 175 54 medicus
1427 1040 223 54 corporalis
1602 1040 207 54 obligatur
1761 1040 111 54 non
1825 1040 127 54 dare
1889 1040 111 54 noci-

1219 1089 97 46 uum
1275 1089 167 46 cognitum
1400 1089 111 46 tale
1470 1089 181 46 patienti.
1609 1089 139 46 potest
1706 1089 125 46 etiam
1790 1089 153 46 reddere
1888 1089 97 46 ratio

1221 1132 107 54 nem
1282 1132 137 54 quare
1373 1132 167 54 noceret
1495 1132 183 54 patienti
1632 1132 137 54 talis
1723 1132 198 54 medicina:
1875 1132 122 54 quod
1936 1132 61 54 fa

1228 1172 122 56 cere
1304 1172 106 56 non
1365 1172 152 56 potest
1471 1172 182 56 curatus.
1608 1172 76 56 ⁋
1638 1172 91 56 Ad
1684 1172 152 56 sextum
1790 1172 167 56 dicitur
1897 1172 91 56 quod

1216 1219 104 47 ius
1275 1219 148 47 nature
1379 1219 251 47 interpretatur
1586 1219 163 47 gladium
1704 1219 89 47 in
1749 1219 118 47 illo
1823 1219 148 47 euentu
1926 1219 104 47 non

1227 1260 254 62 restituendum.
1436 1260 194 62 oppositum
1586 1260 105 62 est
1646 1260 120 62 hic.
1721 1260 75 62 ⁋
1751 1260 90 62 Ad
1796 1260 180 62 septimum
1915 1260 75 62 ne-

1223 1303 94 61 go
1270 1303 235 61 antecedens,
1458 1303 110 61 non
1521 1303 125 61 enim
1599 1303 110 61 est
1662 1303 125 61 mihi
1740 1303 141 61 bonum
1834 1303 110 61 sed
1881 1303 125 61 pecca-

1235 1351 116 51 tum:
1307 1351 116 51 quod
1379 1351 101 51 non
1437 1351 101 51 est
1495 1351 202 51 faciendum.
1653 1351 130 51 patet
1740 1351 101 51 in.
1798 1351 87 51 c.
1841 1351 87 51 de
1870 1351 130 51 homine.

1220 1392 94 60 de
1267 1392 187 60 celebra.
1408 1392 156 60 missa.
1517 1392 109 60 vbi
1579 1392 140 60 casus
1673 1392 218 60 vertebatur
1844 1392 94 60 de
1875 1392 125 60 quodam

1231 1442 192 50 peccatore
1379 1442 163 50 nolente
1497 1442 207 50 celebrare:
1660 1442 103 50 qui
1719 1442 133 50 tamen
1808 1442 148 50 finxit
1911 1442 89 50 se
1941 1442 59 50 ce

1224 1485 178 55 lebrare,
1358 1485 267 55 praetermittens
1580 1485 134 55 verba
1669 1485 267 55 consecrationis
1892 1485 89 55 vt
1922 1485 74 55 po-

1226 1535 126 49 pulo
1305 1535 268 49 satisfaceret.
1526 1535 142 49 Forte
1621 1535 221 49 occurrebat
1794 1535 142 49 casus
1889 1535 95 49 in
1920 1535 79 49 quo

1231 1573 86 44 ex
1274 1573 158 44 officio
1389 1573 187 44 celebrare
1533 1573 187 44 tenebatur
1677 1573 101 44 vel
1735 1573 158 44 ratione
1836 1573 158 44 scandali:

1225 1617 75 56 &
1255 1617 134 56 forte
1344 1617 89 56 ex
1389 1617 194 56 stultitia
1538 1617 104 56 sua
1598 1617 194 56 reputabat
1747 1617 89 56 se
1791 1617 149 56 semper
1896 1617 89 56 in
1925 1617 75 56 mor

1224 1662 119 47 tali
1298 1662 119 47 ante
1373 1662 238 47 confessionem
1566 1662 178 47 vocalem.
1700 1662 223 47 Innocentius
1863 1662 134 47 tertius

1228 1699 127 56 dicit
1313 1699 127 56 illum
1397 1699 155 56 grauius
1510 1699 198 56 deliquisse
1666 1699 113 56 quam
1737 1699 85 56 si
1779 1699 85 56 in
1821 1699 155 56 mortali
1920 1699 85 56 vere

1226 1747 239 58 consecrasset.
1422 1747 126 58 quare
1507 1747 140 58 dictum
1605 1747 211 58 Altisiodori
1773 1747 98 58 est
1830 1747 154 58 nullum,
1928 1747 70 58 di-

1226 1791 157 56 centis
1336 1791 173 56 hostiam
1462 1791 110 56 non
1525 1791 236 56 consecratam
1714 1791 157 56 dandam
1824 1791 126 56 loco
1887 1791 110 56 verae

1223 1836 271 49 Eucharistiae:
1446 1836 111 49 non
1510 1836 127 49 quia
1589 1836 175 49 populus
1717 1836 255 49 idololatriam
1908 1836 96 49 con-

1226 1882 206 53 mitteret:
1385 1882 95 53 vt
1432 1882 254 53 distinctione
1638 1882 190 53 vndecima
1781 1882 190 53 patebit:
1924 1882 111 53 sed

1229 1929 127 52 quia
1308 1929 190 52 sacerdos
1451 1929 206 52 deciperet
1609 1929 174 52 populum
1736 1929 190 52 priuando
1878 1929 111 52 eum
1926 1929 79 52 sa-

1235 1973 188 48 crificio:
1379 1973 72 48 &
1408 1973 87 48 in
1452 1973 203 48 sacramento
1611 1973 188 48 veritatis
1756 1973 130 48 nihil
1828 1973 174 48 falsitatis

1236 2015 111 49 aut
1300 2015 127 49 doli
1379 2015 159 49 inesse
1490 2015 159 49 debet.
1602 2015 79 49 ⁋
1634 2015 95 49 Ad
1681 2015 175 49 octauum
1808 2015 175 49 concedo
1920 2015 95 49 ante

1224 2058 173 54 cedens:
1350 2058 110 54 sed
1413 2058 252 54 consequentia
1619 2058 110 54 est
1666 2058 126 54 nulla-

1234 2112 100 80 ⁋
1274 2112 199 80 Contra
1413 2112 219 80 tertiam
1573 2112 319 80 conclusionem
1812 2112 199 80 arguitur

1238 2187 113 51 sic.
1308 2187 113 51 lste
1379 2187 99 51 cui
1435 2187 113 51 nego
1506 2187 240 51 Eucharistiam,
1704 2187 85 51 de
1746 2187 85 51 me
1788 2187 141 51 faciet
1873 2187 141 51 quaerimo

1225 2233 113 52 niam
1296 2233 184 52 superiori
1438 2233 113 52 quod
1509 2233 85 52 ei
1551 2233 227 52 Eucharistiam
1735 2233 142 52 negem:
1835 2233 71 52 &
1863 2233 99 52 non
1906 2233 99 52 habeo

1229 2285 270 51 protectionem.
1451 2285 95 51 Si
1499 2285 206 51 concedam,
1657 2285 111 51 ero
1721 2285 190 51 punitus.
1863 2285 95 51 Si
1895 2285 111 51 dicam

1226 2325 182 51 causam:
1359 2325 116 51 sum
1425 2325 199 51 proditor
1575 2325 199 51 secreti.
1724 2325 83 51 ⁋
1757 2325 232 51 Respondebo
1923 2325 83 51 co-

1232 2372 101 44 ram
1289 2372 188 44 episcopo,
1434 2372 188 44 quaerenti
1578 2372 87 44 de
1622 2372 101 44 me.
1680 2372 101 44 vbi
1737 2372 145 44 negaui
1839 2372 116 44 tibi
1896 2372 116 44 Eucha-

1240 2410 179 54 ristiam,
1374 2410 75 54 &
1404 2410 164 54 quando?
1523 2410 209 54 subiungens
1687 2410 89 54 me
1732 2410 164 54 paratum
1836 2410 179 54 ministrare

1230 2458 154 46 corpus
1337 2458 169 46 Curisti
1460 2458 185 46 cuilibet
1599 2458 123 46 mihi
1676 2458 185 46 subdito.
1814 2458 92 46 Et
1860 2458 92 46 si
1891 2458 123 46 redeat

1234 2498 88 53 in
1278 2498 161 53 secreto
1395 2498 73 53 /
1424 2498 132 53 nihil
1512 2498 88 53 ei
1556 2498 132 53 dabo.
1644 2498 88 53 Si
1687 2498 161 53 adducat
1804 2498 132 53 alios
1877 2498 132 53 testes,

1237 2542 120 50 dabo
1312 2542 90 50 ei
1357 2542 254 50 Eucharistiam.
1566 2542 75 50 &
1596 2542 90 50 si
1641 2542 180 50 insistat
1776 2542 194 50 proterue:
1910 2542 105 50 forte

1238 2591 83 55 ex
1280 2591 97 55 meo
1335 2591 125 55 facto
1419 2591 139 55 licito
1516 2591 236 55 deprehendetur
1711 2591 83 55 ab
1753 2591 125 55 aliis
1836 2591 111 55 quod
1892 2591 125 55 ratione

1247 2632 154 58 peccati
1359 2632 98 58 quo
1415 2632 182 58 irretitus
1555 2632 112 58 est,
1625 2632 84 58 ei
1668 2632 224 58 Eucharistiam
1850 2632 140 58 negem:
1948 2632 98 58 sed

1236 2678 125 56 hoc
1308 2678 143 56 mihi
1397 2678 125 56 non
1451 2678 251 56 imputabitur.
