2345 3310
467 273 123 60 mihi
543 273 184 60 constet:
682 273 184 60 quousque
820 273 123 60 suam
896 273 184 60 sordidam
1034 273 138 60 vitam
1111 273 123 60 elima-

465 331 153 47 uerit:
572 331 122 47 quia
648 331 137 47 adhuc
740 331 76 47 a
770 331 137 47 vulgo
862 331 183 47 peccator
999 331 214 47 reputatur:
1152 331 76 47 sed

471 368 105 64 sua
531 368 135 64 foeda
621 368 75 64 &
651 368 165 64 lubrica
771 368 120 64 vita
846 368 195 64 cribrata,
995 368 135 64 danda
1085 368 105 64 est
1145 368 90 64 ei
1175 368 60 64 Eu

462 423 210 48 charistia,
627 423 120 48 quia
702 423 105 48 iam
762 423 105 48 non
822 423 105 48 est
881 423 180 48 notorius
1016 423 195 48 peccator.
1151 423 75 48 Quo

461 460 98 54 fit
517 460 112 54 quod
587 460 112 54 haec
657 460 224 54 consequentia
839 460 98 54 est
895 460 140 54 nulla:
993 460 140 54 Sortes
1091 460 98 54 est
1133 460 98 54 noto-

465 504 123 59 rius
542 504 200 59 peccator:
696 504 123 59 ergo
773 504 154 59 sortes
881 504 108 59 est
942 504 200 59 peccator,
1081 504 154 59 quemadmo

457 557 105 44 dum
517 557 105 44 non
577 557 196 44 sequitur,
728 557 151 44 Sortes
833 557 105 44 est
894 557 166 44 putatus
1014 557 181 44 optimus:
1135 557 90 44 ergo

467 597 116 56 est
534 597 199 56 optimus.
683 597 83 56 â‹
717 597 166 56 Audire
833 597 183 56 insuper
966 597 199 56 possumus
1099 597 133 56 missan

451 646 166 44 notorii
572 646 226 44 fornicarii:
752 646 75 44 &
783 646 181 44 possumus
918 646 166 44 diuinis
1039 646 121 44 eius
1099 646 136 44 interes

452 675 111 68 se,
516 675 143 68 licet
611 675 111 68 eum
674 675 111 68 non
738 675 191 68 debeamus
881 675 206 68 prouocare
1040 675 95 68 ad
1071 675 159 68 celebran

462 731 120 48 dum:
537 731 105 48 non
597 731 135 48 tamen
687 731 135 48 licet
777 731 150 48 audire
883 731 150 48 missam
988 731 165 48 notorii
1093 731 135 48 percusi

457 776 129 45 soris
543 776 172 45 clerici,
671 776 114 45 nisi
743 776 229 45 probabiliter
929 776 86 45 se
972 776 186 45 absolutum
1100 776 129 45 ostende

460 815 113 63 rit.
530 815 99 63 Sed
587 815 85 63 de
629 815 99 63 hoc
685 815 155 63 amplius
798 815 99 63 in.
855 815 141 63 xviii.
953 815 225 63 distinctione
1122 815 113 63 huius.

945 1001 173 86 lrca
1053 1001 173 86 hanc
1140 1001 86 86 de

959 1078 125 59 cimam
1028 1078 208 59 distinctionem

938 1125 291 57 conformiter
1151 1125 78 57 ad

950 1170 175 63 literam
1061 1170 159 63 magistri

955 1213 157 62 quaeram
1069 1213 143 62 septe.
1155 1213 71 62 Pri

938 1265 131 53 mo
1004 1265 131 53 an
1047 1265 175 53 corpus

941 1301 171 62 Curisti
1066 1301 78 62 &
1081 1301 140 62 sanguis

944 1348 188 57 realiter
1085 1348 94 57 in
1116 1348 110 57 Eucha

943 1390 136 60 ristia
1025 1390 191 60 contineantur

951 1433 175 62 Secunda
1079 1433 80 62 &
1095 1433 128 62 tertia

954 1480 175 58 quaestio
1086 1480 131 58 erunt
1159 1480 58 58 de

939 1525 135 57 modo
1023 1525 118 57 quo
1091 1525 118 57 est
1158 1525 101 57 in

915 1566 258 63 DEucharistia
1108 1566 113 63 secun

443 1590 109 80 dum
506 1590 125 80 duas
584 1590 156 80 varias
693 1590 141 80 vias.
787 1590 94 80 Et
834 1590 125 80 quia
912 1590 203 80 aliquibus
1052 1590 172 80 difficile

436 1658 149 57 captu
536 1658 199 57 apparet,
686 1658 183 57 quomodo
818 1658 133 57 idem
901 1658 166 57 corpus
1018 1658 166 57 potest
1117 1658 100 57 simu

441 1700 117 62 esse
514 1700 88 62 in
558 1700 175 62 pluribus
690 1700 146 62 locis:
792 1700 146 62 Quarto
894 1700 161 62 quaeram
1011 1700 88 62 an
1055 1700 117 62 deus
1113 1700 117 62 possit

443 1744 139 47 ponere
541 1744 111 47 idem
610 1744 139 47 corpus
708 1744 265 47 circumscriptiue
931 1744 84 47 in
972 1744 167 47 pluribus
1098 1744 125 47 locis
1167 1744 56 47 to

444 1789 164 62 talibus:
567 1789 96 62 vel
622 1789 150 62 angelum
732 1789 82 62 in
773 1789 164 62 pluribus
896 1789 137 62 locis.
991 1789 82 62 Et
1033 1789 96 62 cum
1087 1789 109 62 fide
1142 1789 82 62 con-

439 1824 119 54 stet
514 1824 149 54 corpus
618 1824 164 54 Christi
737 1824 119 54 esse
812 1824 89 54 in
856 1824 134 54 caelo
946 1824 75 54 &
976 1824 89 54 in
1005 1824 209 54 Eucharistia.

436 1873 193 53 quaeram
577 1873 176 53 quinto
700 1873 105 53 an
753 1873 246 53 conueniant
946 1873 176 53 eaedem
1052 1873 158 53 proprie

438 1916 136 61 tates
528 1916 166 61 corpori
649 1916 166 61 Curisti
769 1916 90 61 in
814 1916 241 61 Eucharistia,
1010 1916 120 61 quae
1085 1916 120 61 eius
1146 1916 75 61 cor

440 1965 133 60 pori
523 1965 100 60 in
573 1965 149 60 caelo
673 1965 249 60 conueniunt.
872 1965 149 60 Sexto
971 1965 100 60 de
1021 1965 133 60 motu
1087 1965 133 60 locali

437 2012 151 57 illius
543 2012 197 57 corporis.
694 2012 166 57 Septimo
815 2012 76 57 &
845 2012 166 57 vltimo,
966 2012 91 57 an
1011 2012 106 57 sit
1057 2012 151 57 essenti-

434 2049 109 62 lis
497 2049 233 62 dependentia
683 2049 140 62 inter
776 2049 140 62 modum
869 2049 171 62 essendi
993 2049 186 62 corporis
1117 2049 93 62 Chri

437 2094 110 64 sti
500 2094 110 64 sub
563 2094 126 64 modo
642 2094 251 64 sacramentali
846 2094 79 64 /
877 2094 79 64 &
909 2094 204 64 naturali.
1066 2094 79 64 â‹
1097 2094 110 64 Pro
1144 2094 79 64 pri

423 2135 104 66 mi
475 2135 259 66 expeditione
682 2135 242 66 quaeritur,
872 2135 104 66 an
924 2135 173 66 corpus
1045 2135 190 66 Curisti
1166 2135 52 66 &

435 2185 123 61 eius
512 2185 170 61 sanguis
635 2185 185 61 realiter
774 2185 93 61 in
820 2185 231 61 Eucharistia
990 2185 216 61 contineantur

429 2228 118 64 Pro
497 2228 220 64 solutione
666 2228 254 64 quaestionis
869 2228 135 64 pono
953 2228 135 64 hanc
1021 2228 186 64 conclusio

437 2276 127 61 nem.
516 2276 158 61 Corpus
627 2276 174 61 Christi
754 2276 190 61 realiter
896 2276 95 61 in
944 2276 238 61 Eucharistia
1118 2276 95 61 con-

429 2318 182 61 tinetur:
565 2318 76 61 &
595 2318 106 61 non
656 2318 136 61 solum
747 2318 212 61 figuratiue
913 2318 136 61 prout
1004 2318 197 61 haeretici
1140 2318 61 61 de

432 2362 170 51 xerunt.
555 2362 186 51 Probatur
695 2362 124 51 haec
772 2362 201 51 conclusio
927 2362 232 51 auctoritate
1097 2362 108 51 irre-

432 2402 221 65 fragabili.
606 2402 142 65 primo
701 2402 237 65 auctoritate
891 2402 142 65 sacri
986 2402 190 65 Canonis.
1112 2402 95 65 Mat-

433 2451 154 53 thaei.
540 2451 139 53 xxvi.
633 2451 216 53 scribitur.
802 2451 169 53 Accepit
926 2451 139 53 panem
1018 2451 77 53 &
1034 2451 169 53 benedixit

437 2493 73 57 &
466 2493 160 57 fregit,
582 2493 174 57 deditque
712 2493 203 57 discipulis
872 2493 116 57 suis
944 2493 73 57 &
973 2493 116 57 ait.
1046 2493 174 57 Accipite
1162 2493 44 57 &

426 2545 216 51 comedite:
593 2545 117 51 hoc
659 2545 117 51 est
726 2545 167 51 corpus
843 2545 150 51 meum.
943 2545 100 51 Et
993 2545 167 51 Lucae.
1092 2545 117 51 xxii.

429 2579 170 68 Accepto
552 2579 124 68 pane
630 2579 170 68 gratias
754 2579 124 68 egit
831 2579 77 68 &
862 2579 155 68 fregit
971 2579 77 68 &
1002 2579 139 68 dedit
1095 2579 108 68 eis
1141 2579 62 68 di

418 2631 157 55 cens,
522 2631 122 55 hoc
592 2631 122 55 est
662 2631 175 55 corpus
784 2631 140 55 meum
871 2631 140 55 quod
959 2631 122 55 pro
1028 2631 157 55 vobis
1116 2631 87 55 dat

418 2667 127 79 hoc
491 2667 182 79 facite
618 2667 109 79 in
672 2667 145 79 meam
763 2667 363 79 commemorationem.
1072 2667 109 79 Et
1108 2667 91 79 lo

1298 297 158 54 annis.
1409 297 110 54 vi.
1472 297 126 54 Nisi
1550 297 284 54 manducaueritis
1787 297 158 54 carnem
1897 297 142 54 filii
1976 297 95 54 homi

1294 348 124 50 nis,
1372 348 78 50 &
1403 348 202 50 biberitis
1559 348 124 50 eius
1637 348 218 50 sanguinem,
1808 348 109 50 non
1870 348 202 50 habebitis
2010 348 62 50 vi

1294 384 123 63 tam
1365 384 106 63 in
1418 384 176 63 vobis.
1541 384 141 63 ldem
1629 384 194 63 habetur
1770 384 141 63 apud
1858 384 194 63 Marcum.
1982 384 88 63 Hoc

1294 423 182 68 denique
1427 423 149 68 habet
1527 423 166 68 Paulus
1643 423 166 68 primae
1759 423 100 68 ad
1809 423 216 68 Corithios
1958 423 116 68 vnde-

1302 476 138 63 cimo.
1393 476 183 63 Fortasse
1531 476 153 63 dicis.
1638 476 122 63 ista
1714 476 138 63 verba
1806 476 199 63 capiuntur
1944 476 122 63 figura

1290 509 117 66 tiue
1363 509 131 66 sicut
1451 509 146 66 illic.
1553 509 102 66 Ego
1611 509 102 66 sum
1670 509 131 66 vitis
1757 509 131 66 vera.
1845 509 117 66 aut.
1918 509 131 66 Petra
2005 509 102 66 au-

1292 556 108 71 tem
1353 556 123 71 erat
1430 556 200 71 Christus.
1585 556 108 71 hoc
1646 556 123 71 est,
1723 556 108 71 sum
1785 556 170 71 similis
1908 556 123 71 viti
1985 556 77 71 &
2001 556 77 71 pe-

1306 602 138 63 trae:
1398 602 77 63 &
1429 602 200 63 propterea
1583 602 138 63 dicor
1675 602 138 63 vitis
1767 602 77 63 &
1798 602 154 63 petra.
1906 602 154 63 Contra
1998 602 77 63 hoc

1291 646 218 58 arguitur,
1459 646 218 58 supposita
1627 646 168 58 regula
1745 646 218 58 Augustini
1913 646 101 58 in
1946 646 118 58 libro

1294 690 172 68 lxxxiii.
1423 690 230 68 quaestionum.
1609 690 215 68 quaestione.
1782 690 129 68 lxix.
1868 690 86 68 In
1911 690 129 68 sacra
1983 690 100 68 scri-

1303 744 137 59 ptura
1394 744 167 59 notanda
1516 744 152 59 solent
1622 744 182 59 (inquit)
1759 744 274 59 circumstantiae
1972 744 106 59 scri-

1292 781 162 54 pturae
1405 781 227 54 illuminare
1583 781 243 54 sententiam.
1778 781 113 54 Cum
1842 781 97 54 ea
1891 781 130 54 quae
1956 781 113 54 circa

1298 829 220 50 scripturam
1471 829 126 50 sunt
1550 829 220 50 praesentem
1723 829 236 50 quaestionem
1896 829 173 50 contingem

1287 865 109 70 tia
1350 865 203 70 diligenti
1506 865 234 70 discussione
1693 865 234 70 tractantur:
1880 865 156 70 quando
1973 865 94 70 Chri

1296 913 123 56 stus
1372 913 184 56 loquitur
1510 913 230 56 figuratiue,
1694 913 107 56 vel
1755 913 92 56 in
1801 913 169 56 propria
1908 913 169 56 significa

1293 956 154 64 tione,
1400 956 154 64 potest
1508 956 169 64 colligi
1631 956 92 64 ex
1677 956 277 64 praecedentibus
1908 956 77 64 &
1924 956 138 64 sequent

1292 1000 125 61 bus.
1371 1000 125 61 Vnde
1449 1000 110 61 cum
1511 1000 188 61 Christus
1652 1000 203 61 dixisset,
1809 1000 110 61 ego
1872 1000 110 61 sum
1934 1000 141 61 vitis
2012 1000 63 61 ve

1288 1052 89 64 ra
1333 1052 74 64 /
1362 1052 207 64 subiunxit,
1525 1052 74 64 &
1554 1052 104 64 vos
1614 1052 192 64 palmites:
1761 1052 133 64 palam
1850 1052 104 64 est
1909 1052 133 64 autem
1983 1052 89 64 quod

1288 1095 186 51 apostoli
1427 1095 108 51 non
1489 1095 139 51 erant
1582 1095 186 51 palmites
1721 1095 139 51 vitis
1814 1095 217 51 naturalis:
1969 1095 93 51 ergo

1284 1129 148 64 solum
1382 1129 231 64 figuratiue
1564 1129 148 64 erant
1663 1129 198 64 palmites
1811 1129 247 64 spiritualem
1993 1129 82 64 vi-

1293 1179 112 56 tam
1357 1179 96 56 ab
1405 1179 96 56 eo
1453 1179 207 56 capientes
1612 1179 80 56 /
1644 1179 144 56 sicut
1740 1179 192 56 palmites
1884 1179 207 56 naturalem
2027 1179 48 56 a

1298 1224 143 59 vite.
1393 1224 111 59 Sed
1457 1224 111 59 vbi
1520 1224 159 59 dixit.
1632 1224 111 59 hoc
1695 1224 111 59 est
1759 1224 159 59 corpus
1870 1224 143 59 meum:
1949 1224 127 59 subium

1284 1269 118 59 xit,
1358 1269 118 59 quod
1432 1269 103 59 pro
1491 1269 133 59 vobis
1579 1269 192 59 tradetur.
1726 1269 88 59 Et
1770 1269 177 59 postquam
1903 1269 147 59 dixit,
1991 1269 74 59 hic

1293 1309 112 65 est
1357 1309 176 65 sanguis
1485 1309 144 65 meus.
1580 1309 176 65 addidit
1708 1309 112 65 Qui
1772 1309 112 65 pro
1836 1309 160 65 multis
1931 1309 144 65 effunde

1282 1361 115 52 tur.
1353 1361 115 52 quod
1425 1361 200 52 figuratiue
1582 1361 186 52 intelligi
1725 1361 100 52 non
1783 1361 157 52 potest.
1897 1361 86 52 Et
1940 1361 115 52 quod
1997 1361 72 52 ita

1286 1404 135 64 reali
1376 1404 105 64 ter
1436 1404 90 64 de
1481 1404 105 64 suo
1541 1404 165 64 corpore
1661 1404 180 64 loquutus
1795 1404 165 64 fuerit:
1900 1404 165 64 colligere

1289 1444 148 66 potes
1387 1444 98 66 ex
1436 1444 213 66 sanctorum
1600 1444 164 66 variis
1715 1444 312 66 expositionibus:
1962 1444 98 66 quas

1287 1489 123 62 late
1363 1489 169 62 recitat
1486 1489 200 62 Gratianus
1640 1489 92 62 de
1686 1489 276 62 consecratione.
1901 1489 169 62 distincti

1289 1539 110 48 one
1352 1539 189 48 secunda.
1494 1539 205 48 Oppositum
1652 1539 142 48 autem
1747 1539 126 48 erat
1825 1539 189 48 haeresis
1952 1539 110 48 Beren

1292 1585 144 50 garii.
1392 1585 86 50 vt
1435 1585 129 50 patet
1522 1585 86 50 de
1565 1585 244 50 consecratione
1766 1585 244 50 distinctione.
1967 1585 101 50 ii.
2010 1585 58 50 c.

1287 1624 108 57 Ego
1348 1624 248 57 Berengarius.
1550 1624 108 57 vbi
1612 1624 108 57 sic
1674 1624 217 57 scribitur.
1844 1624 201 57 Consentio
1984 1624 77 57 au-

1281 1670 109 52 tem
1343 1670 171 52 sanctae
1467 1670 171 52 Romanae
1591 1670 202 52 ecclesiae
1746 1670 78 52 /
1777 1670 78 52 &
1808 1670 233 52 apostolicae
1978 1670 93 52 sedi

1283 1706 84 68 &
1317 1706 118 68 ore
1384 1706 84 68 &
1418 1706 152 68 corde
1519 1706 219 68 profiteor
1687 1706 101 68 de
1738 1706 253 68 sacramentis
1923 1706 135 68 domini

1276 1753 117 63 cae
1343 1753 167 63 mensae
1460 1753 167 63 eandem
1576 1753 150 63 fidem
1677 1753 100 63 me
1727 1753 167 63 tenere
1843 1753 133 63 quam
1910 1753 150 63 dominus

1283 1796 82 69 &
1315 1796 245 69 venerabilis
1511 1796 131 69 papa
1593 1796 196 69 Nicohus,
1740 1796 82 69 &
1772 1796 131 69 haec
1854 1796 163 69 sancta
1952 1796 114 69 syno-

1278 1847 112 52 dus
1342 1847 241 52 auctoritate
1535 1847 225 52 euangelica
1712 1847 80 52 &
1744 1847 225 52 apostolica
1904 1847 161 52 tenendam

1279 1886 200 66 tradidit,
1432 1886 169 66 mihique
1555 1886 200 66 firmauit:
1709 1886 185 66 scilicet
1848 1886 138 66 panem
1940 1886 77 66 &
1955 1886 108 66 vinum

1281 1933 126 53 quae
1360 1933 95 53 in
1407 1933 158 53 altari
1518 1933 205 53 ponuntur,
1675 1933 126 53 post
1754 1933 284 53 consecrationem
1974 1933 79 53 non

1290 1982 145 58 solum
1387 1982 258 58 sacramentum:
1596 1982 113 58 sed
1660 1982 145 58 etiam
1757 1982 145 58 verum
1854 1982 161 58 corpus
1966 1982 81 58 &
1982 1982 81 58 san

1277 2022 153 63 guinem
1384 2022 153 63 domini
1491 2022 153 63 nostri
1598 2022 123 63 lesu
1675 2022 169 63 Christi
1798 2022 123 63 esse
1874 2022 107 63 &c.
1920 2022 138 63 Praeter

1280 2072 86 47 ea
1323 2072 100 47 hoc
1380 2072 129 47 patet
1466 2072 100 47 per
1523 2072 186 47 concilium
1666 2072 215 47 Lateranense
1838 2072 100 47 sub
1881 2072 172 47 Innocentio

1280 2109 140 57 tertio
1378 2109 210 57 celebratum:
1546 2109 126 57 prout
1630 2109 182 57 recitatur
1770 2109 84 57 de
1812 2109 126 57 summa
1896 2109 182 57 trinirate
2022 2109 42 57 &

1281 2151 120 61 fide
1356 2151 209 61 catholica.
1520 2151 120 61 cap.
1595 2151 194 61 Firmiter.
1744 2151 105 61 vbi
1804 2151 179 61 dicitur.
1938 2151 105 61 Vna
1983 2151 75 61 est

1280 2197 116 55 vero
1352 2197 174 55 fidelium
1483 2197 218 55 vniuersalis
1657 2197 174 55 ecclesia
1787 2197 131 55 extra
1874 2197 116 55 quam
1932 2197 116 55 nullus

1288 2243 146 56 omnino
1390 2243 189 56 saluatur:
1536 2243 87 56 in
1580 2243 102 56 qua
1638 2243 131 56 indem
1725 2243 116 56 ipse
1798 2243 175 56 sacerdos
1929 2243 102 56 est
1987 2243 73 56 &
2002 2243 58 56 sa

1278 2292 194 55 crificium
1427 2292 134 55 lesus
1517 2292 194 55 Christus,
1667 2292 134 55 cuius
1756 2292 149 55 corpus
1861 2292 75 55 &
1891 2292 164 55 sanguis
1995 2292 60 55 in

1274 2326 218 64 sacramento
1446 2326 172 64 altaris
1571 2326 109 64 sub
1633 2326 203 64 speciebus
1789 2326 140 64 panis
1883 2326 78 64 &
1914 2326 125 64 vini
1977 2326 62 64 vi

1271 2379 173 61 raciter
1397 2379 236 61 continetur.
1586 2379 126 61 modo
1664 2379 204 61 concilium
1821 2379 94 61 in
1868 2379 126 61 fide
1947 2379 79 61 &
1963 2379 94 61 mori

1275 2418 110 57 bus
1338 2418 157 57 errare
1448 2418 110 57 non
1511 2418 173 57 potest:
1637 2418 110 57 cum
1699 2418 141 57 eodem
1794 2418 173 57 spiritu
1904 2418 141 57 regatui

1274 2463 68 72 &
1302 2463 189 72 scripturam
1450 2463 149 72 exponat
1558 2463 95 72 quo
1612 2463 162 72 reuelata
1734 2463 108 72 est.
1802 2463 162 72 Vlterius
1923 2463 95 72 num
1964 2463 81 72 quam

1275 2511 157 57 patres
1385 2511 126 57 sola
1464 2511 188 57 credenda
1605 2511 173 57 tradere
1730 2511 188 57 volentes
1871 2511 126 57 hanc
1934 2511 110 57 parte

1279 2562 266 49 conclusissent,
1501 2562 118 49 nisi
1575 2562 104 49 eam
1634 2562 89 49 in
1679 2562 133 49 serie
1768 2562 133 49 sacri
1857 2562 163 49 canonis
1960 2562 89 49 san-

1276 2598 105 58 cto
1336 2598 166 58 spiritu
1457 2598 226 58 illuminante
1637 2598 120 58 squi
1713 2598 181 58 concilio
1848 2598 181 58 praeest)
1969 2598 75 58 ha-

1268 2642 182 51 buissent.
1408 2642 154 51 Quoniam
1520 2642 126 51 autem
1604 2642 112 51 haec
1673 2642 154 51 veritas
1785 2642 98 51 est
1841 2642 196 51 difficilis
1981 2642 70 51 in-

1272 2689 193 63 tellectu,
1421 2689 89 63 vt
1465 2689 208 63 quaestione
1629 2689 178 63 sequenti
1763 2689 178 63 patebit,
1896 2689 149 63 doctor
1986 2689 59 63 se
