2355 3327
450 366 146 65 defendi
556 366 106 65 quod
622 366 146 65 corpori
728 366 146 65 Christi
834 366 186 65 inhaereat:
980 366 66 65 &
1006 366 119 65 ipsum
1086 366 93 65 sit
1126 366 80 65 quan

452 428 95 44 tum
507 428 149 44 ratione
615 428 203 44 quantitatis
778 428 81 44 ei
818 428 217 44 inhaerentis:
994 428 95 44 sed
1048 428 95 44 non
1103 428 95 44 est
1143 428 68 44 sub

445 471 114 55 modo
516 471 228 55 quatitatiuo:
701 471 114 55 quia
772 471 85 55 no
815 471 100 55 est
872 471 171 55 extemsio
1000 471 157 55 partium
1114 471 100 55 nec
1157 471 57 55 in

446 514 132 48 ordine
538 514 79 48 ad
578 514 119 48 totum
657 514 66 48 /
684 514 93 48 nec
737 514 79 48 in
776 514 132 48 ordine
869 514 79 48 ad
909 514 132 48 locum:
1001 514 106 48 quod
1067 514 93 48 est
1120 514 79 48 de
1147 514 66 48 ra-

442 558 126 60 tione
526 558 112 60 modi
596 558 237 60 quantitatiui,
791 558 98 60 non
847 558 98 60 est
903 558 126 60 autem
987 558 84 60 de
1028 558 154 60 ratione
1126 558 84 60 quam

451 602 160 54 titatis
568 602 189 54 continuae
713 602 145 54 corpus
815 602 102 54 cui
873 602 175 54 inhaeret
1004 602 189 54 extendere
1135 602 73 54 sim

451 644 186 54 pliciter:
594 644 100 54 sed
651 644 86 54 de
694 644 172 54 potentia
823 644 172 54 naturae.
952 644 143 54 Tertio
1052 644 158 54 defendi
1153 644 57 54 po

447 689 114 61 test
518 689 114 61 quod
589 689 85 61 in
631 689 213 61 Eucharistia
802 689 128 61 nulla
887 689 99 61 est
943 689 184 61 quantitas
1071 689 142 61 continua

452 733 122 55 Sicut
534 733 109 55 enim
602 733 109 55 alii
670 733 136 55 dicunt
765 733 109 55 quod
833 733 109 55 sunt
900 733 122 55 multi
982 733 176 55 respectus
1104 733 95 55 corpo

442 780 81 57 ri
483 780 149 57 Curisti
591 780 203 57 inhaerentes
753 780 81 57 in
794 780 216 57 Eucharistia,
969 780 108 57 quam
1037 780 81 57 ei
1077 780 95 57 non
1118 780 81 57 inhi

440 829 111 45 rent
510 829 83 45 in
551 829 139 45 caelo:
648 829 97 45 sic
704 829 111 45 dici
773 829 139 45 potest
871 829 83 45 de
912 829 194 45 quantitate
1051 829 153 45 continua.

445 866 150 49 Primus
550 866 165 49 istorum
669 866 165 49 modorum
789 866 105 49 est
849 866 269 49 rationabilior:
1058 866 150 49 quilibet

443 913 159 56 aliorum
558 913 130 56 tamen
645 913 246 56 defensabilis.
848 913 101 56 Hic
906 913 130 56 modus
993 913 72 56 a
1022 913 159 56 doctore
1124 913 72 56 sul

445 951 108 61 tili
513 951 68 61 &
540 951 162 61 antiquis
662 951 135 61 passim
756 951 95 61 est
810 951 203 61 reprobatus:
972 951 68 61 a
999 951 176 61 plerisque
1121 951 81 61 tame

438 1001 258 52 posterioribus
650 1001 227 52 defensatus.
832 1001 182 52 Suadetur
968 1001 106 52 hic
1029 1001 152 52 modus.
1120 1001 91 52 cor-

435 1042 105 57 pus
495 1042 165 57 Christi
615 1042 105 57 est
675 1042 90 57 in
720 1042 210 57 sacramento
884 1042 240 57 Eucharistiae
1064 1042 150 57 realiter

435 1098 79 46 &
467 1098 111 46 hoc
530 1098 159 46 potest
642 1098 207 46 sustineri
801 1098 111 46 cum
864 1098 111 46 hoc
928 1098 127 46 modo
1007 1098 191 46 dicendi:
1134 1098 64 46 er

437 1128 80 62 go
477 1128 93 62 hic
530 1128 120 62 modus
610 1128 93 62 est
663 1128 200 62 probabilis.
823 1128 67 62 &
849 1128 93 62 hoc
903 1128 200 62 tripliciter
1063 1128 120 62 elige
1129 1128 80 62 quem

431 1180 142 49 ramum
526 1180 204 49 volueris.
683 1180 94 49 Et
730 1180 94 49 si
777 1180 157 49 contra
887 1180 142 49 alios
982 1180 142 49 modos
1076 1180 126 49 sint
1139 1180 63 49 ap

442 1222 207 63 parentiores
608 1222 207 63 obiectiones
774 1222 111 63 quam
843 1222 138 63 contra
940 1222 124 63 hunc:
1022 1222 111 63 iste
1091 1222 97 63 est
1133 1222 69 63 ra

425 1262 289 62 tionabilissimus.

434 1311 247 84 Contra
607 1311 198 84 hunc
731 1311 223 84 modum
879 1311 297 84 rationes
1077 1311 124 84 an-

433 1388 180 54 tiquorum
568 1388 150 54 ponam:
673 1388 150 54 postea
778 1388 135 54 alias
869 1388 180 54 adiugam.
1004 1388 135 54 Dicit
1079 1388 120 54 doctor

441 1441 212 49 Seraphicus
607 1441 167 49 secunda
729 1441 212 49 quaestione
895 1441 136 49 huius
971 1441 227 49 distinctionis

443 1480 139 58 Quamuis
544 1480 176 58 substantia
683 1480 126 58 possit
771 1480 151 58 abstrahi
885 1480 63 58 a
910 1480 189 58 substantia:
1061 1480 113 58 tamen
1124 1480 63 58 qui

434 1525 157 59 corpus
544 1525 142 59 viuat
639 1525 79 59 &
670 1525 110 59 sit
733 1525 252 59 organizatum,
938 1525 79 59 &
969 1525 110 59 non
1032 1525 110 59 sit
1079 1525 126 59 quantu

434 1570 98 59 hoc
490 1570 98 59 nec
546 1570 112 59 esse
617 1570 98 59 nec
673 1570 183 59 intelligi
813 1570 112 59 pot.
884 1570 84 59 Et
926 1570 84 59 ex
968 1570 98 59 hoc
1024 1570 169 59 sequitur
1137 1570 56 59 co

442 1614 100 61 pus
499 1614 157 61 Christi
613 1614 100 61 nec
669 1614 114 61 bene
741 1614 100 61 ibi
798 1614 114 61 esse
869 1614 100 61 nec
926 1614 157 61 viuere,
1039 1614 114 61 quod
1096 1614 100 61 nefas

430 1658 99 46 est
486 1658 155 46 dicere.
599 1658 70 46 &
627 1658 113 46 idem
697 1658 99 46 est
754 1658 113 46 siue
824 1658 183 46 quantitas
965 1658 155 46 ponatur
1077 1658 113 46 siue
1134 1658 70 46 non

430 1704 116 55 dum
497 1704 182 55 ponatur
629 1704 182 55 partium
762 1704 249 55 penetratio.
994 1704 182 55 Secundo
1110 1704 83 55 sed

435 1746 112 50 retur
509 1746 100 50 quod
572 1746 112 50 esset
647 1746 137 50 partium
747 1746 162 50 confusio,
871 1746 87 50 cum
921 1746 112 50 omnes
996 1746 100 50 sint
1059 1746 125 50 simul:
1134 1746 62 50 di-

441 1793 132 53 gitus
529 1793 103 53 cum
588 1793 147 53 oculo:
691 1793 205 53 frigiditas
852 1793 161 53 cerebri
969 1793 103 53 cum
1028 1793 147 53 calore
1116 1793 88 53 cor-

434 1840 111 56 dis:
504 1840 70 56 &
531 1840 97 56 sic
587 1840 181 56 contraria
726 1840 83 56 in
768 1840 153 56 sitibus
879 1840 209 56 propinquis:
1046 1840 111 56 immo
1116 1840 83 56 in
1143 1840 56 56 lo

426 1883 90 57 co
471 1883 196 57 adaequato
622 1883 151 57 eodem.
758 1883 226 57 Respodetur.
939 1883 106 57 hae
999 1883 181 57 rationes
1120 1883 75 57 non

433 1927 152 49 vincut
539 1927 122 49 hunc
615 1927 152 49 modum,
722 1927 91 49 no
767 1927 152 49 prior.
874 1927 137 49 Licet
965 1927 122 49 enim
1026 1927 167 49 naturalis

427 1968 95 46 hoc
482 1968 95 46 sit
536 1968 122 46 verum
618 1968 109 46 quod
686 1968 163 46 assumit:
808 1968 95 46 non
862 1968 122 46 tamen
944 1968 82 46 de
985 1968 163 46 potentia
1107 1968 95 46 dei
1148 1968 54 46 ab

429 2012 160 63 soluta:
546 2012 131 63 sicut
633 2012 87 63 in
676 2012 174 63 opinione
807 2012 174 63 sequenti
938 2012 145 63 dicunt
1039 2012 116 63 quod
1097 2012 102 63 natu-

437 2057 146 55 raliter
543 2057 93 55 non
596 2057 133 55 potest
689 2057 106 55 esse
755 2057 106 55 ordo
822 2057 133 55 partiu
914 2057 80 55 in
954 2057 106 55 toto
1021 2057 133 55 absque
1100 2057 93 55 ordit

440 2105 158 54 partium
554 2105 86 54 ad
597 2105 143 54 locum:
698 2105 86 54 de
741 2105 172 54 potentia
869 2105 129 54 tamen
955 2105 100 54 dei
1013 2105 172 54 absoluta
1127 2105 72 54 hoc

425 2151 104 55 poni
490 2151 143 55 potest:
594 2151 65 55 &
620 2151 78 55 de
658 2151 117 55 facto
736 2151 104 55 ipsi
801 2151 91 55 hoc
853 2151 169 55 asserunt.
983 2151 117 55 anima
1060 2151 104 55 enim
1112 2151 78 55 nunc

428 2190 196 55 informat
575 2190 163 55 partem
689 2190 196 55 pectoris
836 2190 114 55 vel
901 2190 180 55 digiti:
1032 2190 114 55 nec
1081 2190 114 55 video

424 2234 196 54 dubitandum
578 2234 112 54 quin
648 2234 84 54 de
690 2234 168 54 potentia
817 2234 112 54 dei,
887 2234 126 54 eadem
971 2234 126 54 anima
1055 2234 140 54 possit
1139 2234 56 54 in

420 2279 163 54 formare
539 2279 148 54 eandem
642 2279 148 54 partem
746 2279 207 54 separatam.
909 2279 133 54 Sicut
998 2279 118 54 enim
1072 2279 104 54 cum
1116 2279 74 54 san

431 2330 128 39 ctus
511 2330 208 39 Dionysius
671 2330 192 39 portauit
815 2330 128 39 suum
894 2330 144 39 caput
990 2330 96 39 in
1038 2330 176 39 humeris
1150 2330 48 39 a

426 2370 145 54 monte
523 2370 194 54 Martyrum
668 2370 97 54 ad
717 2370 178 54 sanctum
846 2370 226 54 Dionysium:
1023 2370 145 54 anima
1104 2370 97 54 reli

434 2416 108 54 quam
502 2416 135 54 partem
597 2416 163 54 corporis
719 2416 203 54 informauit:
881 2416 95 54 sic
936 2416 135 54 potest
1030 2416 108 54 esse
1098 2416 81 54 de
1125 2416 68 54 qua

433 2461 142 51 cunque
532 2461 128 51 parte
617 2461 170 51 corporis
745 2461 255 51 qualitercumque
957 2461 85 51 se
1000 2461 156 51 habeat.
1099 2461 99 51 Licet

438 2509 104 51 enim
503 2509 117 51 anima
581 2509 156 51 secundum
699 2509 196 51 Aristotelem
855 2509 130 51 secuno
946 2509 78 51 de
985 2509 117 51 anima
1064 2509 91 51 sit
1103 2509 91 51 actus

426 2546 253 53 substantialis
634 2546 178 53 corporis
768 2546 163 53 physici
887 2546 178 53 organici
1021 2546 89 53 in
1050 2546 149 53 potentia

444 2593 120 42 vitam
523 2593 173 42 habentis:
656 2593 120 42 tamen
736 2593 133 42 organa
829 2593 199 42 requiruntur
988 2593 199 42 naturaliter
1135 2593 66 42 so-

426 2636 112 60 lum.
524 2636 84 60 Ad
566 2636 168 60 secundum
693 2636 112 60 nego
763 2636 112 60 quod
833 2636 98 60 sit
889 2636 154 60 partium
1001 2636 168 60 confusio
1114 2636 84 60 qui-

426 2679 103 46 uis
485 2679 133 46 omnes
574 2679 133 46 simul
662 2679 221 46 colligantur
839 2679 147 46 mutuo:
942 2679 103 46 cum
1001 2679 118 46 deus
1075 2679 103 46 hoc
1119 2679 74 46 mi-

428 2728 183 44 raculose
565 2728 168 44 faciat,
688 2728 107 44 qui
749 2728 107 44 res
810 2728 214 44 confundere
978 2728 107 44 non
1039 2728 153 44 nouit.
1131 2728 61 44 Ei

422 2772 200 66 conceditur
579 2772 115 66 quod
651 2772 158 66 digitus
765 2772 100 66 est
823 2772 100 66 cum
880 2772 143 66 oculo,
980 2772 72 66 &
1009 2772 129 66 calor
1080 2772 115 66 cordis

1279 370 96 68 cum
1334 370 151 68 frigore
1444 370 165 68 cerebri:
1568 370 96 68 sed
1623 370 96 68 cum
1678 370 138 68 corpus
1775 370 124 68 ipsum
1857 370 96 68 sit
1912 370 110 68 suis
1981 370 96 68 do-

1275 430 133 48 tibus
1364 430 163 48 dotatum
1482 430 74 48 /
1512 430 133 48 nihil
1600 430 163 48 obstat.
1748 430 163 48 Apponam
1867 430 148 48 aliqua
1955 430 89 48 alia

1282 478 163 53 motiua.
1401 478 148 53 Contra
1505 478 237 53 conclusionem
1697 478 178 53 arguitur
1831 478 119 53 sic.
1905 478 148 53 Tertio
1994 478 59 53 se

1273 519 151 47 quitur
1379 519 121 47 quod
1454 519 121 47 idem
1530 519 151 47 corpus
1636 519 136 47 esset
1726 519 181 47 extensum
1863 519 76 47 &
1893 519 106 47 non
1938 519 106 47 exten

1282 566 116 49 sum.
1354 566 116 49 quod
1426 566 188 49 implicat.
1571 566 116 49 quia
1643 566 101 49 hoc
1701 566 145 49 corpus
1802 566 101 49 est
1860 566 174 49 extensum
1990 566 87 49 in

1275 607 152 52 caelo,
1381 607 122 52 ergo
1457 607 106 52 est
1518 607 198 52 extensum:
1670 607 76 52 &
1700 607 106 52 hoc
1761 607 152 52 corpus
1868 607 106 52 est
1913 607 137 52 inextem

1280 649 115 65 sum
1345 649 99 65 in
1395 649 263 65 Eucharistia:
1609 649 132 65 ergo
1691 649 115 65 est
1757 649 247 65 inextensum.
1971 649 82 65 Ar-

1275 702 183 45 gumentum
1412 702 107 45 hoc
1473 702 107 45 est
1534 702 168 45 facile:
1657 702 76 45 &
1687 702 199 45 respondeo
1840 702 107 45 per
1886 702 168 45 propones.

1276 744 145 65 quarum
1378 744 131 65 Prima
1466 744 116 65 est.
1538 744 160 65 Illatum
1655 744 102 65 est
1713 744 189 65 negandum:
1858 744 116 65 quia
1917 744 116 65 secund

1281 783 240 61 consequentia
1476 783 105 61 est
1536 783 150 61 nulla.
1641 783 165 61 Secunda
1762 783 225 61 propositio.
1927 783 120 61 Corpus

1278 829 171 52 Curisti
1403 829 94 52 in
1450 829 234 52 Eucharistia
1637 829 109 52 est
1699 829 156 52 longum
1808 829 156 52 septem
1902 829 140 52 pedibus

1277 867 206 67 Probatur.
1436 867 111 67 hoc
1499 867 159 67 corpus
1611 867 175 67 Christi
1738 867 95 67 in
1785 867 143 67 caelo
1880 867 111 67 est
1928 867 127 67 longum

1268 920 150 57 septem
1373 920 180 57 pedibus:
1508 920 75 57 &
1538 920 105 57 hoc
1598 920 150 57 corpus
1702 920 165 57 Christi
1822 920 90 57 in
1867 920 135 57 caelo
1957 920 75 57 e
1972 920 75 57 hoc

1268 968 165 51 corpus
1383 968 181 51 Curisti
1515 968 99 51 in
1564 968 264 51 Eucharistia.
1778 968 132 51 ergo
1861 968 115 51 hoc
1910 968 132 51 corpus

1273 1000 155 60 Curisti
1385 1000 84 60 in
1428 1000 211 60 Eucharistia
1596 1000 98 60 est
1652 1000 141 60 longum
1751 1000 141 60 septem
1849 1000 169 60 pedibus.
1962 1000 70 60 Con

1276 1049 196 57 sequentia
1426 1049 135 57 tenet
1517 1049 241 57 expositorie:
1712 1049 75 57 &
1742 1049 211 57 praemissae
1893 1049 150 57 clarent.

1285 1088 139 59 Tertia
1383 1088 167 59 propoto.
1508 1088 98 59 Hoc
1564 1088 139 59 corpus
1662 1088 153 59 Christi
1773 1088 98 59 non
1829 1088 98 59 est
1885 1088 139 59 longum
1968 1088 70 59 se-

1276 1143 134 51 patem
1366 1143 164 51 pedibus
1485 1143 89 51 in
1529 1143 238 51 Eucharistia.
1723 1143 119 51 haec
1798 1143 104 51 non
1842 1143 194 51 contradicit

1267 1186 148 47 priori:
1374 1186 107 47 quia
1441 1186 94 47 non
1495 1186 134 47 habent
1589 1186 175 47 proponnes
1723 1186 121 47 eadem
1804 1186 201 47 praedicata:
1951 1186 81 47 term

1276 1224 83 62 ni
1318 1224 124 62 etiam
1400 1224 138 62 aliter
1496 1224 193 62 appellant.
1648 1224 138 62 Quarta
1744 1224 179 62 propoteo.
1882 1224 110 62 haec
1937 1224 110 62 conse-

1270 1272 182 50 quentia
1403 1272 116 50 est
1469 1272 149 50 bona.
1568 1272 116 50 hoc
1634 1272 165 50 corpus
1750 1272 116 50 est
1816 1272 165 50 longum
1916 1272 132 50 septem

1271 1314 172 52 pedibus
1397 1314 94 52 in
1443 1314 250 52 Eucharistia:
1647 1314 125 52 ergo
1725 1314 110 52 hoc
1788 1314 156 52 corpus
1897 1314 94 52 in
1928 1314 110 52 Eucha

1270 1366 141 43 ristia
1369 1366 99 43 est
1425 1366 141 43 longum
1524 1366 141 43 septem
1623 1366 170 43 pedibus:
1750 1366 99 43 non
1807 1366 127 43 autem
1878 1366 155 43 econverso

1273 1396 139 59 Quinta
1370 1396 181 59 propotes.
1510 1396 139 59 Corpus
1607 1396 153 59 Christi
1718 1396 83 59 in
1760 1396 209 59 Eucharistia
1927 1396 97 59 est
1968 1396 70 59 lon

1282 1452 110 45 gius
1351 1452 220 45 Eucharistia.
1530 1452 179 45 Probatur.
1668 1452 110 45 bene
1736 1452 179 45 sequitur.
1874 1452 96 45 est
1915 1452 124 45 longius

1278 1492 225 48 Eucharistia
1458 1492 90 48 in
1503 1492 150 48 caelo.
1608 1492 120 48 ergo
1684 1492 105 48 est
1744 1492 165 48 iongius
1849 1492 195 48 Eucharistia

1297 1538 163 50 Quarto
1411 1538 212 50 arguitur.
1574 1538 195 50 Sequitur
1720 1538 98 50 ex
1769 1538 114 50 hoc
1834 1538 130 50 modo
1900 1538 146 50 dicendi

1281 1584 97 59 quod
1341 1584 157 59 possibile
1463 1584 85 59 sit
1511 1584 157 59 continuum
1632 1584 121 59 diuidi
1717 1584 73 59 in
1753 1584 109 59 omnem
1826 1584 97 59 suam
1887 1584 133 59 partem:
1971 1584 73 59 quod

1262 1619 198 67 impossibile
1420 1619 185 67 reputatur.
1566 1619 106 67 quod
1632 1619 158 67 sequatur
1750 1619 119 67 patet
1830 1619 106 67 sic.
1896 1619 92 67 Sit
1949 1619 92 67 ita
1988 1619 53 67 de

1265 1673 160 45 corpore
1382 1673 145 45 Sortis
1483 1673 116 45 quod
1556 1673 131 45 omnes
1643 1673 145 45 partes
1745 1673 116 45 sint
1818 1673 218 45 penetratiue
1977 1673 73 45 mu-

1267 1714 115 57 tuo:
1339 1714 115 57 tunc
1411 1714 144 57 corpus
1512 1714 144 57 Sortis
1613 1714 144 57 potest
1714 1714 144 57 diuidi
1815 1714 144 57 saltem
1902 1714 144 57 secundum

1260 1752 112 55 dei
1324 1752 209 55 potentiam
1485 1752 225 55 absolutam,
1662 1752 112 55 quo
1726 1752 145 55 facto
1822 1752 96 55 in
1870 1752 145 55 omnem
1951 1752 96 55 suam

1266 1803 132 49 partem
1358 1803 185 49 diuiditur:
1503 1803 119 49 omnes
1582 1803 132 49 partes
1675 1803 106 49 sunt
1741 1803 119 49 simul
1820 1803 158 49 iunctae:
1938 1803 79 49 in
1965 1803 79 49 duas

1269 1850 125 47 partes
1356 1850 174 47 diuiditur:
1493 1850 62 47 &
1518 1850 112 47 omnes
1592 1850 100 47 sunt
1655 1850 125 47 mutuo:
1742 1850 100 47 ergo
1804 1850 162 47 diuiditur
1929 1850 75 47 in
1954 1850 87 47 omnes

1297 1888 250 59 Respondetur.
1500 1888 141 59 illud
1594 1888 203 59 concludit
1751 1888 110 59 pro
1813 1888 110 59 vna
1860 1888 188 59 conclusio-

1265 1934 94 50 ne
1312 1934 125 50 quam
1391 1934 250 50 probabiliter
1594 1934 94 50 in
1641 1934 172 50 secundo
1766 1934 250 50 sententiarum
1954 1934 78 50 te-

1262 1985 116 50 neo,
1334 1985 116 50 quod
1406 1985 188 50 continuum
1551 1985 203 50 componitur
1710 1985 87 50 ex
1754 1985 174 50 punctis.
1870 1985 159 50 Propterea

1268 2020 101 61 hoc
1325 2020 202 61 argumentum
1484 2020 130 61 aliis
1570 2020 188 61 soluendum
1715 2020 188 61 relinquo,
1859 2020 101 61 cum
1917 2020 101 61 sit
1960 2020 72 61 pro

1266 2064 104 47 me.
1355 2064 148 47 Quinto
1459 2064 193 47 arguitur.
1608 2064 89 47 ex
1652 2064 104 47 hac
1711 2064 104 47 via
1771 2064 178 47 sequitur
1904 2064 119 47 quod
1964 2064 74 47 iam

1261 2110 103 58 est
1320 2110 147 58 aliqua
1423 2110 176 58 qualitas
1554 2110 176 58 corporea
1686 2110 191 58 infinita.
1833 2110 191 58 cosequens
1965 2110 73 58 non

1268 2155 95 57 est
1323 2155 217 57 concedendum,
1499 2155 81 57 vt
1540 2155 136 57 patuit
1634 2155 81 57 ex
1675 2155 190 57 quaestione
1824 2155 217 57 praecedenti.
1987 2155 54 57 Si

1253 2204 174 48 gnanter
1380 2204 95 48 de
1427 2204 206 48 corporali
1586 2204 174 48 loquor.
1712 2204 111 48 nam
1776 2204 158 48 semper
1887 2204 143 48 teneo
1966 2204 79 48 gra

1258 2244 114 57 tiam
1329 2244 142 57 animae
1429 2244 157 57 Curisti
1543 2244 171 57 infinita
1671 2244 199 57 intensiue.
1827 2244 85 57 vt
1870 2244 157 57 patebit
1970 2244 71 57 iu-

1256 2287 182 59 culentius
1396 2287 84 59 in
1438 2287 225 59 tertiadecima
1621 2287 225 59 distinctione
1803 2287 154 59 tertii.
1916 2287 84 59 Et
1944 2287 84 59 quod

1264 2327 181 59 sequatur
1400 2327 151 59 patet.
1506 2327 91 59 si
1551 2327 121 59 tota
1627 2327 151 59 albedo
1733 2327 166 59 extensa
1838 2327 197 59 vniformiter

1272 2375 94 53 vt
1319 2375 173 53 quatuor
1445 2375 94 53 in
1492 2375 173 53 corpore
1617 2375 157 53 pedali
1727 2375 173 53 ponatur
1853 2375 94 53 in
1884 2375 157 53 medieta-

1256 2419 81 48 te
1297 2419 135 48 illius
1392 2419 217 48 pedalitatis,
1568 2419 108 48 illa
1636 2419 108 48 erit
1703 2419 81 48 in
1744 2419 122 48 duplo
1825 2419 135 48 albior
1920 2419 108 48 quam
1974 2419 68 48 an-

1258 2465 104 48 tea
1318 2465 134 48 erat.
1407 2465 89 48 Et
1452 2465 89 48 si
1496 2465 119 48 tota
1571 2465 149 48 albedo
1675 2465 164 48 ponatur
1794 2465 89 48 in
1839 2465 149 48 quarta
1928 2465 104 48 parte

1260 2510 147 45 illius
1363 2510 191 45 corporis:
1510 2510 103 45 iam
1568 2510 147 45 albedo
1671 2510 117 45 erit
1745 2510 88 45 in
1789 2510 205 45 quadrumplo
1935 2510 103 45 inten

1264 2553 136 53 sior.
1354 2553 106 53 Hoc
1415 2553 151 53 patet,
1520 2553 121 53 quia
1596 2553 181 53 habebit.
1731 2553 121 53 xvi.
1807 2553 151 53 gradus
1897 2553 136 53 albedi-

1255 2596 109 58 nis:
1324 2596 68 58 &
1351 2596 95 58 sic
1405 2596 218 58 consequenter
1582 2596 95 58 per
1637 2596 136 58 partes
1732 2596 245 58 proportionales
1937 2596 82 58 in
1964 2596 68 58 pro

1254 2640 186 59 portione
1393 2640 139 59 dupla
1486 2640 155 59 semper
1594 2640 139 59 eundo
1687 2640 93 59 ad
1733 2640 155 59 partes
1841 2640 186 59 minores,
1965 2640 62 59 in

1266 2683 149 53 tensior
1374 2683 108 53 erit
1441 2683 149 53 albedo:
1549 2683 68 53 &
1576 2683 95 53 per
1630 2683 189 53 consequens
1779 2683 108 53 pars
1846 2683 122 53 illam
1914 2683 122 53 hombons

1266 2729 148 52 albior.
1373 2729 94 52 sed
1427 2729 134 52 quando
1521 2729 94 52 est
1575 2729 255 52 indiuisibiliter
1790 2729 81 52 in
1830 2729 121 52 loco,
1911 2729 108 52 sunt
1965 2729 67 52 plu

1262 2770 96 72 res
1317 2770 137 72 partes
1413 2770 123 72 simul
1495 2770 205 72 penetratiue
1659 2770 109 72 quam
1727 2770 82 72 in
1768 2770 178 72 quacumque
1905 2770 123 72 parte
1974 2770 68 72 pro
