2321 3305
213 338 107 91 ⁋
255 338 214 91 Tertio
405 338 278 91 arguitur.
619 338 128 91 ex
683 338 321 91 conclusione
918 338 86 91 se

236 411 140 70 quitur
334 411 112 70 quod
404 411 182 70 priuatiue
544 411 168 70 opposita
670 411 224 70 verificantur
852 411 84 70 de
880 411 112 70 eodem.

226 478 210 46 consequens
391 478 105 46 est
451 478 165 46 falsum,
571 478 120 46 quia
646 478 120 46 illa
721 478 270 46 contradictorie
931 478 60 46 op

230 510 135 53 posita
325 510 176 53 inferunt.
461 510 108 53 quod
528 510 163 53 sequatur
650 510 122 53 patet
732 510 108 53 sic.
799 510 149 53 ponatur
894 510 95 53 Sorte

219 556 133 53 Romae
308 556 74 53 &
337 556 192 53 Parisiis:
485 556 148 53 potest
589 556 148 53 occidi
692 556 133 53 Romae
781 556 74 53 &
811 556 103 53 non
855 556 133 53 Parisii

220 607 109 53 tunc
289 607 109 53 sic:
357 607 109 53 bene
425 607 177 53 sequitur.
561 607 136 53 Sortes
656 607 123 53 viuit
738 607 177 53 Parisiis:
874 607 109 53 ergo
929 607 68 53 Sor

216 644 95 53 tes
271 644 136 53 viuit.
366 644 68 53 &
393 644 177 53 similiter
529 644 109 53 bene
597 644 177 53 sequitur:
733 644 136 53 Sortes
828 644 149 53 moritur
923 644 68 53 Ro-

219 699 103 48 mae
278 699 103 48 vel
337 699 103 48 est
396 699 176 48 mortuus:
528 699 118 48 ergo
601 699 147 48 Sortes
704 699 162 48 moritur
822 699 103 48 vel
880 699 103 48 est
925 699 73 48 mor

220 734 149 55 tuus.
320 734 215 55 Respondet
485 734 232 55 Alexander.
667 734 199 55 Halensis
799 734 199 55 quaestione

223 780 158 49 xliiii.
338 780 158 49 membro.
453 780 115 49 vii.
525 780 72 49 &
554 780 144 49 doctor
655 780 173 49 Subtilis
784 780 86 49 in
828 780 101 49 hac
871 780 115 49 distin

223 814 149 57 ctione
327 814 194 57 sequitur:
476 814 238 57 concedenndo,
670 814 89 57 si
715 814 149 57 Sortes
819 814 104 57 est
864 814 119 57 mortuu

227 870 159 51 Romae:
339 870 159 51 Sortes
450 870 112 51 est
514 870 175 51 mortuus
641 870 255 51 simpliciter:
849 870 80 51 &
880 870 96 51 in
912 870 80 51 quo

224 912 138 52 cumque
321 912 110 52 loco
389 912 110 52 sit.
458 912 138 52 Contra
555 912 96 52 hoc
610 912 179 52 arguitur.
747 912 110 52 stat
816 912 165 52 materiam
926 912 69 52 Sor

219 961 108 47 tis
280 961 124 47 esse
358 961 139 47 Romae
451 961 108 47 cum
512 961 139 47 forma
605 961 139 47 eius:
698 961 77 47 &
729 961 155 47 postea
837 961 155 47 animam
930 961 62 47 de

224 1001 161 47 sinere
337 1001 210 47 informare
498 1001 210 47 materiam:
659 1001 177 47 materia
788 1001 97 47 in
837 1001 145 47 eodem
917 1001 81 47 lo-

223 1049 90 50 co
268 1049 180 50 manente,
403 1049 105 50 cum
463 1049 105 50 hoc
523 1049 120 50 quod
598 1049 135 50 viuat
689 1049 195 50 Parisiis:
839 1049 105 50 hoc
884 1049 105 50 facto

211 1085 195 58 antecedens
364 1085 98 58 est
420 1085 139 58 verum:
518 1085 139 58 Sortes
615 1085 98 58 est
671 1085 153 58 mortuus
783 1085 139 58 Romae:
880 1085 70 58 &
894 1085 98 58 tamen

218 1142 162 48 Sortes
331 1142 113 48 non
396 1142 113 48 est
461 1142 194 48 mortuus:
606 1142 130 48 quia
687 1142 210 48 priuatiue
833 1142 162 48 opposita

217 1186 139 48 nullo
309 1186 124 48 modo
386 1186 247 48 verificantur
587 1186 93 48 de
634 1186 154 48 eodem:
742 1186 124 48 quia
804 1186 185 48 priuatiuum

225 1223 143 55 dicit
320 1223 223 55 negationem
495 1223 191 55 positiui
638 1223 143 55 sicut
734 1223 143 55 nomen
813 1223 175 55 infinitum

229 1266 136 53 licet
319 1266 226 53 aptitudinem
500 1266 90 53 ad
546 1266 196 53 positiuum
696 1266 136 53 vltra
787 1266 196 53 infinitum
923 1266 60 53 po

212 1307 121 55 nat.
288 1307 76 55 ⁋
318 1307 152 55 Aliter
424 1307 121 55 ergo
500 1307 227 55 respondetur
682 1307 212 55 concedendo
849 1307 121 55 hanc
909 1307 76 55 con

225 1355 226 53 sequentiam:
405 1355 150 53 Sortes
511 1355 105 53 est
571 1355 135 53 viuus
661 1355 196 53 Parisiis:
812 1355 120 53 ergo
872 1355 120 53 Sortes

230 1407 143 48 viuit:
330 1407 100 48 sed
387 1407 114 48 hanc
458 1407 128 48 nego,
544 1407 143 48 Sortes
644 1407 100 48 est
701 1407 157 48 mortuus
815 1407 143 48 Romae,
900 1407 86 48 ergo

228 1444 128 50 Sortes
318 1444 90 50 est
369 1444 154 50 mortuus,
484 1444 102 50 quia
548 1444 154 50 arguitur
663 1444 77 50 ab
702 1444 166 50 inferiori
829 1444 77 50 ad
855 1444 128 50 superius

229 1489 96 49 vel
284 1489 69 49 a
312 1489 123 49 parte
394 1489 82 49 in
435 1489 110 49 modo
503 1489 82 49 ad
544 1489 110 49 suum
613 1489 123 49 totum
695 1489 96 49 cum
750 1489 164 49 dictione
860 1489 123 49 negatio

218 1535 110 50 nem
281 1535 237 50 inuoluente:
471 1535 79 50 &
502 1535 142 50 talis
597 1535 252 50 consequentia
802 1535 142 50 nihil
881 1535 110 50 valet

226 1576 214 53 quemadmodum
397 1576 100 53 non
454 1576 186 53 sequitur.
597 1576 129 53 anima
683 1576 171 53 quiescit
812 1576 86 53 in
854 1576 129 53 pede:
926 1576 57 53 ei

225 1621 92 55 go
271 1621 138 55 anima
363 1621 200 55 quiescit.
516 1621 107 55 vel
578 1621 184 55 Hannibal
716 1621 107 55 est
777 1621 154 55 caecus
870 1621 107 55 oculi

230 1662 172 57 sinistro
358 1662 86 57 in
401 1662 172 57 alpibus:
530 1662 114 57 ergo
602 1662 172 57 Hamnibal
730 1662 100 57 est
788 1662 143 57 caecus
874 1662 114 57 oculo-

220 1708 100 57 Vel
277 1708 100 57 non
334 1708 171 57 arguitur
463 1708 86 57 ab
505 1708 186 57 inferiori
648 1708 86 57 ad
691 1708 171 57 superius
820 1708 171 57 respectu
934 1708 57 57 to

213 1741 132 56 talis
301 1741 175 56 extremi:
433 1741 117 56 quod
506 1741 88 56 ad
550 1741 117 56 bene
623 1741 190 56 arguendum
769 1741 102 56 per
827 1741 132 56 illam
900 1741 88 56 regu

220 1797 103 49 lam
279 1797 162 49 necesse
397 1797 118 49 est.
471 1797 74 49 ⁋
501 1797 103 49 Sed
560 1797 148 49 contra
663 1797 103 49 hoc
722 1797 192 49 arguitur.
870 1797 118 49 bene
929 1797 59 49 se

227 1840 183 58 quitur:
360 1840 166 58 Sortes
477 1840 116 58 est
543 1840 183 58 mortuus
676 1840 166 58 Romae:
793 1840 133 58 ergo
859 1840 133 58 Sortes

225 1884 113 49 est
289 1884 177 49 mortuus
418 1884 193 49 alicubi.
563 1884 145 49 patet
660 1884 193 49 arguendo
805 1884 97 49 ex
837 1884 161 49 opposito

226 1929 232 56 consequentis
415 1929 87 56 ad
459 1929 189 56 oppositum
604 1929 247 56 antecedentis.
808 1929 145 56 Sortes
895 1929 87 56 null

221 1972 95 57 bi
269 1972 111 57 est
332 1972 190 57 mortuus:
474 1972 126 57 ergo
553 1972 95 57 in
600 1972 111 57 hoc
663 1972 126 57 loco
742 1972 111 57 non
806 1972 111 57 est
853 1972 142 57 mortuus

223 2017 280 56 demonstrando
450 2017 175 56 Romam:
572 2017 122 56 vel
642 2017 122 56 non
712 2017 122 56 est
782 2017 192 56 mortuus
905 2017 87 56 Ro-

230 2060 107 55 mae.
297 2060 67 55 ⁋
323 2060 214 55 Respondetur.
497 2060 120 55 prior
577 2060 214 55 consequentia
751 2060 94 55 est
805 2060 134 55 nulla:
898 2060 94 55 nec
939 2060 54 55 ar

222 2106 154 55 guitur
329 2106 92 55 ex
375 2106 185 55 opposito
514 2106 246 55 consequentis
714 2106 92 55 ad
760 2106 200 55 oppositum
899 2106 92 55 ante

217 2151 186 50 cedentis:
360 2151 100 50 sed
417 2151 158 50 oportet
532 2151 100 50 sic
589 2151 172 50 arguere.
719 2151 143 50 Sortes
819 2151 100 50 non
876 2151 100 50 est
919 2151 72 50 mor

216 2197 127 55 tuus
295 2197 190 55 alicubi:
438 2197 127 55 ergo
518 2197 159 55 Sortes
629 2197 111 55 non
692 2197 111 55 est
756 2197 175 55 mortuus
867 2197 111 55 Romae

229 2239 96 49 Nam
284 2239 124 49 ista:
367 2239 138 49 Sortes
463 2239 151 49 nullibi
573 2239 96 49 est
628 2239 151 49 mortuus
738 2239 206 49 contradicit
890 2239 96 49 huic:

223 2284 158 44 Sortes
334 2284 173 44 alicubi
460 2284 110 44 est
523 2284 189 44 mortuus.
664 2284 79 44 ⁋
696 2284 110 44 Sed
759 2284 158 44 contra
869 2284 126 44 hanc
932 2284 63 44 so

219 2328 184 46 lutionem
357 2328 215 46 argumentor
526 2328 123 46 pure
602 2328 230 46 theologice.
786 2328 92 46 si
833 2328 107 46 non
879 2328 107 46 sequa

224 2372 113 51 tur
288 2372 161 51 Sortes
401 2372 113 51 est
466 2372 177 51 mortuus
595 2372 161 51 Romae.
708 2372 129 51 ergo
788 2372 113 51 est
837 2372 161 51 mortuus:

228 2418 131 44 ergo
310 2418 148 44 eodem
408 2418 131 44 modo
490 2418 115 44 non
556 2418 213 44 sequitur:
720 2418 197 44 Christus
868 2418 115 44 est
917 2418 66 44 mo

212 2457 129 49 tuus
293 2457 275 49 Hierosolymis:
519 2457 129 49 ergo
600 2457 194 49 Christus
745 2457 113 49 est
810 2457 194 49 mortuus.
939 2457 49 49 &

220 2503 99 56 sic
276 2503 141 56 stabit
375 2503 198 56 antecedens
531 2503 141 56 verum:
630 2503 71 56 &
658 2503 198 56 consequens
814 2503 156 56 falsum.
927 2503 71 56 ⁋
941 2503 57 56 Et

214 2550 213 60 confirmatur
384 2550 113 60 haec
455 2550 142 60 ratio:
554 2550 113 60 quia
625 2550 142 60 nullam
724 2550 128 60 aliam
795 2550 199 60 certitudinem

223 2591 165 55 habemus
343 2591 90 55 in
388 2591 225 55 consequenti
568 2591 120 55 nisi
643 2591 90 55 ex
688 2591 180 55 veritate
808 2591 180 55 anteceden-

226 2639 111 56 tis:
295 2639 111 56 ergo
365 2639 111 56 haec
434 2639 222 56 consequentia
614 2639 97 56 est
669 2639 125 56 bona.
753 2639 69 56 ⁋
780 2639 180 56 Praeterea
905 2639 83 56 Apo-

222 2682 129 51 stoli
308 2682 244 51 communicarunt
509 2682 86 51 in
552 2682 158 51 triduo:
666 2682 115 51 ergo
738 2682 115 51 tunc
810 2682 115 51 stat
867 2682 115 51 corpus

220 2725 150 61 Curisti
330 2725 137 61 fuisse
425 2725 137 61 viuum:
521 2725 68 61 &
548 2725 109 61 tunc
617 2725 109 61 bene
685 2725 178 61 sequitur:
822 2725 137 61 corpus
904 2725 82 61 Chri

1061 320 101 68 sti
1118 320 130 68 viuit
1205 320 87 68 in
1248 320 173 68 stomacho
1378 320 130 68 Petri
1465 320 87 68 in
1508 320 159 68 triduo:
1624 320 116 68 ergo
1682 320 144 68 Christus

1062 387 112 46 viuit
1136 387 75 46 in
1174 387 137 46 triduo.
1273 387 175 46 antecedens
1411 387 87 46 est
1460 387 100 46 tibi
1523 387 137 46 dubium:
1623 387 100 46 ergo
1672 387 150 46 consequens

1061 428 89 56 non
1112 428 89 56 est
1163 428 89 56 abs
1214 428 77 56 te
1253 428 166 56 negandum:
1380 428 89 56 per
1431 428 140 56 regulam
1533 428 255 56 consequentialem:
1737 428 77 56 quia

1063 473 91 56 si
1108 473 121 56 scis
1184 473 258 56 consequentiam
1396 473 136 56 bona:
1487 473 76 56 &
1518 473 212 56 consequens
1669 473 152 56 negandum

1055 509 133 64 etiam
1144 509 207 64 antecedens
1307 509 118 64 scis
1381 509 118 64 esse
1455 509 192 64 negandum.
1603 509 74 64 ⁋
1633 509 89 64 Ad
1677 509 148 64 primum
1766 509 59 64 di

1061 566 118 57 citur
1140 566 105 57 quod
1205 566 210 57 consequentia
1375 566 92 57 non
1428 566 118 57 valet
1506 566 183 57 quantumuis
1651 566 183 57 theologice
1782 566 39 57 a

1051 612 205 45 gumenteris:
1215 612 109 45 quia
1283 612 109 45 omne
1352 612 123 45 verum
1434 612 109 45 omni
1502 612 109 45 vero
1570 612 178 45 consonat.
1707 612 109 45 modo
1761 612 55 45 ta

1057 645 103 51 lem
1116 645 132 51 locum
1204 645 176 51 arguendi
1336 645 176 51 inutilem
1467 645 220 51 ostendimus:
1643 645 73 51 &
1673 645 103 51 per
1716 645 103 51 conse

1060 695 140 54 quens
1153 695 155 54 neutra
1261 695 171 54 illarum
1385 695 295 54 consequentiarum
1633 695 155 54 valet.
1742 695 78 54 ⁋
1757 695 62 54 Ad

1060 741 273 45 cofirmationem,
1288 741 121 45 quia
1363 741 167 45 colorem
1485 741 137 45 prima
1576 741 152 45 fronte
1682 741 137 45 secum
1758 741 61 45 as

1057 782 130 51 fert:
1143 782 87 51 ad
1187 782 145 51 formam
1288 782 217 51 respondebo.
1461 782 72 51 &
1490 782 116 51 nego
1563 782 116 51 quod
1635 782 145 51 nullam
1722 782 101 51 aliam

1064 822 228 57 certitudinem
1249 822 200 57 consequens
1406 822 143 57 habet:
1506 822 114 57 nisi
1577 822 86 57 ex
1620 822 171 57 veritate
1734 822 86 57 illi

1052 873 81 48 us
1092 873 216 48 antecedentis
1267 873 67 48 &
1294 873 162 48 bonitate
1416 873 243 48 consequentiae:
1618 873 148 48 constat
1726 873 81 48 ei
1753 873 67 48 non

1052 910 102 54 bis
1110 910 87 54 ex
1153 910 189 54 articulis
1298 910 131 54 fidei
1385 910 116 54 quod
1458 910 174 54 Christus
1588 910 160 54 mortuus
1704 910 102 54 est
1748 910 73 54 ab-

1056 961 171 44 solute:
1181 961 124 44 quia
1258 961 202 44 humanitas
1413 961 109 44 est
1475 961 155 44 mortua
1584 961 186 44 absolute
1723 961 93 44 in
1754 961 78 44 tri

1056 1000 117 61 duo.
1129 1000 175 61 Exemplum
1261 1000 88 61 in
1305 1000 161 61 simili:
1422 1000 102 61 non
1480 1000 190 61 sequitur:
1626 1000 88 61 tu
1670 1000 88 61 es
1699 1000 117 61 (demor

1059 1049 164 43 strando
1178 1049 89 43 te
1223 1049 104 43 qui
1283 1049 119 43 mihi
1357 1049 104 43 hoc
1417 1049 209 43 argumentum
1581 1049 149 43 facis)
1685 1049 119 43 ergo
1745 1049 75 43 ego

1062 1088 106 52 sum:
1128 1088 67 52 &
1155 1088 120 52 tamen
1235 1088 173 52 cosequens
1368 1088 93 52 est
1421 1088 106 52 tibi
1487 1088 146 52 certum:
1594 1088 93 52 sed
1647 1088 133 52 aliter
1727 1088 93 52 certi

1049 1141 171 46 tudinem
1174 1141 248 46 consequentis
1375 1141 140 46 habes
1469 1141 124 46 quam
1546 1141 78 46 a
1577 1141 186 46 bonitate
1701 1141 109 46 illiu

1058 1178 232 51 consequentiae.
1252 1178 90 51 sic
1303 1178 77 51 in
1342 1178 168 51 proposito
1471 1178 168 51 veritatem
1600 1178 142 51 istius:
1691 1178 129 51 Christus

1049 1222 173 47 mortuus
1175 1222 126 47 est,
1254 1222 141 47 habeo
1348 1222 236 47 certitudine
1536 1222 141 47 fidei
1631 1222 94 47 ex
1662 1222 157 47 symbolis

1044 1269 246 57 apostolorum
1240 1269 82 57 &
1273 1269 196 57 concilio
1420 1269 180 57 Niceno.
1551 1269 82 57 ⁋
1584 1269 98 57 Ad
1633 1269 147 57 aliud
1715 1269 98 57 nego

1053 1313 96 52 quod
1113 1313 144 52 apostoli
1221 1313 204 52 communicarunt
1389 1313 72 52 in
1425 1313 132 52 triduo.
1520 1313 72 52 na
1556 1313 204 52 communicarunt
1724 1313 72 52 in
1748 1313 72 52 vlti

1044 1359 89 52 ma
1089 1359 148 52 coena:
1192 1359 74 52 &
1222 1359 148 52 corpus
1326 1359 163 52 Christi
1444 1359 104 52 non
1504 1359 119 52 erat
1578 1359 104 52 sub
1637 1359 133 52 illis
1711 1359 104 52 speci

1051 1395 96 56 bus
1106 1395 150 56 tempore
1215 1395 96 56 quo
1270 1395 137 56 passus
1366 1395 96 56 est
1420 1395 178 56 Christus:
1557 1395 164 56 scilicet
1680 1395 109 56 hora
1735 1395 82 56 nona

1057 1440 114 67 quae
1128 1440 99 67 est
1185 1440 114 67 hora
1255 1440 142 67 tertia
1355 1440 227 67 pomeridiana.
1539 1440 128 67 inter
1624 1440 142 67 sextam
1709 1440 114 67 namque

1050 1486 70 53 &
1078 1486 167 53 septimam
1203 1486 153 53 vesperi
1315 1486 126 53 dedit
1399 1486 181 53 apostolis
1538 1486 167 53 Christus
1664 1486 98 53 sui
1705 1486 112 53 corpo-

1053 1530 106 53 ris
1114 1530 182 53 coionem:
1250 1530 76 53 &
1281 1530 106 53 sic
1342 1530 167 53 viginti
1463 1530 137 53 horae
1554 1530 167 53 fuerunt
1676 1530 91 53 ab
1722 1530 106 53 hoc
1767 1530 61 53 ad

1050 1573 207 56 passionem
1210 1573 176 56 mortis:
1337 1573 160 56 quibus
1449 1573 112 56 non
1513 1573 160 56 mansit
1625 1573 160 56 corpus
1720 1573 112 56 Chri-

1063 1618 87 52 sti
1112 1618 87 52 ita
1162 1618 99 52 diu:
1223 1618 99 52 quia
1285 1618 74 52 si
1322 1618 111 52 panis
1396 1618 136 52 fuisset
1495 1618 124 52 illic:
1582 1618 87 52 non
1631 1618 87 52 ita
1681 1618 87 52 diu
1718 1618 111 52 mansis-

1045 1656 100 62 set
1102 1656 100 62 non
1159 1656 186 62 corruptus
1302 1656 100 62 vel
1360 1656 86 62 in
1403 1656 129 62 aliam
1488 1656 157 62 specien
1603 1656 172 62 mutatus:
1732 1656 72 62 &
1760 1656 100 62 non

1052 1712 171 52 amplius
1177 1712 124 52 tunc
1254 1712 140 52 manet
1347 1712 155 52 corpus
1456 1712 186 52 Christi:
1595 1712 93 52 vt
1642 1712 124 52 post
1719 1712 109 52 hac
1766 1712 62 52 di

1060 1753 112 48 cetur
1134 1753 211 48 distinctione.
1308 1753 99 48 xii.
1370 1753 99 48 Quia
1432 1753 87 48 ita
1482 1753 99 48 sit,
1544 1753 124 48 patet.
1630 1753 74 48 si
1668 1753 99 48 quis
1717 1753 112 48 vomitum

1052 1794 187 58 patiatur
1193 1794 234 58 quemadmodum
1380 1794 172 58 colicam
1505 1794 172 58 hombens
1630 1794 109 58 vel
1677 1794 140 58 dolorem

1060 1840 233 55 vehementem
1244 1840 217 55 stomachi,
1410 1840 100 55 si
1460 1840 150 55 cibum
1560 1840 183 55 aliquem
1677 1840 133 55 comeda

1058 1894 115 45 quem
1130 1894 144 45 euomet
1231 1894 87 45 ad
1274 1894 115 45 vnam
1346 1894 130 45 horam
1433 1894 101 45 vel
1490 1894 188 45 dimidiam:
1635 1894 130 45 cibum
1707 1894 115 45 altera

1053 1932 87 50 tum
1102 1932 162 50 totaliter
1227 1932 149 50 videmus.
1338 1932 87 50 Nec
1388 1932 137 50 apostol
1487 1932 211 50 communicarunt
1661 1932 75 50 in
1699 1932 124 50 triduo
1773 1932 50 50 de

1053 1981 124 51 nouo:
1136 1981 96 51 sed
1191 1981 178 51 manserunt
1328 1981 137 51 moesti
1424 1981 96 51 cum
1479 1981 165 51 Christo:
1602 1981 110 51 alii
1657 1981 165 51 fugientes:

1056 2018 98 52 alii
1117 2018 86 52 eum
1166 2018 147 52 continuo
1276 2018 196 52 insequentes.
1436 2018 61 52 &
1460 2018 110 52 erant
1534 2018 74 52 in
1571 2018 135 52 peccato
1669 2018 147 52 mortali:
1767 2018 49 52 de

1052 2070 236 50 resurrectione
1247 2070 223 50 haesitantes:
1428 2070 111 50 immo
1497 2070 167 50 aptlorum
1622 2070 139 50 vertex
1706 2070 111 50 graui-

1044 2104 103 53 ter
1103 2104 206 53 peccauerat
1265 2104 221 53 mortaliter,
1442 2104 177 53 Christum
1575 2104 162 53 negando
1692 2104 88 53 in
1722 2104 103 53 atrio

1051 2150 166 60 pontificis.
1184 2150 133 60 Vlterius
1283 2150 122 60 dicitur
1372 2150 89 60 quod
1427 2150 133 60 apostoli
1527 2150 78 60 non
1571 2150 188 60 communicarunt
1726 2150 89 60 ante
1771 2150 55 60 pe-

1047 2196 153 57 tecosten:
1165 2196 94 57 quod
1224 2196 165 57 colligitur
1353 2196 129 57 Actuum.
1447 2196 82 57 ii.
1494 2196 106 57 illic
1564 2196 94 57 enim
1623 2196 165 57 scribitur:
1741 2196 71 57 quod

1050 2242 153 45 apostoli
1165 2242 64 45 &
1190 2242 153 45 conversi
1305 2242 165 45 manserunt
1432 2242 76 45 in
1470 2242 165 45 fractione
1597 2242 127 45 panis:
1686 2242 89 45 hoc
1737 2242 89 45 est
1775 2242 51 45 in

1055 2286 208 49 eucharistia.
1224 2286 78 49 Et
1263 2286 169 49 propterea
1393 2286 130 49 festum
1484 2286 156 49 corporis
1601 2286 143 49 Christi
1705 2286 78 49 in
1731 2286 91 49 feria

1056 2330 80 59 v.
1096 2330 107 59 post
1162 2330 147 59 octauas
1269 2330 200 59 pentecostes
1429 2330 107 59 rite
1496 2330 187 59 institutum
1642 2330 107 59 est:
1709 2330 107 59 quia
1762 2330 67 59 il-

1055 2373 76 58 lo
1093 2373 140 58 tempore
1195 2373 127 58 coepit
1284 2373 127 58 sacium
1373 2373 203 58 eucharistiae
1538 2373 63 58 a
1563 2373 165 58 fidelibus
1677 2373 140 58 frequenta

1048 2418 96 49 ri:
1103 2418 82 49 vt
1144 2418 82 49 in
1185 2418 123 49 festo
1267 2418 164 49 corporis
1390 2418 150 49 Curisti
1499 2418 150 49 legimus
1608 2418 123 49 iuxta
1690 2418 109 49 vsum
1745 2418 68 49 Ro-

1047 2462 112 58 manum
1121 2462 149 58 lectione
1233 2462 124 58 sexta.
1320 2462 62 58 &
1345 2462 75 58 in
1382 2462 112 58 prosa
1457 2462 124 58 illius
1544 2462 99 58 diei
1606 2462 99 58 idem
1668 2462 149 58 habetur.
1767 2462 50 58 Et

1053 2517 86 51 est
1102 2517 123 51 ratio.
1188 2517 86 51 Nam
1237 2517 86 51 cum
1286 2517 147 51 Christus
1397 2517 135 51 diceret
1495 2517 160 51 apostolis
1618 2517 74 51 in
1654 2517 123 51 vltima
1728 2517 86 51 coena

1052 2562 139 47 quando
1149 2562 97 47 hoc
1205 2562 125 47 sacim
1288 2562 194 47 instituit:
1441 2562 97 47 hoc
1496 2562 139 47 facite
1593 2562 83 47 in
1635 2562 111 47 meam
1690 2562 125 47 commemo

1059 2605 171 51 rationem:
1190 2605 79 51 id
1229 2605 105 51 erat
1295 2605 105 51 post
1361 2605 171 51 absentiam
1492 2605 184 51 corporalem
1636 2605 118 51 eius:
1715 2605 92 51 sed
1754 2605 66 51 man

1053 2639 105 54 sit
1113 2639 105 54 cum
1173 2639 105 54 eis
1233 2639 120 54 post
1308 2639 270 54 resurrectionem
1532 2639 225 54 quadraginta
1697 2639 120 54 diebus

1054 2686 137 54 crebro
1150 2686 96 54 eos
1205 2686 164 54 visitans
1328 2686 82 54 in
1369 2686 164 54 persona:
1492 2686 109 54 ergo
1560 2686 109 54 tunc
1629 2686 82 54 in
1670 2686 109 54 eius
1724 2686 96 54 comme

1038 2727 217 72 morationem
1208 2727 109 72 non
1270 2727 124 72 erat
1348 2727 124 72 opus
1425 2727 171 72 corpore
1549 2727 171 72 Curisti
1673 2727 93 72 in
1704 2727 124 72 eucha
