2357 3328
465 345 104 55 lia
525 345 119 55 quae
599 345 237 55 verificantur
792 345 89 55 de
836 345 193 55 pronomine
985 345 237 55 demonstrante
1163 345 74 55 cor

469 394 106 50 pus
529 394 91 50 in
575 394 151 50 caelo,
681 394 242 50 verificentur
878 394 91 50 de
923 394 197 50 pronomine
1059 394 182 50 demonstrar

473 440 86 54 te
516 440 114 54 idem
587 440 143 54 corpus
687 440 86 54 in
729 440 228 54 eucharistia:
915 440 71 54 &
943 440 128 54 illae
1029 440 157 54 possunt
1129 440 114 54 rursus

466 482 199 61 distingui:
622 482 85 61 vt
664 482 156 61 patebit
778 482 99 61 per
820 482 199 61 conclusiones

463 528 100 89 ⁋
503 528 180 89 lstis
623 528 220 89 notatis
783 528 160 89 pono
882 528 340 89 conclusiones.
1142 528 100 89 Pri

472 608 91 52 ma
517 608 213 52 conclusio.
685 608 107 52 Non
746 608 168 52 oportet
868 608 122 52 omne
944 608 183 52 accidens
1066 608 168 52 inhaereni

470 648 157 52 corpori
584 648 157 52 Christi
698 648 86 52 in
741 648 143 52 caelo,
841 648 86 52 ei
883 648 185 52 inhaerere
1026 648 86 52 in
1055 648 185 52 eucharistia

465 693 105 44 nec
525 693 209 44 econuerso.
689 693 105 44 hoc
749 693 135 44 patet
839 693 90 44 ex
884 693 209 44 quaestione
1034 693 209 44 praecedenti.

473 743 79 48 ⁋
505 743 174 48 Secunda
632 743 222 48 conclusio.
806 743 95 48 an
854 743 127 48 omne
933 743 190 48 accidens
1075 743 127 48 quod
1139 743 95 48 ines

466 785 150 52 corpori
575 785 150 52 Christi
684 785 82 52 in
725 785 123 52 caelo
807 785 123 52 insit
889 785 82 52 ei
930 785 82 52 in
971 785 218 52 eucharistia:
1148 785 68 52 &
1161 785 82 52 econ

468 833 154 47 uerso:
576 833 154 47 dubium
684 833 124 47 est:
761 833 108 47 sed
823 833 201 47 negatiuam
977 833 154 47 partem
1086 833 154 47 opinor
1178 833 62 47 ve

471 877 117 51 ram.
545 877 103 51 Hoc
603 877 147 51 patet.
706 877 117 51 quia
779 877 132 51 licet
868 877 88 51 in
912 877 205 51 quaestione
1058 877 191 51 praecedenti

469 911 139 62 dictum
566 911 111 62 sit:
636 911 111 62 quod
705 911 83 62 si
747 911 139 62 sortes
844 911 125 62 esset
927 911 125 62 Romae
1010 911 69 62 &
1038 911 180 62 Parisiis:
1163 911 83 62 stat

474 960 126 56 quod
553 960 110 56 sit
616 960 173 56 calidus
742 960 79 56 &
773 960 204 56 combustus
930 960 157 56 Romae,
1041 960 79 56 &
1072 960 110 56 non
1119 960 126 56 combu-

462 1009 120 54 stus
537 1009 195 54 Parisiis:
687 1009 90 54 si
732 1009 120 54 deus
807 1009 105 54 non
866 1009 195 54 impediret
1016 1009 165 54 agentia
1121 1009 120 54 natura

456 1043 124 59 lia:
534 1043 124 59 deus
612 1043 140 59 tamen
705 1043 155 59 potest
814 1043 186 59 impedire
954 1043 155 59 quando
1063 1043 140 59 vult:
1140 1043 109 59 sicut

461 1090 182 60 impediuit
601 1090 154 60 calorem
713 1090 126 60 ignis
797 1090 84 60 in
839 1090 154 60 camino.
950 1090 182 60 Danieles.
1090 1090 112 60 iii.
1160 1090 70 60 &
1174 1090 70 60 lu-

457 1139 97 54 men
512 1139 124 54 solis
595 1139 152 54 tempore
706 1139 193 54 passionis.
858 1139 83 54 Et
899 1139 124 54 licet
982 1139 124 54 detur
1065 1139 111 54 quod
1120 1139 111 54 corpor

470 1176 156 56 Curisti
584 1176 128 56 esset
669 1176 213 56 susceptiuum
840 1176 156 56 caloris
953 1176 100 56 sub
1010 1176 213 56 eucharistia
1167 1176 71 56 vel

468 1222 162 63 aliorum
586 1222 221 63 accidentium
763 1222 162 63 quantum
881 1222 103 63 est
940 1222 88 63 ex
984 1222 133 63 parte
1072 1222 192 63 corporis:
1205 1222 44 63 &

459 1265 137 64 ignis
550 1265 152 64 ageret
657 1265 167 64 quantum
778 1265 107 64 est
839 1265 91 64 ex
885 1265 137 64 parte
976 1265 122 64 sua:
1052 1265 137 64 tamen
1144 1265 91 64 id
1174 1265 61 64 mo

461 1317 94 55 do
508 1317 109 55 non
571 1317 172 55 opinor:
696 1317 109 55 sed
758 1317 141 55 credo
852 1317 125 55 quod
930 1317 125 55 deus
1009 1317 125 55 omne
1087 1317 141 55 agens
1165 1317 78 55 cor

469 1357 182 63 ruptiuum
605 1357 136 63 bonae
696 1357 197 63 harmoniae
847 1357 106 63 sui
908 1357 182 63 corporis
1044 1357 212 63 impediret:
1196 1357 45 63 &

461 1403 232 58 accidentia,
646 1403 124 58 quae
724 1403 93 58 ad
770 1403 186 58 corporis
909 1403 232 58 consonantia
1079 1403 155 58 conducum

460 1446 220 53 conseruaret
636 1446 88 53 in
680 1446 103 53 vno
739 1446 117 53 loco
812 1446 73 53 &
842 1446 88 53 in
886 1446 161 53 altero:
1003 1446 117 53 quia
1077 1446 117 53 nunc
1135 1446 103 53 dotem

462 1491 264 61 impassibilitatis
686 1491 132 61 habet.
779 1491 92 61 Sed
832 1491 158 61 probatur
950 1491 106 61 quod
1016 1491 92 61 sit
1069 1491 145 61 dubium:
1162 1491 79 61 quia

458 1532 143 62 dubium
558 1532 100 62 est
615 1532 86 62 an
657 1532 185 62 quantitas
800 1532 100 62 sit
857 1532 171 62 accidens
985 1532 214 62 substantiae
1142 1532 100 62 inhae

456 1582 132 60 rens:
544 1582 73 60 &
573 1582 249 60 vniuersaliter
778 1582 88 60 de
822 1582 205 60 quantitate
983 1582 175 60 continua
1100 1582 146 60 intelli-

464 1625 98 61 go.
520 1625 70 61 &
548 1625 84 61 si
590 1625 98 61 sit
645 1625 181 61 accidens,
785 1625 98 61 non
841 1625 98 61 est
896 1625 153 61 penitus
1008 1625 209 61 improbabile
1161 1625 70 61 qui

451 1675 193 46 inhaereat
599 1675 163 46 corpori
718 1675 163 46 Christi
837 1675 89 46 in
881 1675 133 46 caelo
970 1675 74 46 &
1000 1675 89 46 no
1044 1675 89 46 in
1074 1675 163 46 euchari

473 1704 131 57 stia.
560 1704 160 57 Insuper
676 1704 145 57 oculus
777 1704 160 57 Christi
893 1704 87 57 in
937 1704 131 57 caelo
1024 1704 131 57 habet
1096 1704 145 57 visionem

464 1759 122 55 vnius
546 1759 135 55 partis
640 1759 135 55 caeli:
735 1759 68 55 &
762 1759 95 55 non
816 1759 149 55 oportet
924 1759 108 55 quod
991 1759 108 55 illa
1059 1759 122 55 visio
1140 1759 95 55 sit
1194 1759 81 55 in

464 1805 220 57 eucharistia:
643 1805 110 57 immo
712 1805 151 57 apparet
822 1805 110 57 quod
890 1805 96 57 non
945 1805 96 57 sit
1000 1805 69 57 &
1028 1805 96 57 sic
1083 1805 151 57 opinor.
1179 1805 55 57 li

467 1847 111 55 cet,
536 1847 69 55 n
564 1847 152 55 necesse
674 1847 97 55 sit
730 1847 138 55 oculum
826 1847 152 55 Christi
937 1847 83 55 in
978 1847 207 55 eucharistia
1130 1847 111 55 videre

467 1887 128 65 partem
557 1887 128 65 caeli:
647 1887 77 65 si
685 1887 128 65 oculus
775 1887 141 65 Curisti
877 1887 128 65 videat
967 1887 115 65 illam
1044 1887 77 65 in
1082 1887 128 65 caelo:
1159 1887 64 65 sui

463 1939 124 59 posita
550 1939 186 59 constantia:
699 1939 87 59 non
748 1939 112 59 tamen
823 1939 137 59 oportet
922 1939 99 59 quod
984 1939 112 59 visio
1059 1939 99 59 illa
1109 1939 124 59 inhaerea

462 1980 150 57 corpori
571 1980 150 57 Curisti
680 1980 82 57 in
721 1980 218 57 eucharistia.
898 1980 122 57 istae
979 1980 109 57 enim
1034 1980 204 57 propositiones

467 2016 129 57 stant
553 2016 143 57 simul:
653 2016 143 57 oculus
753 2016 158 57 Curisti
868 2016 86 57 in
911 2016 215 57 eucharistia
1082 2016 129 57 videt
1154 2016 86 57 hanc

477 2066 129 61 partem
567 2066 129 61 caeli:
658 2066 64 61 &
683 2066 116 61 nulla
761 2066 90 61 est
812 2066 116 61 visio
890 2066 77 61 in
928 2066 206 61 eucharistia:
1083 2066 142 61 loquendei

470 2102 81 61 de
511 2102 149 61 visione
619 2102 163 61 oculari.
741 2102 122 61 sicut
823 2102 108 61 stat
890 2102 81 61 a.
931 2102 135 61 ferrum
1026 2102 81 61 in
1066 2102 163 61 hispania
1175 2102 54 61 ei

461 2159 241 55 calidissimum:
659 2159 71 55 &
688 2159 142 55 nullum
787 2159 156 55 calorem
900 2159 113 55 esse
971 2159 85 55 in
1013 2159 184 55 Hispania.
1141 2159 85 55 Simi

451 2191 125 63 liter
534 2191 139 63 oculus
631 2191 153 63 Curisti
742 2191 125 63 habet
826 2191 166 63 notitiam
951 2191 194 63 sensitiuam
1103 2191 83 63 in
1131 2191 97 63 eucha

463 2233 136 73 ristia
559 2233 109 73 quam
626 2233 95 73 non
681 2233 122 73 habet
762 2233 82 73 in
803 2233 136 73 caelo:
898 2233 68 73 &
925 2233 204 73 intellectus
1089 2233 122 73 habet
1156 2233 82 73 ali-

462 2287 116 56 quam
535 2287 261 56 intellectionem
753 2287 87 56 in
796 2287 218 56 eucharistia
971 2287 116 56 quam
1043 2287 102 56 non
1101 2287 131 56 habet
1174 2287 58 56 in

458 2336 132 57 caelo:
550 2336 66 57 &
576 2336 119 57 licet
655 2336 119 57 omnia
734 2336 119 57 anima
813 2336 145 57 Christi
919 2336 79 57 in
958 2336 119 57 verbo
1037 2336 184 57 cognoscat:
1169 2336 66 57 ali

457 2381 114 56 quam
528 2381 129 56 tamen
614 2381 172 56 notitiam
743 2381 129 56 habet
829 2381 86 56 in
871 2381 215 56 eucharistia
1043 2381 100 56 qua
1100 2381 100 56 non
1143 2381 86 56 habe

458 2415 146 66 taliter
564 2415 133 66 alibi:
657 2415 66 66 &
683 2415 93 66 sic
737 2415 93 66 est
790 2415 80 66 ad
830 2415 212 66 perfectionem
1002 2415 212 66 accidentalem
1162 2415 66 66 cor

460 2470 136 59 poris
550 2470 181 59 Christi,
686 2470 120 59 esse
761 2470 90 59 in
806 2470 241 59 eucharistia.
1002 2470 90 59 Si
1047 2470 151 59 dicas.
1138 2470 90 59 imme

459 2511 162 57 diatus
572 2511 195 57 terminus
718 2511 292 57 consecrationis
961 2511 146 57 panis
1059 2511 113 57 est
1107 2511 130 57 corpus

461 2551 171 65 christi:
589 2551 100 65 sed
646 2551 214 65 concomitans
818 2551 100 65 est
875 2551 186 65 quidlibet
1018 2551 86 65 ei
1046 2551 186 65 coniunctum:

466 2600 89 59 vt
511 2600 177 59 sanguis:
644 2600 74 59 &
673 2600 207 59 huiusmodi.
836 2600 118 59 ergo
910 2600 89 59 si
954 2600 148 59 aliqua
1058 2600 163 59 notitia
1161 2600 74 59 sit

463 2630 78 72 in
502 2630 118 72 anima
581 2630 144 72 Curisti
685 2630 78 72 in
724 2630 209 72 eucharistia:
894 2630 105 72 illa
960 2630 78 72 ei
999 2630 157 72 inhaeret
1116 2630 78 72 in
1143 2630 91 72 caelo

467 2689 295 60 concomitanter.
712 2689 213 60 Respondeo
876 2689 115 60 non
941 2689 131 60 esse
1023 2689 147 60 idem:
1105 2689 131 60 corpus

462 2726 119 77 enim
536 2726 104 77 non
596 2726 193 77 separatur
744 2726 89 77 ab
788 2726 133 77 anima
877 2726 74 77 &
907 2726 193 77 sanguine:
1055 2726 178 77 accidens
1174 2726 59 77 au

1315 353 101 63 tem
1372 353 203 63 separatur:
1532 353 116 63 quod
1604 353 101 63 est
1662 353 87 63 in
1705 353 101 63 vno
1763 353 116 63 loco
1836 353 72 63 &
1864 353 101 63 non
1922 353 87 63 in
1966 353 130 63 alio:
2038 353 58 63 vt

1314 408 202 55 quantitas
1470 408 187 55 secundum
1610 408 187 55 aliquos:
1750 408 78 55 &
1782 408 202 55 respectus
1922 408 171 55 extrinse-

1318 453 109 54 cus
1381 453 202 54 adueniens
1536 453 187 54 secundum
1676 453 156 54 alios.
1785 453 78 54 ⁋
1816 453 156 54 Tertia
1910 453 171 54 conclusio

1310 488 174 69 quilibet
1440 488 174 69 terminus
1570 488 246 69 accidentalis:
1773 488 159 69 quinimo
1889 488 174 69 quilibet
2005 488 87 69 ter-

1314 539 137 59 minus
1405 539 106 59 qui
1466 539 91 59 de
1511 539 167 59 corpore
1633 539 167 59 Christi
1754 539 91 59 in
1800 539 137 59 caelo
1875 539 213 59 verificatur:

1323 577 80 63 de
1363 577 148 63 corpore
1470 577 148 63 Christi
1577 577 80 63 in
1618 577 201 63 eucharistia
1779 577 215 63 verificatur:
1953 577 121 63 etiam
2020 577 67 63 te-

1300 629 158 50 nendo
1405 629 298 50 penetrationem
1650 629 228 50 corporum.
1825 629 210 50 secundum
1965 629 123 50 modum

1309 668 111 71 enim
1379 668 111 71 quem
1448 668 125 71 magis
1532 668 181 71 insequor:
1671 668 97 71 non
1726 668 97 71 est
1782 668 153 71 dubium.
1893 668 97 71 hoc
1949 668 125 71 patet
2018 668 70 71 per

1312 715 197 61 ascensum:
1463 715 91 61 si
1509 715 136 61 esset
1600 715 151 61 aliqua
1706 715 212 61 singularis
1872 715 151 61 falsa,
1963 715 121 61 maxime

1302 761 134 52 esset
1392 761 164 52 propter
1511 761 134 52 tales
1600 761 179 52 terminos
1734 761 194 52 extensum:
1883 761 194 52 dimensiue
2032 761 89 52 in

1311 798 129 61 loco:
1397 798 100 61 qui
1454 798 229 61 verificantur
1640 798 86 61 de
1683 798 157 61 corpore
1797 798 157 61 Christi
1911 798 86 61 in
1954 798 143 61 caelo:
2040 798 43 61 &

1312 842 99 66 non
1368 842 84 66 in
1410 842 225 66 eucharistia.
1593 842 155 66 Contra,
1706 842 211 66 quemadmodum
1875 842 113 66 ista
1945 842 99 66 est
1987 842 99 66 vera:

1313 896 155 50 corpus
1422 896 171 50 Curisti
1546 896 109 50 est
1609 896 93 50 in
1655 896 140 50 caelo
1748 896 202 50 extensum:
1904 896 155 50 corpus
1997 896 93 50 Chri

1312 934 94 59 sti
1365 934 80 59 in
1405 934 120 59 caelo
1485 934 94 59 est
1539 934 174 59 dimensiue
1673 934 80 59 in
1713 934 120 59 loco:
1793 934 94 59 ita
1846 934 120 59 istae
1927 934 107 59 sunt
1980 934 107 59 conce-

1314 975 165 67 dendae:
1434 975 150 67 corpus
1539 975 165 67 Christi
1659 975 90 67 in
1705 975 225 67 eucharistia
1885 975 105 67 est
1930 975 150 67 extensum

1314 1027 146 59 corpus
1417 1027 161 59 Curisti
1534 1027 88 59 in
1578 1027 220 59 eucharistia
1753 1027 102 59 est
1812 1027 190 59 dimensiue
1958 1027 88 59 in
1988 1027 102 59 loco.

1315 1066 117 61 Quas
1388 1066 146 61 probo.
1491 1066 102 61 hoc
1549 1066 146 61 corpus
1651 1066 161 61 Christi
1768 1066 88 61 in
1812 1066 131 61 caelo
1899 1066 102 61 est
1943 1066 146 61 extensum

1309 1108 100 66 hoc
1366 1108 143 66 corpus
1466 1108 158 66 Christi
1581 1108 86 66 in
1624 1108 129 66 caelo
1710 1108 100 66 est
1768 1108 143 66 corpus
1868 1108 158 66 Curisti
1983 1108 86 66 in
2011 1108 72 66 eu-

1309 1163 200 46 charistia:
1466 1163 114 46 ergo
1538 1163 143 46 corpus
1638 1163 157 46 Christi
1752 1163 86 46 in
1795 1163 215 46 eucharistia
1967 1163 100 46 est
2009 1163 72 46 ex-

1315 1197 155 64 tensum.
1428 1197 211 64 expositorie
1596 1197 84 64 in
1639 1197 141 64 tertia
1737 1197 155 64 figura.
1850 1197 127 64 minor
1934 1197 99 64 est
1976 1197 99 64 tibsi

1306 1251 130 57 nota:
1392 1251 72 57 &
1421 1251 159 57 maiorem
1537 1251 188 57 concedis:
1681 1251 115 57 ergo
1753 1251 130 57 debes
1840 1251 188 57 concedere
1970 1251 115 57 conclu

1296 1290 169 62 sionem.
1419 1290 138 62 Fodem
1511 1290 123 62 modo
1588 1290 169 62 probabo
1711 1290 123 62 tibi
1788 1290 200 62 secundam:
1942 1290 77 62 &
1972 1290 108 62 sic
2018 1290 62 62 de

1315 1335 198 66 quocumque
1467 1335 122 66 alio
1543 1335 167 66 termio.
1665 1335 76 66 ⁋
1695 1335 152 66 Quarta
1802 1335 213 66 conclusio.
1954 1335 137 66 aliquis

1312 1381 95 57 est
1367 1381 162 57 terminus
1488 1381 108 57 quam
1556 1381 203 57 praedicatur
1719 1381 81 57 de
1759 1381 149 57 corpore
1867 1381 149 57 Christi
1976 1381 81 57 in
2003 1381 81 57 cae-

1301 1420 93 60 lo:
1354 1420 66 60 &
1380 1420 119 60 tamen
1460 1420 106 60 ille
1526 1420 93 60 non
1579 1420 199 60 verificatur
1738 1420 80 60 de
1778 1420 146 60 corpore
1884 1420 146 60 Curisti
1990 1420 80 60 in
2017 1420 66 60 eu-

1306 1468 201 65 charistia.
1463 1468 115 65 Haec
1535 1468 186 65 conclusio
1678 1468 143 65 priori
1779 1468 100 65 non
1836 1468 186 65 repugnat:
1979 1468 100 65 sed
2037 1468 86 65 in

1302 1514 207 52 appellatione
1471 1514 104 52 sto.
1535 1514 104 52 volo
1600 1514 130 52 dicere
1691 1514 104 52 quod
1756 1514 143 52 aliquis
1860 1514 156 52 terminus
1963 1514 117 52 ponitur

1300 1555 71 55 a
1328 1555 127 55 parte
1413 1555 198 55 praedicati
1568 1555 99 55 cum
1625 1555 113 55 illo
1696 1555 141 55 termio
1794 1555 99 55 (in
1851 1555 141 55 caelo)
1950 1555 85 55 de
1978 1555 99 55 corpo

1308 1602 75 64 re
1345 1602 149 64 Christi,
1457 1602 99 64 quae
1519 1602 87 64 non
1569 1602 137 64 ponitur
1668 1602 87 64 cum
1718 1602 99 64 illo
1780 1602 124 64 termio
1867 1602 87 64 (in
1904 1602 174 64 eucharistia)

1309 1643 85 59 de
1351 1643 156 59 corpore
1465 1643 170 59 Christi:
1592 1643 85 59 vt
1635 1643 128 59 istae
1720 1643 113 59 sunt
1791 1643 227 59 concedendae:
1961 1643 113 59 corpus

1306 1694 158 57 Christi
1421 1694 101 57 est
1478 1694 86 57 in
1521 1694 129 57 caelo
1607 1694 187 57 extensum:
1751 1694 144 57 corpus
1851 1694 158 57 Christi
1966 1694 101 57 est
2024 1694 86 57 in

1305 1734 135 65 caelo
1395 1734 194 65 dimensiue
1544 1734 90 65 in
1589 1734 135 65 loco.
1679 1734 135 65 Istae
1769 1734 135 65 tamen
1859 1734 120 65 sunt
1918 1734 150 65 negandae

1305 1784 150 60 corpus
1410 1784 165 60 Christi
1530 1784 105 60 est
1590 1784 90 60 in
1635 1784 225 60 eucharistia
1816 1784 195 60 extensum:
1951 1784 120 60 corpus

1297 1826 158 67 Christi
1412 1826 101 67 est
1469 1826 86 67 in
1512 1826 215 67 eucharistia
1684 1826 187 67 dimensiue
1828 1826 86 67 in
1871 1826 129 67 loco:
1957 1826 115 67 quia
2015 1826 57 67 di

1302 1864 124 55 mensio
1388 1864 99 55 loci
1450 1864 87 55 non
1500 1864 149 55 prouenit
1611 1864 74 55 ab
1648 1864 198 55 eucharistia:
1809 1864 99 55 quod
1871 1864 111 55 tamen
1945 1864 87 55 per
1982 1864 87 55 illam

1303 1912 203 67 denotatur:
1463 1912 73 67 &
1492 1912 102 67 hoc
1550 1912 174 67 secundum
1681 1912 131 67 dicta
1768 1912 87 67 in
1812 1912 145 67 tertia
1899 1912 174 67 quaestione

1299 1956 242 68 praecedenti.
1495 1956 166 68 Applica
1616 1956 211 68 applicanda
1767 1956 121 68 tuipse

1296 2015 111 87 ⁋
1340 2015 223 87 Contra
1496 2015 223 87 primam
1652 2015 357 87 conclusionem
1920 2015 156 87 argui

1298 2083 110 51 tur
1361 2083 221 51 argumentis
1535 2083 158 51 quibus
1645 2083 158 51 aliqui
1756 2083 189 51 nituntur
1882 2083 189 51 frequenter

1301 2128 188 55 deducere
1443 2128 220 55 oppositum.
1615 2128 157 55 nullum
1725 2128 204 55 absolutum
1882 2128 173 55 desinit
1992 2128 94 55 esse

1300 2168 93 64 in
1347 2168 155 64 aliquo
1456 2168 171 64 propter
1580 2168 140 64 nouum
1673 2168 202 64 respectum
1829 2168 233 64 extrinsecus
2000 2168 62 64 ad

1300 2219 200 59 uenientem
1453 2219 231 59 acquisitum:
1638 2219 108 59 sed
1700 2219 169 59 propter
1823 2219 108 59 hoc
1884 2219 123 59 quod
1946 2219 123 59 corpus

1291 2261 184 64 Curisti
1425 2261 201 64 acquirit
1576 2261 117 64 hic
1643 2261 151 64 nouum
1743 2261 134 64 vbi,
1827 2261 100 64 eo
1877 2261 134 64 modo
1961 2261 117 64 quo
2011 2261 67 64 ha

1292 2299 115 68 bet
1357 2299 147 68 nouum
1455 2299 131 68 vbi:
1537 2299 147 68 nihil
1636 2299 197 68 acquirit
1783 2299 131 68 nisi
1865 2299 147 68 nouum
1947 2299 131 68 respe-

1296 2353 135 54 ctum.
1386 2353 135 54 ergo.
1476 2353 75 54 ⁋
1506 2353 120 54 ltem
1581 2353 270 54 contradictoria
1805 2353 270 54 verificarentur
2015 2353 60 54 de

1298 2395 152 56 eodem.
1404 2395 122 56 quia
1480 2395 91 56 si
1526 2395 167 56 aliquod
1648 2395 152 56 corpus
1754 2395 107 56 est
1815 2395 91 56 in
1861 2395 152 56 duobus
1952 2395 122 56 locis:

1291 2442 80 53 &
1323 2442 96 53 in
1371 2442 112 53 vno
1435 2442 128 53 loco
1515 2442 144 53 habet
1611 2442 224 53 albedinem:
1787 2442 80 53 &
1819 2442 112 53 non
1883 2442 144 53 habet
1963 2442 112 53 albe-

1294 2485 150 56 dinem
1395 2485 100 56 in
1445 2485 134 56 alio
1528 2485 150 56 loco:
1629 2485 117 56 iam
1695 2485 117 56 est
1762 2485 150 56 album
1862 2485 84 56 &
1896 2485 117 56 non
1946 2485 117 56 album

1295 2524 85 53 ⁋
1329 2524 136 53 Haec
1414 2524 220 53 argumenta
1583 2524 170 53 facile
1702 2524 237 53 diluuntur.
1888 2524 102 53 ad
1922 2524 153 53 maiorem

1293 2572 122 60 dico
1369 2572 122 60 quod
1445 2572 152 60 falsum
1551 2572 182 60 supponit
1688 2572 91 60 de
1734 2572 198 60 desitione
1870 2572 198 60 cuiuscumque

1293 2616 196 52 absoluti:
1444 2616 106 52 sed
1504 2616 106 52 non
1564 2616 151 52 stando
1670 2616 90 52 in
1715 2616 181 52 terminis
1851 2616 166 52 aliquod
1956 2616 106 52 abso-

1302 2654 142 58 lutum
1397 2654 189 58 inhaeret
1539 2654 173 58 corpori
1665 2654 95 58 in
1712 2654 110 58 vno
1775 2654 126 58 loco
1854 2654 95 58 vt
1902 2654 158 58 visio:
1996 2654 79 58 vel

1295 2708 120 53 aliud
1374 2708 173 53 accidens:
1507 2708 106 53 quod
1574 2708 93 53 non
1627 2708 160 53 inhaeret
1747 2708 106 53 illi
1813 2708 146 53 corpori
1920 2708 80 53 in
1960 2708 106 53 alio
2013 2708 53 53 lo

1293 2748 109 71 co.
1356 2748 78 71 ⁋
1387 2748 94 71 Ad
1434 2748 188 71 secundum
1575 2748 234 71 argumentum,
1762 2748 125 71 nego
1841 2748 125 71 quod
1903 2748 172 71 contradi
