2313 3313
222 322 153 64 ctoria
329 322 276 64 verificarentur
559 322 92 64 de
605 322 153 64 eodem:
712 322 123 64 quia
788 322 92 64 si
834 322 138 64 esset
911 322 107 64 album

226 380 90 58 in
271 380 105 58 vno
331 380 120 58 loco
406 380 75 58 &
436 380 105 58 non
496 380 90 58 in
541 380 135 58 alio:
632 380 105 58 iam
692 380 135 58 esset
782 380 150 58 album:
887 380 75 58 &
902 380 105 58 nullo

231 424 138 60 pacto
323 424 107 60 non
384 424 153 60 album,
491 424 107 60 non
553 424 123 60 enim
630 424 199 60 sequitur:
783 424 107 60 hoc
844 424 153 60 corpus
936 424 77 60 est

226 468 109 57 non
289 468 140 57 album
382 468 93 57 in
428 468 109 57 hoc
491 468 140 57 loco:
584 468 124 57 ergo
662 468 109 57 hoc
724 468 155 57 corpus
833 468 109 57 est
895 468 109 57 non
941 468 78 57 al-

233 507 126 54 bum:
312 507 95 54 vt
360 507 95 54 ex
407 507 158 54 logica
517 507 79 54 &
549 507 111 54 iam
612 507 158 54 dictis
723 507 221 54 elucescit.
896 507 95 54 Et
928 507 79 54 eo-

236 557 115 61 dem
301 557 132 61 modo
384 557 99 61 de
433 557 197 61 respectu
581 557 247 61 extrinsecus
779 557 230 61 adueniente
943 557 66 61 se

240 600 149 60 quitur
345 600 254 60 contradictio:
553 600 119 60 quod
628 600 164 60 arguens
747 600 194 60 admittit:
897 600 119 60 quia
956 600 60 60 si

235 647 127 57 talis
319 647 183 57 respectus
460 647 99 57 sit
516 647 84 57 in
559 647 99 57 hoc
615 647 127 57 loco:
699 647 70 57 &
728 647 99 57 non
784 647 84 57 in
826 647 127 57 illo:
896 647 113 57 sequi-

225 688 103 63 tur
284 688 250 63 contradictio:
490 688 117 63 quod
563 688 103 63 hoc
622 688 191 63 subiectum
768 688 103 63 hoc
827 688 176 63 accidens
945 688 73 63 re-

229 748 164 49 ciperet
348 748 75 49 &
378 748 104 49 non
438 748 209 49 reciperet:
602 748 75 49 &
632 748 89 49 si
676 748 134 49 illic
766 748 75 49 a
781 748 238 49 contradictione

235 789 166 48 euadere
356 789 181 48 coneris:
491 789 90 48 in
536 789 196 48 absolutis
687 789 166 48 pariter
808 789 151 48 facile
898 789 121 48 euade-

238 826 85 56 re
280 826 142 56 potes.
380 826 99 56 Sed
436 826 99 56 his
493 826 170 56 relictis
621 826 170 56 redeundo
749 826 85 56 ad
791 826 199 56 propositum
933 826 71 56 te-

233 872 145 53 nendo
330 872 242 53 extensionem
523 872 177 53 partium
652 872 97 53 in
701 872 161 53 ordine
813 872 97 53 ad
862 872 161 53 totum:
959 872 48 53 &

227 913 119 63 non
295 913 102 63 ad
346 913 170 63 locum,
465 913 102 63 ad
516 913 136 63 quem
601 913 153 63 modum
703 913 153 63 magis
805 913 204 63 declino:
941 913 68 63 si

239 960 99 50 cut
296 960 113 50 ista
366 960 213 50 conceditur,
537 960 142 50 corpus
636 960 156 50 Curisti
749 960 85 50 in
792 960 213 50 eucharistia
948 960 71 50 est

235 1000 145 50 longum
336 1000 145 50 septem
437 1000 173 50 pedibus:
567 1000 101 50 ita
625 1000 72 50 &
654 1000 130 50 ista:
740 1000 145 50 corpus
842 1000 159 50 Curisti
943 1000 72 50 est

223 1042 154 62 longum
330 1042 154 62 septem
438 1042 169 62 pedibus
560 1042 92 62 in
606 1042 246 62 eucharistia:
806 1042 107 62 sed
867 1042 107 62 non
914 1042 107 62 extem

239 1089 142 52 ditur
334 1089 283 52 sextupedaliter
570 1089 94 52 in
617 1089 157 52 ordine
727 1089 94 52 ad
774 1089 142 52 locum
853 1089 157 52 euchari-

236 1133 135 56 stiae:
331 1133 95 56 sed
385 1133 95 56 est
440 1133 108 56 vero
507 1133 135 56 simile
602 1133 108 56 quod
670 1133 135 56 quando
765 1133 135 56 corpus
859 1133 149 56 Christi
968 1133 81 56 in

246 1176 131 60 cipit
334 1176 116 60 esse
406 1176 102 60 hic
464 1176 87 60 in
508 1176 232 60 eucharistia:
697 1176 102 60 non
755 1176 160 60 amittit
856 1176 160 60 albedinem

229 1227 103 49 nec
288 1227 133 49 aliud
377 1227 177 49 accidens
509 1227 118 49 quod
583 1227 133 49 habet
671 1227 88 49 in
715 1227 147 49 caelo:
819 1227 118 49 quia
892 1227 88 49 in
936 1227 103 49 in-

233 1270 141 47 stanti
332 1270 155 47 incipit
445 1270 113 47 esse
515 1270 113 47 hic:
586 1270 71 47 &
614 1270 99 47 non
670 1270 198 47 pertransit
826 1270 155 47 medium:
938 1270 71 47 &
953 1270 56 47 nu

238 1311 118 48 lum
306 1311 152 48 agens
407 1311 254 48 extrinsecum
610 1311 220 48 corrumpit
779 1311 186 48 aliquod
898 1311 118 48 acci-

246 1354 133 75 dens,
335 1354 103 75 sed
394 1354 133 75 nouum
482 1354 177 75 accidens
614 1354 103 75 hic
673 1354 191 75 acquirit,
821 1354 118 75 quod
894 1354 103 75 non
938 1354 74 75 ha-

235 1400 102 67 bet
294 1400 88 67 in
323 1400 117 67 caelo.

272 1456 257 90 Contra
451 1456 308 90 secundam
657 1456 359 90 conclusionem

231 1534 186 58 arguitur
370 1534 124 58 quod
447 1534 108 58 non
509 1534 108 58 sit
571 1534 155 58 dubium
679 1534 93 58 an
725 1534 124 58 omne
803 1534 186 58 accidens
926 1534 93 58 quod

241 1582 101 55 est
298 1582 86 55 in
341 1582 158 55 corpore
457 1582 158 55 Christi
572 1582 86 55 in
615 1582 144 55 caelo,
716 1582 101 55 sit
773 1582 86 55 in
816 1582 158 55 corpore
917 1582 101 55 Chri-

237 1622 108 58 sti
298 1622 93 58 in
345 1622 217 58 sacramento
515 1622 77 58 &
546 1622 217 58 econuerso.
716 1622 155 58 oculus
824 1622 170 58 Curisti
933 1622 77 58 vi-

234 1667 104 55 det
294 1667 224 55 presbyterum
473 1667 179 55 leuantem
607 1667 149 55 corpus
711 1667 164 55 Christi
830 1667 89 55 in
860 1667 149 55 sacramen

234 1713 106 48 to:
294 1713 136 48 audit
385 1713 211 48 loquentes:
551 1713 136 48 habet
642 1713 166 48 organum
762 1713 121 48 bene
823 1713 196 48 dispositum,

237 1756 78 56 &
269 1756 157 56 nullum
379 1756 110 56 est
441 1756 267 56 impedimentum:
661 1756 157 56 igitur
771 1756 141 56 habet
849 1756 157 56 visionem

231 1806 211 53 presbyteri
396 1806 90 53 ad
442 1806 226 53 presbyterum
622 1806 226 53 terminatam:
802 1806 75 53 &
817 1806 196 53 auditionem:

239 1843 71 60 &
267 1843 113 60 hanc
338 1843 99 60 non
394 1843 127 60 habet
479 1843 85 60 in
521 1843 141 60 caelo.
620 1843 155 60 igitur.
761 1843 212 60 Respondetur
916 1843 85 60 quod

225 1889 257 57 argumentum
426 1889 202 57 assumit
573 1889 202 57 dubium:
720 1889 110 57 de
775 1889 128 57 quo
830 1889 183 57 doctores

235 1933 239 65 digladiantur:
431 1933 140 65 multis
530 1933 211 65 dicentibus:
698 1933 112 65 quod
768 1933 197 65 requiratur
909 1933 98 65 situs

235 1977 90 52 ad
280 1977 105 52 hoc
340 1977 90 52 vt
385 1977 150 52 audiat
489 1977 105 52 vel
549 1977 165 52 videat:
669 1977 75 52 &
699 1977 120 52 ille
774 1977 135 52 modus
863 1977 105 52 est
908 1977 105 52 faci-

228 2020 133 62 lior.
317 2020 192 62 oppositum
464 2020 133 62 tamen
552 2020 147 62 opinor
655 2020 162 62 verius:
773 2020 118 62 quia
847 2020 118 62 enim
906 2020 103 62 orga-

234 2078 88 50 na
278 2078 118 50 illa
352 2078 118 50 sunt
425 2078 191 50 disposita
572 2078 220 50 intrinsece:
749 2078 73 50 &
778 2078 132 50 sermo
851 2078 162 50 audibilis

241 2111 91 60 in
286 2111 121 60 aere
362 2111 91 60 in
407 2111 121 60 bona
483 2111 272 60 propinquitate:
710 2111 106 60 non
770 2111 136 60 video
861 2111 136 60 quare
936 2111 76 60 non

227 2159 176 58 poterit
355 2159 176 58 audire.
483 2159 128 58 ltem
563 2159 96 58 si
611 2159 128 58 deus
690 2159 176 58 faceret
818 2159 176 58 hominem
930 2159 80 58 in-

243 2197 206 51 stantanee
402 2197 222 51 descendere
576 2197 95 51 ab
624 2197 127 51 alto
703 2197 95 51 ad
750 2197 143 51 imum:
845 2197 143 51 quare
925 2197 79 51 non

239 2251 171 48 poterit
364 2251 171 48 audire:
488 2251 109 48 vel
550 2251 171 48 videre?
674 2251 155 48 Corpus
782 2251 140 48 maius
875 2251 124 48 esse
937 2251 78 48 cum

245 2288 169 54 ninore
363 2288 118 54 non
431 2288 186 54 impedit
566 2288 203 54 visionem
718 2288 118 54 vel
786 2288 253 54 auditionem:
971 2288 51 54 &

235 2332 105 56 sic
295 2332 90 56 de
340 2332 150 56 aliis.
445 2332 120 56 ltem
520 2332 135 56 anima
610 2332 240 56 intellectiua
804 2332 150 56 multas
894 2332 120 56 causat

247 2377 270 52 ransmutationes
472 2377 90 52 in
517 2377 180 52 corpore.
653 2377 150 52 patet.
758 2377 105 52 ix.
818 2377 90 52 de
848 2377 165 52 trinitate

239 2421 113 57 per
304 2421 210 57 Augustini
465 2421 81 57 &
498 2421 97 57 in
546 2421 146 57 nobis
643 2421 210 57 experimur
805 2421 210 57 cogitando
950 2421 65 57 de

233 2466 217 57 nonnullis
400 2466 217 57 obiectis:
568 2466 150 57 anima
668 2466 134 57 enim
752 2466 117 57 non
818 2466 150 57 habet
902 2466 117 57 modum

227 2511 299 57 quantitatiuum:
476 2511 83 57 &
509 2511 149 57 tamen
609 2511 149 57 mutat
708 2511 182 57 corpus:
841 2511 149 57 quare
924 2511 83 57 eo-

237 2556 113 60 dem
301 2556 129 60 modo
382 2556 113 60 non
447 2556 161 60 faciet
559 2556 161 60 corpus
672 2556 194 60 Christi?
817 2556 97 60 si
850 2556 161 60 clericus

227 2601 143 57 prope
322 2601 158 57 altare
433 2601 174 57 poterit
560 2601 158 57 audire
671 2601 238 57 presbyterum
845 2601 158 57 legentem

230 2641 138 63 quare
322 2641 108 63 non
383 2641 169 63 poterit
506 2641 138 63 auris
598 2641 169 63 Curisti
721 2641 108 63 eum
783 2641 154 63 audire
890 2641 77 63 &
905 2641 108 63 vide-

234 2698 107 41 re?
295 2698 123 41 immo
372 2698 138 41 illud
464 2698 107 41 est
525 2698 199 41 probabile
679 2698 92 41 si
725 2698 199 41 poneretur
863 2698 153 41 penetra:

234 2736 108 73 tio
295 2736 186 73 partium,
435 2736 139 73 sicut
527 2736 139 73 multi
620 2736 186 73 doctores
759 2736 201 73 imaginati
899 2736 108 73 sunt:

1076 333 137 61 ergo
1162 333 86 61 a
1196 333 206 61 fortiore
1351 333 206 61 secundum
1505 333 137 61 hunc
1591 333 155 61 modum
1694 333 103 61 de
1729 333 120 61 ordi-

1067 389 94 48 ne
1114 389 173 48 partium
1240 389 94 48 in
1287 389 126 48 toto
1366 389 173 48 debemus
1492 389 141 48 illud
1586 389 204 48 cocedere.
1759 389 94 48 Pro-

1084 416 148 65 pterea
1188 416 163 65 concedo
1306 416 118 65 quod
1380 416 148 65 oculus
1483 416 163 65 Curisti
1602 416 133 65 videt
1690 416 118 65 suum
1750 416 103 65 pedem

1084 469 88 52 in
1128 469 234 52 eucharistia:
1319 469 73 52 &
1348 469 132 52 calor
1436 469 146 52 cordis
1538 469 220 52 calefaceret
1700 469 146 52 subiecta

1074 515 147 53 vicina
1177 515 88 53 si
1222 515 118 53 deus
1295 515 147 53 actiue
1398 515 88 53 ad
1443 515 103 53 hoc
1501 515 236 53 concurreret:
1693 515 74 53 &
1722 515 88 53 si
1752 515 103 53 esset

1078 566 214 46 penetratio
1246 566 168 46 partium
1368 566 137 46 calor
1459 566 137 46 magis
1551 566 244 46 calefaceret.
1734 566 122 46 virtus

1078 599 111 61 enim
1148 599 125 61 vnita
1231 599 97 61 (vt
1286 599 125 61 vulgo
1370 599 167 61 dicitur,
1495 599 97 61 est
1550 599 153 61 fortior
1662 599 125 61 seipa
1731 599 125 61 disprsa

1088 651 81 50 vt
1128 651 81 50 si
1168 651 121 50 totus
1249 651 121 50 calor
1329 651 67 50 a
1356 651 67 50 /
1383 651 161 50 corporis
1504 651 134 50 calidi
1598 651 175 50 poneretur
1733 651 81 50 in
1759 651 81 50 eius

1069 689 190 60 medietate,
1219 689 122 60 esset
1300 689 163 60 actiuior
1422 689 108 60 quam
1490 689 81 60 in
1531 689 122 60 toto.
1612 689 108 60 ergo
1680 689 81 60 si
1720 689 95 60 sit
1761 689 95 60 defi-

1079 731 138 55 nitiue
1176 731 83 55 in
1217 731 124 55 loco,
1300 731 110 55 erit
1369 731 179 55 actiuior:
1507 731 138 55 saltem
1604 731 97 55 non
1659 731 124 55 minus
1728 731 124 55 actiuus

1069 789 112 45 est:
1139 789 126 45 eadem
1224 789 112 45 enim
1294 789 98 45 est
1350 789 169 45 latitudo
1477 789 155 45 formae:
1589 789 70 45 &
1617 789 126 45 etiam
1687 789 169 45 actualiter

1073 821 151 59 ageret
1178 821 90 59 si
1224 821 120 59 deus
1299 821 105 59 cum
1359 821 90 59 eo
1404 821 241 59 concurreret:
1600 821 75 59 &
1630 821 136 59 esset
1720 821 120 59 vnum
1781 821 75 59 pas

1076 865 109 51 sum
1139 865 93 51 in
1185 865 109 51 sua
1248 865 171 51 sphaera
1372 865 218 51 applicitum
1544 865 109 51 non
1606 865 218 51 impeditum.
1777 865 109 51 Non

1078 910 98 45 est
1134 910 126 45 tamen
1218 910 140 45 certum
1316 910 112 45 quod
1386 910 126 45 tales
1471 910 210 45 sensationes
1639 910 112 45 sunt
1709 910 84 45 in
1737 910 112 45 caelo:

1065 951 105 60 sed
1125 951 150 60 corpus
1230 951 165 60 Curisti
1350 951 90 60 in
1395 951 135 60 caelo
1486 951 135 60 audit
1576 951 225 60 presbyterum
1741 951 105 60 legen

1074 996 106 57 tem
1134 996 91 57 in
1180 996 167 57 altari.
1301 996 136 57 Beati
1392 996 167 57 insuper
1513 996 76 57 &
1544 996 152 57 angeli
1650 996 167 57 possunt
1756 996 91 57 vide

1078 1044 87 56 re
1122 1044 146 56 corpus
1224 1044 160 56 Curisti
1340 1044 87 56 in
1384 1044 233 56 eucharistia.
1573 1044 146 56 patet.
1675 1044 160 56 possunt
1777 1044 73 56 vi-

1078 1086 118 60 dere
1152 1086 163 60 angelos
1270 1086 74 60 &
1300 1086 163 60 nostras
1418 1086 192 60 notitias:
1566 1086 89 60 si
1610 1086 133 60 ipsis
1684 1086 163 60 relinquan

1068 1141 125 48 tur:
1147 1141 125 48 ergo
1225 1141 78 48 &
1256 1141 156 48 corpus
1365 1141 203 48 extensum.
1522 1141 156 48 Dicere
1631 1141 125 48 quod
1694 1141 156 48 requira-

1073 1182 105 41 tur
1133 1182 181 41 extensio
1269 1182 90 41 in
1314 1182 151 41 ordine
1419 1182 90 41 ad
1464 1182 151 41 locum:
1570 1182 105 41 est
1630 1182 151 41 dictum
1736 1182 105 41 non
1781 1182 75 41 pro

1072 1222 173 59 batum:
1193 1222 86 59 &
1227 1222 121 59 cum
1296 1222 190 59 angelus
1434 1222 155 59 motum
1538 1222 190 59 localem
1676 1222 104 59 in
1711 1222 138 59 mobile

1078 1263 184 67 producat:
1219 1263 99 67 qui
1276 1263 99 67 non
1333 1263 99 67 est
1389 1263 99 67 sub
1446 1263 113 67 modo
1516 1263 241 67 quantitatiuo:
1715 1263 141 67 quarae
1799 1263 57 67 ca

1076 1307 99 59 ior
1132 1307 169 59 corporis
1259 1307 99 59 non
1315 1307 113 59 aget
1386 1307 113 59 dato
1456 1307 113 59 quod
1526 1307 84 59 no
1569 1307 99 59 sit
1625 1307 99 59 sub
1681 1307 113 59 modo
1737 1307 113 59 quanti

1075 1364 159 50 tatiuo?
1190 1364 188 50 vtrobique
1335 1364 116 50 enim
1407 1364 145 50 quando
1508 1364 116 50 sunt
1581 1364 101 50 duo
1639 1364 145 50 actiua
1725 1364 116 50 quorum

1069 1392 132 56 vtrum
1158 1392 118 56 quod
1231 1392 103 56 est
1290 1392 88 56 ex
1334 1392 88 56 se
1378 1392 177 56 actiuum:
1511 1392 74 56 &
1540 1392 147 56 habent
1643 1392 206 56 consimilem
1790 1392 59 56 mo

1075 1444 102 59 dum
1134 1444 204 59 existendi:
1294 1444 87 59 si
1338 1444 117 59 vnum
1410 1444 146 59 possit
1512 1444 131 59 agere
1600 1444 87 59 in
1644 1444 146 59 passum
1745 1444 73 59 &
1760 1444 102 59 reli-

1075 1485 151 61 quum.
1210 1485 118 61 Sed
1277 1485 101 61 an
1328 1485 202 61 possimus
1479 1485 168 61 videre
1597 1485 168 61 corpus
1698 1485 151 61 Christi

1068 1531 85 59 in
1110 1531 213 59 eucharistia
1281 1531 100 59 cum
1338 1531 199 59 influentia
1494 1531 100 59 dei
1551 1531 185 59 generali:
1694 1531 142 59 nondum
1779 1531 71 59 ex-

1073 1576 152 61 ploratum
1188 1576 102 61 est.
1251 1576 127 61 opinor
1340 1576 102 61 quod
1404 1576 102 61 sic:
1467 1576 76 61 si
1505 1576 102 61 deus
1569 1576 203 61 concurreret:
1734 1576 102 61 quia
1785 1576 76 61 cor-

1080 1620 103 62 pus
1139 1620 117 62 eius
1212 1620 103 62 est
1271 1620 206 62 coloratum:
1433 1620 117 62 modo
1506 1620 132 62 color
1594 1620 103 62 est
1653 1620 176 62 obiectum
1771 1620 73 62 vi-

1078 1667 109 60 sus:
1146 1667 95 60 nec
1201 1667 149 60 videtur
1309 1667 204 60 necessarium
1473 1667 109 60 quod
1540 1667 95 60 sit
1595 1667 163 60 extensum
1717 1667 95 60 cum
1758 1667 95 60 parti

1068 1709 97 61 bus
1124 1709 125 61 loci:
1207 1709 97 61 sed
1262 1709 166 61 sufficit
1386 1709 111 61 quod
1456 1709 97 61 sit
1511 1709 166 61 extensio
1636 1709 152 61 partium
1746 1709 83 61 in
1774 1709 83 61 ordi

1069 1765 85 47 ne
1111 1765 85 47 ad
1154 1765 141 47 totum:
1253 1765 99 47 vel
1309 1765 127 47 talis
1394 1765 127 47 ordo:
1479 1765 99 47 vel
1536 1765 127 47 etiam
1621 1765 156 47 partium
1720 1765 141 47 penetra:

1081 1798 110 60 tio,
1150 1798 96 60 non
1205 1798 124 60 minus
1287 1798 110 60 enim
1356 1798 178 60 videretur
1493 1798 137 60 albedo
1589 1798 151 60 pedalis
1699 1798 82 60 si
1726 1798 124 60 quaeli-

1067 1843 105 57 bet
1127 1843 120 57 pars
1202 1843 194 57 poneretur
1351 1843 224 57 penetratiue
1530 1843 105 57 cum
1590 1843 179 57 qualibet
1725 1843 105 57 per
1769 1843 90 57 vnum

1075 1890 131 56 pedem,
1166 1890 105 56 quam
1232 1890 105 56 nunc
1297 1890 170 56 videatur.
1428 1890 78 56 Et
1467 1890 91 56 sic
1519 1890 91 56 est
1572 1890 170 56 probabile
1702 1890 105 56 quod
1754 1890 105 56 oculus

1074 1943 148 48 Curisti
1181 1943 134 48 potest
1275 1943 134 48 videre
1369 1943 81 48 in
1410 1943 202 48 eucharistia
1571 1943 202 48 praesentes:
1732 1943 67 48 &
1759 1943 81 48 de
1786 1943 67 48 fa-

1080 1975 111 61 cto
1143 1975 158 61 videt:
1254 1975 79 61 &
1286 1975 111 61 nos
1349 1975 142 61 etiam
1444 1975 142 61 ipsum
1539 1975 158 61 corpus
1649 1975 206 61 videremus
1792 1975 63 61 si

1075 2022 99 56 cum
1131 2022 99 56 hoc
1188 2022 212 56 concurreret
1357 2022 127 56 deus:
1442 2022 99 56 sed
1499 2022 85 56 ob
1541 2022 155 56 meritum
1654 2022 127 56 fidei
1739 2022 99 56 non
1781 2022 71 56 con

1079 2078 152 47 currit:
1190 2078 110 47 quia
1258 2078 97 47 pro
1314 2078 138 47 regula
1410 2078 207 47 obseruandum
1576 2078 110 47 est:
1644 2078 83 47 vt
1686 2078 165 47 superius
1810 2078 83 47 in

1068 2119 174 49 materia
1194 2119 95 49 de
1242 2119 205 49 creatione
1400 2119 189 49 diximus,
1541 2119 126 49 quod
1620 2119 142 49 omnia
1715 2119 126 49 quae
1778 2119 79 49 ap-

1075 2163 144 50 parent
1175 2163 130 50 circa
1262 2163 245 50 eucharistiam,
1463 2163 173 50 apparent
1593 2163 86 50 ac
1636 2163 86 50 si
1679 2163 130 50 panis
1751 2163 101 50 esset

1075 2196 185 62 praesens:
1217 2196 71 62 &
1246 2196 142 62 quando
1345 2196 185 62 creaturae
1488 2196 171 62 actionem
1616 2196 128 62 talem
1701 2196 142 62 habere
1787 2196 71 62 non

1084 2241 187 50 possunt:
1224 2241 124 50 deus
1302 2241 187 50 supplet:
1442 2241 78 50 &
1473 2241 109 50 hoc
1535 2241 109 50 per
1597 2241 140 50 legem
1675 2241 171 50 communem.

1073 2287 110 57 Nec
1136 2287 110 57 est
1199 2287 142 57 magna
1294 2287 221 57 apparentia
1468 2287 158 57 dicere
1578 2287 126 57 quod
1657 2287 173 57 angelus
1767 2287 79 57 vel

1068 2335 139 53 beatus
1165 2335 97 53 non
1221 2335 139 53 possit
1318 2335 125 53 illud
1401 2335 139 53 corpus
1499 2335 97 53 sic
1554 2335 153 53 videre,
1665 2335 111 53 quod
1735 2335 111 53 enim
1790 2335 56 53 ra

1069 2373 211 59 tionabilius
1238 2373 113 59 est,
1308 2373 155 59 corpori
1421 2373 155 59 Christi
1533 2373 99 59 est
1590 2373 155 59 dandum:
1702 2373 70 59 &
1730 2373 99 59 cum
1773 2373 70 59 nec

1069 2417 124 68 fides
1152 2417 97 68 nec
1207 2417 124 68 ratio
1290 2417 97 68 sit
1346 2417 83 68 in
1387 2417 180 68 oppositum
1525 2417 111 68 quod
1594 2417 97 68 non
1650 2417 152 68 audiat:
1746 2417 97 68 quare

1076 2461 110 64 est
1139 2461 142 64 illud
1234 2461 205 64 negandum,
1392 2461 110 64 cum
1455 2461 158 64 habeat
1565 2461 158 64 organa
1676 2461 158 64 optime
1770 2461 79 64 dis

1071 2506 167 61 posita?
1223 2506 107 61 Sed
1284 2506 152 61 contra
1390 2506 137 61 illud
1482 2506 122 61 idem
1558 2506 183 61 arguitur
1695 2506 91 61 de
1725 2506 122 61 visio-

1077 2555 92 55 ne
1123 2555 168 55 ponendo
1245 2555 260 55 penetrationem
1459 2555 183 55 partium,
1596 2555 107 55 non
1657 2555 138 55 habet
1734 2555 122 55 oculum

1069 2596 244 55 dispositum
1260 2596 105 55 ad
1313 2596 227 55 videndum:
1487 2596 122 55 nec
1557 2596 157 55 aurem
1661 2596 105 55 ad
1696 2596 157 55 audien-

1081 2641 117 54 dum:
1155 2641 73 54 &
1184 2641 191 54 intelligo
1330 2641 147 54 semper
1433 2641 88 54 in
1477 2641 117 54 tali
1550 2641 117 54 modo
1624 2641 88 54 se
1668 2641 176 54 habendi.
1785 2641 73 54 vel

1074 2688 222 57 imaginemur
1249 2688 159 57 sortem
1360 2688 127 57 esse
1439 2688 95 57 in
1487 2688 111 57 vno
1550 2688 127 57 loco
1614 2688 238 57 sacramentali-

1070 2725 114 78 ter,
1141 2725 71 78 &
1169 2725 100 78 non
1226 2725 185 78 loquaemur
1369 2725 85 78 de
1411 2725 157 78 visione
1525 2725 85 78 in
1568 2725 142 78 verbo.
1668 2725 185 78 Praeterea
1796 2725 71 78 non
