2291 3329
426 332 109 68 nando
498 332 97 68 quod
559 332 72 68 i.
595 332 72 68 o.
631 332 109 68 licet
703 332 72 68 ei
740 332 133 68 vtraque
836 332 133 68 illarum
933 332 169 68 materiarum
1065 332 84 68 sit
1102 332 84 68 conse

431 401 167 54 crabilis:
560 401 90 54 non
611 401 116 54 tamen
688 401 90 54 per
740 401 103 54 illa
804 401 129 54 verba:
894 401 103 54 quia
958 401 103 54 dato
1023 401 154 54 opposito
1126 401 64 54 vna

423 436 126 61 forma
507 436 211 61 sufficeret.
676 436 112 61 ltem
746 436 126 61 vinum
830 436 197 61 significat
984 436 197 61 sanguinem:
1125 436 70 61 er-

426 480 81 62 go
467 480 122 62 ipsum
549 480 203 62 consecratur
711 480 95 62 per
766 480 122 62 solam
847 480 136 62 formam
942 480 190 62 sanguinis.
1091 480 95 62 Non
1132 480 54 62 ob

430 526 107 67 stat
496 526 107 67 quod
563 526 173 67 vbicumque
696 526 93 67 est
749 526 146 67 sanguis
856 526 160 67 Christi,
976 526 120 67 illic
1056 526 93 67 est
1095 526 107 67 corpus

427 565 120 59 eius:
507 565 107 59 quia
573 565 93 59 hoc
627 565 120 59 solum
707 565 93 59 est
760 565 227 59 cocomitanter:
947 565 67 59 &
974 565 93 59 non
1027 565 147 59 fuisset
1120 565 67 59 ita

420 612 82 61 in
461 612 150 61 triduo.
570 612 68 61 ⁋
597 612 82 61 Ad
638 612 150 61 tertiam
747 612 163 61 dicitur:
869 612 109 61 quod
937 612 136 61 bestia
1033 612 95 61 est
1074 612 122 61 lauanda

426 658 73 59 &
456 658 219 59 comburenda:
631 658 102 59 vel
690 658 88 59 si
734 658 161 59 aliquid
851 658 132 59 aliud
938 658 161 59 fuerit:
1055 658 88 59 vt
1085 658 102 59 pluma

417 704 151 53 lignum
523 704 106 53 vel
583 704 211 53 huiusmodi:
749 704 76 53 &
779 704 211 53 conseruari
945 704 136 53 debet
1036 704 91 53 in
1066 704 121 53 pisci-

424 747 103 53 na,
483 747 73 53 &
512 747 132 53 aliud
600 747 132 53 vinum
688 747 264 53 consecrabitur.
909 747 73 53 ⁋
938 747 88 53 Ad
982 747 161 53 quarta.
1099 747 88 53 lu
1129 747 73 53 ita

422 790 103 55 sit:
486 790 180 55 praesbyter
628 790 103 55 male
692 790 141 55 ageret.
795 790 77 55 Et
833 790 77 55 ex
872 790 103 55 illo
936 790 116 55 patet
1013 790 103 55 quod
1065 790 128 55 praesby-

417 835 93 56 ter
470 835 133 56 potest
563 835 186 56 consecrare
709 835 146 56 hostiam
816 835 106 56 post
882 835 173 56 parietem.
1015 835 133 56 patet:
1095 835 93 56 conse

416 889 115 48 crat
488 889 158 48 hostiam
603 889 158 48 positam
718 889 101 48 sub
776 889 130 48 alia:
862 889 72 48 &
891 889 101 48 sub
948 889 202 48 corporali:
1107 889 115 48 ergo

409 924 152 57 eodem
511 924 135 57 modo
595 924 135 57 post
680 924 220 57 parietem.
849 924 85 57 ⁋
883 924 169 57 Quinto
984 924 203 57 dubitatur.

413 979 82 44 an
454 979 192 44 praesbyter
605 979 178 44 consecret
742 979 123 44 vinum
824 979 82 44 in
865 979 109 44 pede
933 979 96 44 vel
988 979 82 44 in
1029 979 96 44 ora
1070 979 123 44 calicis

412 1012 95 59 vel
467 1012 149 59 hostiam
575 1012 81 59 in
616 1012 122 59 medio
697 1012 149 59 altari.
806 1012 68 59 ⁋
833 1012 122 59 Sexto
914 1012 190 59 dubitatur.
1063 1012 81 59 si
1090 1012 95 59 praes

413 1056 128 54 byter
498 1056 128 54 ponat
583 1056 113 54 vnam
654 1056 156 54 hostiam
767 1056 113 54 quam
838 1056 170 54 intendit
966 1056 213 54 consecrare,
1122 1056 71 54 al-

410 1103 109 53 tero
479 1103 123 53 illam
560 1103 177 53 auferente
697 1103 204 53 praesbytero
860 1103 150 53 inscio,
969 1103 68 53 &
996 1103 150 53 ponente
1092 1103 95 53 aliam

403 1153 88 61 an
447 1153 132 61 illam
535 1153 191 61 consecret
682 1153 220 61 praesbyter.
858 1153 73 61 ⁋
887 1153 88 61 Ad
931 1153 147 61 quinta
1019 1153 161 61 dubitatio

406 1188 102 55 nem
465 1188 160 55 dicitur
581 1188 117 55 quod
654 1188 190 55 presbyter
800 1188 146 55 potest
902 1188 190 55 trifariam
1048 1188 88 55 se
1077 1188 117 55 habere

416 1237 109 52 Vel
479 1237 186 52 intendit
618 1237 140 52 illud
712 1237 233 52 consecrare,
898 1237 109 52 vel
960 1237 186 52 intendit
1084 1237 109 52 ipsum

418 1282 106 53 non
478 1282 227 53 consecrare:
660 1282 76 53 &
690 1282 121 53 tunc
766 1282 136 53 clara
857 1282 106 53 est
917 1282 212 53 responsio.
1084 1282 106 53 vel
1129 1282 61 53 ne

415 1331 119 56 quod
490 1331 119 56 sic,
564 1331 134 56 neque
654 1331 119 56 sic:
728 1331 75 56 &
758 1331 119 56 tunc
832 1331 179 56 obscurum
966 1331 104 56 est
1011 1331 179 56 respondere

405 1372 116 58 quia
478 1372 203 58 praesbyter
638 1372 160 58 induens
754 1372 145 58 vestes
856 1372 174 58 intendit
987 1372 203 58 celebrare,
1132 1372 58 58 li

403 1420 104 48 cet
463 1420 104 48 non
522 1420 178 48 habuerit
656 1420 223 48 intentionem
834 1420 238 48 particularem
1027 1420 134 48 super
1116 1420 104 48 ho-

402 1455 133 60 stiam
491 1455 222 60 offerendam.
669 1455 104 60 quo
728 1455 104 60 non
787 1455 193 60 obstante,
935 1455 163 60 videtur
1039 1455 148 60 consecra

403 1502 94 54 re.
456 1502 107 54 ergo
523 1502 94 54 cum
576 1502 120 54 cepit
657 1502 120 54 vinum
737 1502 120 54 licet
817 1502 94 54 non
871 1502 160 54 intendat
991 1502 80 54 in
1018 1502 160 54 particular

400 1549 162 57 ipsum
508 1549 252 57 consecrat.
706 1549 270 57 Respondetur
922 1549 252 57 concedendo
1102 1549 90 57 dum

398 1591 129 48 modo
478 1591 145 48 vinum
575 1591 113 48 sit
639 1591 97 48 in
688 1591 129 48 loco
768 1591 209 48 consueto.
929 1591 113 48 hoc
994 1591 129 48 enim
1058 1591 129 48 virtua

405 1636 128 53 liter
490 1636 185 53 intendit:
632 1636 171 53 scilicet
760 1636 156 53 dummodo
874 1636 100 53 est
931 1636 213 53 virtualiter
1087 1636 100 53 intra

396 1680 197 54 calicem:
543 1680 148 54 secus
642 1680 115 54 est
708 1680 99 54 de
757 1680 131 54 vino
839 1680 148 54 extra
938 1680 197 54 calicem.
1069 1680 115 54 Fodem

404 1722 127 60 modo
484 1722 96 60 si
531 1722 191 60 sacerdos
675 1722 159 60 posuit
786 1722 159 60 plures
898 1722 175 60 hostias
1025 1722 143 60 super
1104 1722 80 60 al-

399 1768 127 53 tare
479 1768 207 53 intendens
638 1768 111 53 eas
701 1768 143 53 omnes
797 1768 223 53 consecrare
971 1768 95 53 in
1003 1768 175 53 principio

407 1809 140 68 licet
501 1809 172 68 cogitet
626 1809 140 68 solum
719 1809 172 68 tempore
844 1809 281 68 consecrationis
1078 1809 94 68 de
1109 1809 78 68 sua

399 1859 153 61 propria
510 1859 139 61 hostia
608 1859 111 61 quam
677 1859 139 61 leuat,
775 1859 125 61 omnes
858 1859 195 61 consecrat.
1011 1859 139 61 Patet:
1095 1859 83 61 quia

401 1914 110 48 non
464 1914 221 48 requiritur
638 1914 189 48 actualis
780 1914 252 48 consideratio
985 1914 142 48 earum
1064 1914 126 48 tempo-

398 1942 94 61 re
445 1942 298 61 consecrationis:
696 1942 125 61 immo
774 1942 110 61 hoc
837 1942 110 61 non
900 1942 219 61 requiritur
1057 1942 125 61 respe-

404 1986 110 59 ctu
467 1986 173 59 hostiae
593 1986 126 59 quam
671 1986 141 59 habet
766 1986 94 59 in
813 1986 189 59 manibus:
954 1986 94 59 vt
1001 1986 173 59 amplius
1111 1986 79 59 di-

398 2035 238 54 stinctione
585 2035 204 54 sequenti
738 2035 221 54 tangetur.
907 2035 85 54 ⁋
941 2035 102 54 Ad
992 2035 170 54 sextam
1094 2035 85 54 du-

402 2079 196 55 bitationem
556 2079 210 55 respondetur
724 2079 112 55 quod
794 2079 112 55 sic:
864 2079 84 55 si
906 2079 168 55 intendat
1018 2079 168 55 consecrare

403 2119 120 75 quod
478 2119 105 75 est
538 2119 120 75 ante
614 2119 105 75 se,
674 2119 120 75 siue
749 2119 151 75 creqat
855 2119 136 75 ipsam
945 2119 120 75 esse
1005 2119 181 75 hordeaceam

399 2171 128 62 siue
479 2171 176 62 componi
607 2171 96 62 ex
654 2171 176 62 punctis
782 2171 112 62 vel
846 2171 176 62 aliter.
974 2171 80 62 ⁋
1005 2171 128 62 Ecce
1085 2171 128 62 ergo

407 2211 146 54 panem
504 2211 228 54 triticeum:
683 2211 81 54 &
716 2211 146 54 vinum
813 2211 211 54 expressum
976 2211 98 54 de
1025 2211 146 54 vite,
1106 2211 65 54 ma

389 2261 160 51 teriam
501 2261 225 51 sacramenti
678 2261 273 51 eucharistiae:
902 2261 80 51 &
934 2261 176 51 quomodo
1047 2261 128 51 aliqua

398 2305 169 56 mixtio
517 2305 203 56 materiam
669 2305 288 56 consecrabilem
906 2305 203 56 impedit:
1042 2305 135 56 aliqua

403 2344 108 55 vero
470 2344 108 55 non.
537 2344 162 55 Vlterius
659 2344 148 55 diximus
767 2344 108 55 quod
834 2344 81 55 si
874 2344 148 55 species
982 2344 108 55 vini
1036 2344 135 55 diuidam-

401 2386 96 54 in
449 2386 160 54 partes
561 2386 272 54 insensibiles,
785 2386 112 54 non
848 2386 176 54 amplius
976 2386 160 54 manent
1072 2386 112 54 acci-

406 2432 160 67 dentia
518 2432 144 67 extra
614 2432 224 67 subiectum.
790 2432 176 67 Insuper
903 2432 272 67 dubitatiunculas

406 2477 97 54 de
454 2477 276 54 consecratione
681 2477 243 54 formauimus:
876 2477 227 54 Corollarie
1038 2477 146 54 inferen

404 2517 100 70 tes
461 2517 115 70 quod
533 2517 186 70 presbyter
676 2517 143 70 potest
776 2517 172 70 secundum
906 2517 129 70 legem
992 2517 172 70 communem
1106 2517 72 70 fa-

411 2564 118 69 cere
485 2564 191 69 infinitam
632 2564 235 69 multitudinem
823 2564 147 69 entium
926 2564 235 69 separatorum,
1102 2564 88 69 quod

398 2613 159 67 notabis.

1582 339 141 91 Am
1652 339 259 91 vidimus
1817 339 212 91 quomodo

1587 411 144 65 panis
1683 411 337 65 transubstantietur
1956 411 64 65 in

1578 451 149 73 corpus
1682 451 178 73 Christi,
1816 451 74 73 &
1846 451 134 73 vinum
1935 451 89 73 de
1965 451 59 73 vi

1590 504 90 60 te
1635 504 90 60 in
1680 504 120 60 eius
1755 504 210 60 sanguinem:
1919 504 75 60 &
1934 504 90 60 quis

1518 538 124 70 sit
1589 538 160 70 panis
1696 538 142 70 ille
1785 538 124 70 qui
1856 538 107 70 in
1891 538 142 70 corpus

1586 593 156 58 Curisti
1699 593 312 58 transubstantiatur:
1955 593 71 58 cum

1550 632 171 67 capost
1653 632 377 67 transubstantiationem

1249 695 166 47 corpus
1366 695 183 47 Curisti
1499 695 116 47 sit
1565 695 233 47 adorandum.
1748 695 216 47 Quaeritur
1897 695 133 47 Tertio

1254 725 93 51 An
1301 725 156 51 corpus
1410 725 171 51 Christi
1534 725 109 51 sit
1597 725 218 51 categorice
1768 725 202 51 adorandum
1923 725 93 51 in
1954 725 78 51 eu-

1249 776 214 48 charistia,
1417 776 92 48 an
1463 776 306 48 conditionaliter.
1724 776 153 48 Notato
1831 776 107 48 hic
1877 776 153 48 duplicem

1257 818 119 54 esse
1332 818 209 54 positionem
1496 818 149 54 realem
1600 818 164 54 (aliqui
1720 818 119 54 enim
1794 818 209 54 verbaliter
1943 818 90 54 dis-

1250 860 187 57 crepant:
1391 860 78 57 &
1422 860 94 57 in
1469 860 140 57 eadem
1562 860 203 57 sententia
1719 860 234 57 conueniunt)
1890 860 125 57 aliqui

1259 903 160 59 volunt
1371 903 144 59 solum
1467 903 304 59 conditionaliter
1723 903 160 59 corpus
1835 903 176 59 Christi
1947 903 80 59 ado

1247 954 149 50 randum
1351 954 89 50 in
1396 954 238 50 eucharistia:
1589 954 149 50 placet
1693 954 134 50 aliis
1782 954 119 50 quod
1842 954 178 50 categorice

1261 992 147 64 potest
1364 992 161 64 adorari
1481 992 147 64 corpus
1584 992 161 64 Christi
1701 992 88 64 in
1745 992 235 64 eucharistia.
1936 992 73 64 ⁋
1951 992 73 64 Pro

1253 1038 199 57 solutione
1406 1038 229 57 quaestionis
1589 1038 138 57 ponam
1681 1038 138 57 sicut
1772 1038 92 57 in
1818 1038 183 57 caeteris
1940 1038 92 57 ali-

1246 1082 134 60 quas
1330 1082 285 60 conclusiones:
1564 1082 167 60 quarum
1681 1082 151 60 Prima
1782 1082 117 60 est
1849 1082 151 60 haec,
1949 1082 117 60 non

1252 1130 105 48 est
1312 1130 120 48 mihi
1387 1130 165 48 euidens
1507 1130 120 48 quod
1582 1130 150 48 corpus
1687 1130 165 48 Curisti
1807 1130 210 48 continetur
1957 1130 60 48 in

1251 1169 107 61 hac
1312 1169 169 61 hostia.
1435 1169 199 61 probatur.
1588 1169 123 61 stat
1665 1169 138 61 panem
1757 1169 107 61 non
1818 1169 153 61 fuisse
1910 1169 123 61 triti-

1248 1227 146 41 ceum,
1345 1227 113 41 vel
1410 1227 226 41 sacerdotem
1587 1227 113 41 non
1652 1227 226 41 intendisse
1814 1227 210 41 consecrare:

1259 1260 101 52 vel
1316 1260 101 52 non
1374 1260 202 52 protulisse
1533 1260 130 52 verba
1620 1260 202 52 necessaria
1778 1260 260 52 consecrationi:
1981 1260 43 52 &

1244 1304 104 52 tunc
1309 1304 91 52 non
1361 1304 143 52 fuisset
1465 1304 208 52 consecratio.
1634 1304 143 52 Secundo
1737 1304 156 52 arguitur
1854 1304 78 52 ad
1893 1304 117 52 idem,
1958 1304 65 52 non

1246 1348 96 63 est
1301 1348 137 63 certum
1397 1348 206 63 praesbytero
1562 1348 82 63 an
1603 1348 247 63 consecrauerit:
1809 1348 110 63 ergo
1878 1348 96 63 non
1933 1348 96 63 est
1974 1348 41 63 m

1249 1393 82 54 hi
1290 1393 150 54 certum.
1400 1393 123 54 tenet
1482 1393 232 54 consequentia:
1673 1393 109 54 quia
1742 1393 109 54 ipse
1810 1393 96 54 pot
1865 1393 96 54 hoc
1906 1393 109 54 melius

1255 1436 248 61 depraehendere,
1462 1436 110 61 quam
1530 1436 110 61 ego.
1599 1436 193 61 antecedens
1751 1436 138 61 patet.
1847 1436 110 61 stat
1916 1436 96 61 eum
1957 1436 55 61 no

1250 1483 114 56 esse
1321 1483 214 56 baptizatum:
1493 1483 71 56 &
1521 1483 100 56 sic
1578 1483 100 56 non
1635 1483 100 56 est
1692 1483 186 56 sacerdos.
1835 1483 114 56 Stat
1892 1483 129 56 insuper

1259 1526 133 62 epscum
1352 1526 93 62 non
1405 1526 173 62 ordinasse
1538 1526 106 62 eum.
1604 1526 146 62 igitur.
1711 1526 66 62 ⁋
1737 1526 146 62 Secunda
1844 1526 186 62 conclusio.
1977 1526 53 62 ha

1252 1574 101 52 beo
1309 1574 230 52 certitudinem
1496 1574 144 52 morale
1596 1574 230 52 sufficientem
1783 1574 115 52 quod
1855 1574 144 52 corpus
1941 1574 86 52 Chri

1251 1616 92 54 sti
1303 1616 288 54 transubstantietur:
1552 1616 105 54 ergo
1618 1616 92 54 sub
1670 1616 170 54 speciebus
1801 1616 118 54 panis
1880 1616 92 54 est
1919 1616 105 54 corpus

1255 1659 167 55 Christi.
1380 1659 111 55 Haec
1450 1659 223 55 consequentia
1631 1659 97 55 est
1686 1659 125 55 bona:
1770 1659 111 55 quia
1825 1659 195 55 certitudinem

1245 1703 173 57 moralem
1371 1703 142 57 habeo
1466 1703 95 57 de
1513 1703 142 57 ante:
1608 1703 126 57 ergo
1686 1703 142 57 talem
1781 1703 142 57 habeo
1875 1703 95 57 de
1907 1703 110 57 conse

1249 1760 133 45 quente.
1345 1760 72 45 si
1382 1760 97 45 enim
1442 1760 121 45 aliqua
1526 1760 193 45 consequentia
1683 1760 84 45 sit
1731 1760 121 45 certa,
1816 1760 60 45 &
1828 1760 193 45 antecedenscer-

1246 1803 114 46 tum:
1317 1803 199 46 consequens
1474 1803 128 46 eadem
1559 1803 214 46 certitudine
1730 1803 100 46 est
1787 1803 157 46 certum:
1901 1803 100 46 sed
1944 1803 71 46 cer

1243 1837 210 57 titudinem
1404 1837 177 57 moralem
1533 1837 145 57 habeo
1630 1837 97 57 de
1678 1837 258 57 antecedente,
1888 1837 129 57 quod
1952 1837 81 57 pa-

1240 1890 121 49 tet.
1315 1890 166 49 videmus
1436 1890 121 49 quod
1511 1890 136 49 nulla
1602 1890 106 49 est
1662 1890 226 49 difficultas
1843 1890 90 49 de
1873 1890 151 49 baptismo

1246 1937 116 45 nati
1319 1937 131 45 inter
1407 1937 233 45 christianos,
1596 1937 73 45 &
1625 1937 131 45 notos
1712 1937 189 45 parentes:
1858 1937 102 45 tum
1916 1937 87 45 ex
1945 1937 73 45 par

1244 1972 98 51 te
1293 1972 196 51 parentum
1440 1972 82 51 &
1472 1972 245 51 patrinorum:
1669 1972 114 51 tum
1734 1972 98 51 ex
1783 1972 147 51 parte
1865 1972 163 51 baptizan

1242 2017 102 53 tis
1301 2017 73 53 &
1330 2017 190 53 viciniae.
1477 2017 88 53 De
1520 2017 205 53 intentione
1681 2017 176 53 episcopi
1813 2017 102 53 non
1872 2017 132 53 cadit
1945 2017 73 53 dis

1251 2056 192 53 ficultas:
1399 2056 104 53 nec
1458 2056 89 53 de
1503 2056 207 53 intentione
1666 2056 207 53 sacerdotis
1829 2056 118 53 quin
1888 2056 133 53 ordines

1241 2101 204 55 suscipere
1398 2101 204 55 intendit:
1555 2101 78 55 &
1587 2101 157 55 facere
1696 2101 126 55 illa
1775 2101 126 55 quae
1853 2101 157 55 probum
1948 2101 78 55 vi-

1237 2144 117 60 rum
1304 2144 183 60 decent.
1437 2144 200 60 quilibet
1587 2144 133 60 enim
1671 2144 117 60 est
1738 2144 267 60 praesumendus
1938 2144 83 60 bo-

1244 2189 110 56 nus
1307 2189 141 56 donec
1401 2189 94 56 de
1449 2189 189 56 opposito
1590 2189 204 56 doceatur,
1747 2189 110 56 non
1810 2189 173 56 docetur
1920 2189 110 56 autem

1239 2238 220 53 oppositum
1408 2238 101 53 de
1459 2238 118 53 hoc
1527 2238 237 53 sacerdote,
1713 2238 152 53 prout
1797 2238 220 53 supponitur.

1238 2287 79 58 ⁋
1270 2287 158 58 Tertia
1381 2287 222 58 conclusio.
1555 2287 143 58 licet
1650 2287 222 58 categorice
1824 2287 174 58 adorare
1935 2287 95 58 cor-

1252 2336 105 49 pus
1312 2336 165 49 Christi
1432 2336 90 49 in
1476 2336 209 49 sacramento
1641 2336 254 49 eucharistiae:
1850 2336 105 49 vel
1910 2336 105 49 sub
1955 2336 75 49 spe

1249 2370 132 54 ciebus
1341 2370 119 54 illis
1421 2370 106 54 quas
1487 2370 212 54 eucharistiam
1659 2370 146 54 putamus
1765 2370 159 54 probatur
1871 2370 159 54 conclusio.

1243 2413 117 59 certi
1321 2413 117 59 sumus
1399 2413 194 59 certitudine
1554 2413 130 59 morali
1645 2413 104 59 quod
1710 2413 117 59 illic
1788 2413 130 59 corpus
1878 2413 104 59 xpsi
1930 2413 91 59 conti

1244 2465 158 51 neatur:
1359 2465 115 51 ergo
1431 2465 202 51 categorice
1589 2465 173 51 possumus
1719 2465 101 51 ips
1776 2465 173 51 adorare.
1891 2465 130 51 Secundo

1248 2500 149 58 arguitur
1359 2500 75 58 ad
1397 2500 112 58 idem.
1471 2500 75 58 si
1509 2500 99 58 naon
1571 2500 75 58 le
1608 2500 174 58 categorice
1745 2500 137 58 adorare
1844 2500 99 58 illd
1906 2500 99 58 quod
1956 2500 62 58 il-

1241 2551 88 55 lic
1292 2551 75 55 in
1329 2551 163 55 speciebus
1455 2551 188 55 continetur:
1605 2551 88 55 hoc
1655 2551 88 55 est
1705 2551 100 55 quia
1768 2551 100 55 stat
1831 2551 75 55 in
1869 2551 100 55 casu
1919 2551 100 55 corpus

1247 2600 145 48 Christi
1352 2600 119 48 illic
1431 2600 92 48 non
1484 2600 184 48 contineri.
1629 2600 92 48 sed
1682 2600 92 48 hoc
1734 2600 92 48 non
1787 2600 145 48 obstat,
1892 2600 105 48 quod
1945 2600 79 48 ptet

1240 2635 96 59 cum
1295 2635 96 59 sit
1350 2635 192 59 ignorantia
1501 2635 233 59 inuincibilis,
1693 2635 206 59 quemadmodum
1857 2635 110 59 erat
1926 2635 82 59 de
1953 2635 69 59 la-

1240 2689 101 47 cob
1297 2689 116 47 Liam
1370 2689 130 47 prima
1457 2689 130 47 nocte
1544 2689 232 47 cognoscente.
1732 2689 145 47 Dicis.
1834 2689 87 47 in
1877 2689 130 47 cultu
1950 2689 72 47 la-

1238 2731 115 69 triae
1315 2731 140 69 debetur
1417 2731 115 69 maior
1494 2731 128 69 indago
1583 2731 166 69 quamcirca
1711 2731 89 69 rem
1762 2731 153 69 vxoriam.
1877 2731 140 69 Contra.
1966 2731 51 69 to
