<?xml version="1.0" encoding="UTF-8"?>
<alto xmlns:xsi="http://www.w3.org/2001/XMLSchema-instance"
      xmlns="http://www.loc.gov/standards/alto/ns-v2#"
      xmlns:page="http://schema.primaresearch.org/PAGE/gts/pagecontent/2013-07-15"
      xsi:schemaLocation="http://www.loc.gov/standards/alto/ns-v2# http://www.loc.gov/standards/alto/alto.xsd">
   <Description>
      <MeasurementUnit>pixel</MeasurementUnit>
      <OCRProcessing ID="IdOcr">
         <ocrProcessingStep>
            <processingDateTime>2020-06-19T10:09:26.877-04:00</processingDateTime>
            <processingSoftware>
               <softwareCreator>READ COOP</softwareCreator>
               <softwareName>Transkribus</softwareName>
            </processingSoftware>
         </ocrProcessingStep>
      </OCRProcessing>
   </Description>
   <Tags/>
   <Layout>
      <Page ID="Page1" PHYSICAL_IMG_NR="1" HEIGHT="3328" WIDTH="2321">
         <TopMargin HEIGHT="0" WIDTH="2321" VPOS="0" HPOS="0"/>
         <LeftMargin HEIGHT="3328" WIDTH="0" VPOS="0" HPOS="0"/>
         <RightMargin HEIGHT="3328" WIDTH="0" VPOS="0" HPOS="2321"/>
         <BottomMargin HEIGHT="0" WIDTH="2321" VPOS="3328" HPOS="0"/>
         <PrintSpace HEIGHT="3328" WIDTH="2321" VPOS="0" HPOS="0">
            <TextBlock ID="TextRegion_1590153189667_939"
                       HEIGHT="2528"
                       WIDTH="810"
                       VPOS="245"
                       HPOS="443">
               <Shape>
                  <Polygon POINTS="443,245 1253,245 1253,2773 443,2773"/>
               </Shape>
               <TextLine ID="r1l2"
                         BASELINE="374"
                         HEIGHT="58"
                         WIDTH="751"
                         VPOS="316"
                         HPOS="469">
                  <String HEIGHT="58" WIDTH="83" VPOS="316" HPOS="455" CONTENT="ea"/>
                  <SP HEIGHT="58" WIDTH="14" VPOS="316" HPOS="539"/>
                  <String HEIGHT="58"
                          WIDTH="153"
                          VPOS="316"
                          HPOS="497"
                          CONTENT="Tartati"/>
                  <SP HEIGHT="58" WIDTH="14" VPOS="316" HPOS="650"/>
                  <String HEIGHT="58" WIDTH="70" VPOS="316" HPOS="608" CONTENT="&amp;"/>
                  <SP HEIGHT="58" WIDTH="14" VPOS="316" HPOS="678"/>
                  <String HEIGHT="58"
                          WIDTH="111"
                          VPOS="316"
                          HPOS="636"
                          CONTENT="alii"/>
                  <SP HEIGHT="58" WIDTH="14" VPOS="316" HPOS="747"/>
                  <String HEIGHT="58"
                          WIDTH="167"
                          VPOS="316"
                          HPOS="705"
                          CONTENT="excusati"/>
                  <SP HEIGHT="58" WIDTH="14" VPOS="316" HPOS="872"/>
                  <String HEIGHT="58" WIDTH="70" VPOS="316" HPOS="831" CONTENT="a"/>
                  <SP HEIGHT="58" WIDTH="14" VPOS="316" HPOS="900"/>
                  <String HEIGHT="58"
                          WIDTH="125"
                          VPOS="316"
                          HPOS="858"
                          CONTENT="cultu"/>
                  <SP HEIGHT="58" WIDTH="14" VPOS="316" HPOS="984"/>
                  <String HEIGHT="58"
                          WIDTH="167"
                          VPOS="316"
                          HPOS="942"
                          CONTENT="latriae:"/>
                  <SP HEIGHT="58" WIDTH="14" VPOS="316" HPOS="1109"/>
                  <String HEIGHT="58" WIDTH="97" VPOS="316" HPOS="1067" CONTENT="cum"/>
                  <SP HEIGHT="58" WIDTH="14" VPOS="316" HPOS="1164"/>
                  <String HEIGHT="58"
                          WIDTH="111"
                          VPOS="316"
                          HPOS="1109"
                          CONTENT="summum"/>
               </TextLine>
               <TextLine ID="r1l4"
                         BASELINE="425"
                         HEIGHT="62"
                         WIDTH="736"
                         VPOS="363"
                         HPOS="478">
                  <String HEIGHT="62"
                          WIDTH="142"
                          VPOS="363"
                          HPOS="464"
                          CONTENT="cultum"/>
                  <SP HEIGHT="62" WIDTH="14" VPOS="363" HPOS="605"/>
                  <String HEIGHT="62"
                          WIDTH="113"
                          VPOS="363"
                          HPOS="563"
                          CONTENT="illi"/>
                  <SP HEIGHT="62" WIDTH="14" VPOS="363" HPOS="676"/>
                  <String HEIGHT="62"
                          WIDTH="184"
                          VPOS="363"
                          HPOS="634"
                          CONTENT="tribuant:"/>
                  <SP HEIGHT="62" WIDTH="14" VPOS="363" HPOS="818"/>
                  <String HEIGHT="62" WIDTH="99" VPOS="363" HPOS="775" CONTENT="cui"/>
                  <SP HEIGHT="62" WIDTH="14" VPOS="363" HPOS="874"/>
                  <String HEIGHT="62"
                          WIDTH="170"
                          VPOS="363"
                          HPOS="832"
                          CONTENT="tribuere"/>
                  <SP HEIGHT="62" WIDTH="14" VPOS="363" HPOS="1002"/>
                  <String HEIGHT="62" WIDTH="99" VPOS="363" HPOS="959" CONTENT="non"/>
                  <SP HEIGHT="62" WIDTH="14" VPOS="363" HPOS="1058"/>
                  <String HEIGHT="62"
                          WIDTH="184"
                          VPOS="363"
                          HPOS="1016"
                          CONTENT="deberent:"/>
                  <SP HEIGHT="62" WIDTH="14" VPOS="363" HPOS="1200"/>
                  <String HEIGHT="62" WIDTH="71" VPOS="363" HPOS="1143" CONTENT="sed"/>
               </TextLine>
               <TextLine ID="r1l6"
                         BASELINE="457"
                         HEIGHT="50"
                         WIDTH="746"
                         VPOS="407"
                         HPOS="471">
                  <String HEIGHT="50"
                          WIDTH="190"
                          VPOS="407"
                          HPOS="455"
                          CONTENT="tenentur"/>
                  <SP HEIGHT="50" WIDTH="16" VPOS="407" HPOS="646"/>
                  <String HEIGHT="50"
                          WIDTH="206"
                          VPOS="407"
                          HPOS="598"
                          CONTENT="sapientum"/>
                  <SP HEIGHT="50" WIDTH="16" VPOS="407" HPOS="804"/>
                  <String HEIGHT="50"
                          WIDTH="175"
                          VPOS="407"
                          HPOS="757"
                          CONTENT="monitis"/>
                  <SP HEIGHT="50" WIDTH="16" VPOS="407" HPOS="931"/>
                  <String HEIGHT="50"
                          WIDTH="254"
                          VPOS="407"
                          HPOS="884"
                          CONTENT="acquiescere."/>
                  <SP HEIGHT="50" WIDTH="16" VPOS="407" HPOS="1138"/>
                  <String HEIGHT="50"
                          WIDTH="143"
                          VPOS="407"
                          HPOS="1074"
                          CONTENT="Pronunc"/>
               </TextLine>
               <TextLine ID="r1l8"
                         BASELINE="500"
                         HEIGHT="49"
                         WIDTH="730"
                         VPOS="451"
                         HPOS="478">
                  <String HEIGHT="49"
                          WIDTH="197"
                          VPOS="451"
                          HPOS="464"
                          CONTENT="supponitur"/>
                  <SP HEIGHT="49" WIDTH="14" VPOS="451" HPOS="661"/>
                  <String HEIGHT="49"
                          WIDTH="112"
                          VPOS="451"
                          HPOS="618"
                          CONTENT="quod"/>
                  <SP HEIGHT="49" WIDTH="14" VPOS="451" HPOS="731"/>
                  <String HEIGHT="49"
                          WIDTH="140"
                          VPOS="451"
                          HPOS="689"
                          CONTENT="corpus"/>
                  <SP HEIGHT="49" WIDTH="14" VPOS="451" HPOS="829"/>
                  <String HEIGHT="49"
                          WIDTH="154"
                          VPOS="451"
                          HPOS="787"
                          CONTENT="Curisti"/>
                  <SP HEIGHT="49" WIDTH="14" VPOS="451" HPOS="941"/>
                  <String HEIGHT="49" WIDTH="98" VPOS="451" HPOS="899" CONTENT="est"/>
                  <SP HEIGHT="49" WIDTH="14" VPOS="451" HPOS="997"/>
                  <String HEIGHT="49"
                          WIDTH="168"
                          VPOS="451"
                          HPOS="955"
                          CONTENT="colendum"/>
                  <SP HEIGHT="49" WIDTH="14" VPOS="451" HPOS="1124"/>
                  <String HEIGHT="49"
                          WIDTH="126"
                          VPOS="451"
                          HPOS="1082"
                          CONTENT="cultu"/>
                  <SP HEIGHT="49" WIDTH="14" VPOS="451" HPOS="1208"/>
                  <String HEIGHT="49" WIDTH="56" VPOS="451" HPOS="1152" CONTENT="la"/>
               </TextLine>
               <TextLine ID="r1l10"
                         BASELINE="544"
                         HEIGHT="45"
                         WIDTH="738"
                         VPOS="499"
                         HPOS="472">
                  <String HEIGHT="45"
                          WIDTH="128"
                          VPOS="499"
                          HPOS="458"
                          CONTENT="triae"/>
                  <SP HEIGHT="45" WIDTH="14" VPOS="499" HPOS="586"/>
                  <String HEIGHT="45" WIDTH="71" VPOS="499" HPOS="543" CONTENT="&amp;"/>
                  <SP HEIGHT="45" WIDTH="14" VPOS="499" HPOS="614"/>
                  <String HEIGHT="45" WIDTH="99" VPOS="499" HPOS="571" CONTENT="non"/>
                  <SP HEIGHT="45" WIDTH="14" VPOS="499" HPOS="671"/>
                  <String HEIGHT="45"
                          WIDTH="227"
                          VPOS="499"
                          HPOS="628"
                          CONTENT="hyperduliae:"/>
                  <SP HEIGHT="45" WIDTH="14" VPOS="499" HPOS="855"/>
                  <String HEIGHT="45"
                          WIDTH="128"
                          VPOS="499"
                          HPOS="813"
                          CONTENT="licet"/>
                  <SP HEIGHT="45" WIDTH="14" VPOS="499" HPOS="940"/>
                  <String HEIGHT="45"
                          WIDTH="213"
                          VPOS="499"
                          HPOS="898"
                          CONTENT="difficultas"/>
                  <SP HEIGHT="45" WIDTH="14" VPOS="499" HPOS="1111"/>
                  <String HEIGHT="45" WIDTH="99" VPOS="499" HPOS="1068" CONTENT="sit"/>
                  <SP HEIGHT="45" WIDTH="14" VPOS="499" HPOS="1167"/>
                  <String HEIGHT="45"
                          WIDTH="99"
                          VPOS="499"
                          HPOS="1111"
                          CONTENT="verba"/>
               </TextLine>
               <TextLine ID="r1l12"
                         BASELINE="598"
                         HEIGHT="58"
                         WIDTH="748"
                         VPOS="540"
                         HPOS="472">
                  <String HEIGHT="58"
                          WIDTH="117"
                          VPOS="540"
                          HPOS="457"
                          CONTENT="lis:"/>
                  <SP HEIGHT="58" WIDTH="15" VPOS="540" HPOS="575"/>
                  <String HEIGHT="58" WIDTH="88" VPOS="540" HPOS="531" CONTENT="vt"/>
                  <SP HEIGHT="58" WIDTH="15" VPOS="540" HPOS="619"/>
                  <String HEIGHT="58" WIDTH="88" VPOS="540" HPOS="575" CONTENT="in"/>
                  <SP HEIGHT="58" WIDTH="15" VPOS="540" HPOS="663"/>
                  <String HEIGHT="58"
                          WIDTH="117"
                          VPOS="540"
                          HPOS="619"
                          CONTENT="nona"/>
                  <SP HEIGHT="58" WIDTH="15" VPOS="540" HPOS="736"/>
                  <String HEIGHT="58"
                          WIDTH="235"
                          VPOS="540"
                          HPOS="692"
                          CONTENT="distinctione"/>
                  <SP HEIGHT="58" WIDTH="15" VPOS="540" HPOS="927"/>
                  <String HEIGHT="58"
                          WIDTH="147"
                          VPOS="540"
                          HPOS="883"
                          CONTENT="tertii"/>
                  <SP HEIGHT="58" WIDTH="15" VPOS="540" HPOS="1029"/>
                  <String HEIGHT="58"
                          WIDTH="191"
                          VPOS="540"
                          HPOS="985"
                          CONTENT="prolixius"/>
                  <SP HEIGHT="58" WIDTH="15" VPOS="540" HPOS="1176"/>
                  <String HEIGHT="58"
                          WIDTH="103"
                          VPOS="540"
                          HPOS="1117"
                          CONTENT="dedu"
                          SUBS_TYPE="HypPart1"
                          SUBS_CONTENT="deducemus:"/>
                  <HYP CONTENT="-"/>
               </TextLine>
               <TextLine ID="r1l14"
                         BASELINE="642"
                         HEIGHT="61"
                         WIDTH="759"
                         VPOS="581"
                         HPOS="466">
                  <String HEIGHT="61"
                          WIDTH="149"
                          VPOS="581"
                          HPOS="451"
                          CONTENT="cemus:"
                          SUBS_TYPE="HypPart2"
                          SUBS_CONTENT="deducemus:"/>
                  <SP HEIGHT="61" WIDTH="15" VPOS="581" HPOS="600"/>
                  <String HEIGHT="61" WIDTH="74" VPOS="581" HPOS="555" CONTENT="&amp;"/>
                  <SP HEIGHT="61" WIDTH="15" VPOS="581" HPOS="630"/>
                  <String HEIGHT="61" WIDTH="104" VPOS="581" HPOS="585" CONTENT="sic"/>
                  <SP HEIGHT="61" WIDTH="15" VPOS="581" HPOS="689"/>
                  <String HEIGHT="61"
                          WIDTH="119"
                          VPOS="581"
                          HPOS="645"
                          CONTENT="crux"/>
                  <SP HEIGHT="61" WIDTH="15" VPOS="581" HPOS="764"/>
                  <String HEIGHT="61"
                          WIDTH="164"
                          VPOS="581"
                          HPOS="719"
                          CONTENT="Curisti"/>
                  <SP HEIGHT="61" WIDTH="15" VPOS="581" HPOS="883"/>
                  <String HEIGHT="61" WIDTH="74" VPOS="581" HPOS="838" CONTENT="&amp;"/>
                  <SP HEIGHT="61" WIDTH="15" VPOS="581" HPOS="912"/>
                  <String HEIGHT="61"
                          WIDTH="164"
                          VPOS="581"
                          HPOS="868"
                          CONTENT="species"/>
                  <SP HEIGHT="61" WIDTH="15" VPOS="581" HPOS="1032"/>
                  <String HEIGHT="61"
                          WIDTH="223"
                          VPOS="581"
                          HPOS="987"
                          CONTENT="assistentes"/>
                  <SP HEIGHT="61" WIDTH="15" VPOS="581" HPOS="1210"/>
                  <String HEIGHT="61" WIDTH="89" VPOS="581" HPOS="1165" CONTENT="in"/>
                  <SP HEIGHT="61" WIDTH="15" VPOS="581" HPOS="1255"/>
                  <String HEIGHT="61" WIDTH="30" VPOS="581" HPOS="1195" CONTENT=""/>
               </TextLine>
               <TextLine ID="r1l16"
                         BASELINE="679"
                         HEIGHT="50"
                         WIDTH="745"
                         VPOS="629"
                         HPOS="465">
                  <String HEIGHT="50"
                          WIDTH="233"
                          VPOS="629"
                          HPOS="449"
                          CONTENT="Eucharistia"/>
                  <SP HEIGHT="50" WIDTH="16" VPOS="629" HPOS="682"/>
                  <String HEIGHT="50"
                          WIDTH="124"
                          VPOS="629"
                          HPOS="636"
                          CONTENT="coli"/>
                  <SP HEIGHT="50" WIDTH="16" VPOS="629" HPOS="760"/>
                  <String HEIGHT="50"
                          WIDTH="186"
                          VPOS="629"
                          HPOS="713"
                          CONTENT="possunt."/>
                  <SP HEIGHT="50" WIDTH="16" VPOS="629" HPOS="900"/>
                  <String HEIGHT="50"
                          WIDTH="140"
                          VPOS="629"
                          HPOS="853"
                          CONTENT="plebs"/>
                  <SP HEIGHT="50" WIDTH="16" VPOS="629" HPOS="993"/>
                  <String HEIGHT="50"
                          WIDTH="140"
                          VPOS="629"
                          HPOS="946"
                          CONTENT="tamen"/>
                  <SP HEIGHT="50" WIDTH="16" VPOS="629" HPOS="1086"/>
                  <String HEIGHT="50"
                          WIDTH="109"
                          VPOS="629"
                          HPOS="1039"
                          CONTENT="non"/>
                  <SP HEIGHT="50" WIDTH="16" VPOS="629" HPOS="1148"/>
                  <String HEIGHT="50"
                          WIDTH="124"
                          VPOS="629"
                          HPOS="1086"
                          CONTENT="tenetu"/>
               </TextLine>
               <TextLine ID="r1l18"
                         BASELINE="733"
                         HEIGHT="58"
                         WIDTH="745"
                         VPOS="675"
                         HPOS="474">
                  <String HEIGHT="58"
                          WIDTH="152"
                          VPOS="675"
                          HPOS="459"
                          CONTENT="exacte"/>
                  <SP HEIGHT="58" WIDTH="15" VPOS="675" HPOS="611"/>
                  <String HEIGHT="58"
                          WIDTH="137"
                          VPOS="675"
                          HPOS="565"
                          CONTENT="scire"/>
                  <SP HEIGHT="58" WIDTH="15" VPOS="675" HPOS="702"/>
                  <String HEIGHT="58"
                          WIDTH="258"
                          VPOS="675"
                          HPOS="656"
                          CONTENT="distinctionem"/>
                  <SP HEIGHT="58" WIDTH="15" VPOS="675" HPOS="915"/>
                  <String HEIGHT="58"
                          WIDTH="137"
                          VPOS="675"
                          HPOS="869"
                          CONTENT="inter"/>
                  <SP HEIGHT="58" WIDTH="15" VPOS="675" HPOS="1006"/>
                  <String HEIGHT="58"
                          WIDTH="152"
                          VPOS="675"
                          HPOS="961"
                          CONTENT="corpus"/>
                  <SP HEIGHT="58" WIDTH="15" VPOS="675" HPOS="1113"/>
                  <String HEIGHT="58"
                          WIDTH="167"
                          VPOS="675"
                          HPOS="1067"
                          CONTENT="Curisti"/>
                  <SP HEIGHT="58" WIDTH="15" VPOS="675" HPOS="1234"/>
                  <String HEIGHT="58" WIDTH="46" VPOS="675" HPOS="1173" CONTENT="&amp;"/>
               </TextLine>
               <TextLine ID="r1l20"
                         BASELINE="770"
                         HEIGHT="52"
                         WIDTH="751"
                         VPOS="718"
                         HPOS="471">
                  <String HEIGHT="52"
                          WIDTH="177"
                          VPOS="718"
                          HPOS="456"
                          CONTENT="species."/>
                  <SP HEIGHT="52" WIDTH="15" VPOS="718" HPOS="633"/>
                  <String HEIGHT="52"
                          WIDTH="147"
                          VPOS="718"
                          HPOS="589"
                          CONTENT="Contra"/>
                  <SP HEIGHT="52" WIDTH="15" VPOS="718" HPOS="736"/>
                  <String HEIGHT="52" WIDTH="103" VPOS="718" HPOS="692" CONTENT="hoc"/>
                  <SP HEIGHT="52" WIDTH="15" VPOS="718" HPOS="795"/>
                  <String HEIGHT="52"
                          WIDTH="191"
                          VPOS="718"
                          HPOS="751"
                          CONTENT="arguitur."/>
                  <SP HEIGHT="52" WIDTH="15" VPOS="718" HPOS="942"/>
                  <String HEIGHT="52"
                          WIDTH="162"
                          VPOS="718"
                          HPOS="898"
                          CONTENT="dicitur"/>
                  <SP HEIGHT="52" WIDTH="15" VPOS="718" HPOS="1060"/>
                  <String HEIGHT="52"
                          WIDTH="118"
                          VPOS="718"
                          HPOS="1016"
                          CONTENT="quod"/>
                  <SP HEIGHT="52" WIDTH="15" VPOS="718" HPOS="1134"/>
                  <String HEIGHT="52"
                          WIDTH="147"
                          VPOS="718"
                          HPOS="1075"
                          CONTENT="sacerdos"/>
               </TextLine>
               <TextLine ID="r1l22"
                         BASELINE="815"
                         HEIGHT="54"
                         WIDTH="752"
                         VPOS="761"
                         HPOS="465">
                  <String HEIGHT="54"
                          WIDTH="138"
                          VPOS="761"
                          HPOS="450"
                          CONTENT="debet"/>
                  <SP HEIGHT="54" WIDTH="15" VPOS="761" HPOS="588"/>
                  <String HEIGHT="54"
                          WIDTH="230"
                          VPOS="761"
                          HPOS="542"
                          CONTENT="consecrare:"/>
                  <SP HEIGHT="54" WIDTH="15" VPOS="761" HPOS="772"/>
                  <String HEIGHT="54" WIDTH="77" VPOS="761" HPOS="726" CONTENT="&amp;"/>
                  <SP HEIGHT="54" WIDTH="15" VPOS="761" HPOS="803"/>
                  <String HEIGHT="54" WIDTH="107" VPOS="761" HPOS="757" CONTENT="non"/>
                  <SP HEIGHT="54" WIDTH="15" VPOS="761" HPOS="864"/>
                  <String HEIGHT="54"
                          WIDTH="153"
                          VPOS="761"
                          HPOS="818"
                          CONTENT="leuare"/>
                  <SP HEIGHT="54" WIDTH="15" VPOS="761" HPOS="971"/>
                  <String HEIGHT="54"
                          WIDTH="169"
                          VPOS="761"
                          HPOS="925"
                          CONTENT="hostiam"/>
                  <SP HEIGHT="54" WIDTH="15" VPOS="761" HPOS="1094"/>
                  <String HEIGHT="54"
                          WIDTH="107"
                          VPOS="761"
                          HPOS="1048"
                          CONTENT="non"/>
                  <SP HEIGHT="54" WIDTH="15" VPOS="761" HPOS="1156"/>
                  <String HEIGHT="54"
                          WIDTH="123"
                          VPOS="761"
                          HPOS="1094"
                          CONTENT="conse"
                          SUBS_TYPE="HypPart1"
                          SUBS_CONTENT="consecratam:"/>
                  <HYP CONTENT="-"/>
               </TextLine>
               <TextLine ID="r1l24"
                         BASELINE="863"
                         HEIGHT="55"
                         WIDTH="751"
                         VPOS="808"
                         HPOS="471">
                  <String HEIGHT="55"
                          WIDTH="176"
                          VPOS="808"
                          HPOS="455"
                          CONTENT="cratam:"
                          SUBS_TYPE="HypPart2"
                          SUBS_CONTENT="consecratam:"/>
                  <SP HEIGHT="55" WIDTH="16" VPOS="808" HPOS="631"/>
                  <String HEIGHT="55" WIDTH="96" VPOS="808" HPOS="583" CONTENT="ne"/>
                  <SP HEIGHT="55" WIDTH="16" VPOS="808" HPOS="679"/>
                  <String HEIGHT="55"
                          WIDTH="176"
                          VPOS="808"
                          HPOS="631"
                          CONTENT="populum"/>
                  <SP HEIGHT="55" WIDTH="16" VPOS="808" HPOS="807"/>
                  <String HEIGHT="55" WIDTH="96" VPOS="808" HPOS="759" CONTENT="ad"/>
                  <SP HEIGHT="55" WIDTH="16" VPOS="808" HPOS="854"/>
                  <String HEIGHT="55"
                          WIDTH="256"
                          VPOS="808"
                          HPOS="807"
                          CONTENT="idololatriam"/>
                  <SP HEIGHT="55" WIDTH="16" VPOS="808" HPOS="1062"/>
                  <String HEIGHT="55"
                          WIDTH="160"
                          VPOS="808"
                          HPOS="1014"
                          CONTENT="cogat:"/>
                  <SP HEIGHT="55" WIDTH="16" VPOS="808" HPOS="1174"/>
                  <String HEIGHT="55" WIDTH="80" VPOS="808" HPOS="1126" CONTENT="&amp;"/>
                  <SP HEIGHT="55" WIDTH="16" VPOS="808" HPOS="1206"/>
                  <String HEIGHT="55" WIDTH="80" VPOS="808" HPOS="1142" CONTENT="per"/>
               </TextLine>
               <TextLine ID="r1l26"
                         BASELINE="902"
                         HEIGHT="49"
                         WIDTH="751"
                         VPOS="853"
                         HPOS="469">
                  <String HEIGHT="49"
                          WIDTH="210"
                          VPOS="853"
                          HPOS="454"
                          CONTENT="consequens"/>
                  <SP HEIGHT="49" WIDTH="15" VPOS="853" HPOS="664"/>
                  <String HEIGHT="49"
                          WIDTH="210"
                          VPOS="853"
                          HPOS="619"
                          CONTENT="categorice"/>
                  <SP HEIGHT="49" WIDTH="15" VPOS="853" HPOS="829"/>
                  <String HEIGHT="49"
                          WIDTH="165"
                          VPOS="853"
                          HPOS="784"
                          CONTENT="adorans"/>
                  <SP HEIGHT="49" WIDTH="15" VPOS="853" HPOS="950"/>
                  <String HEIGHT="49" WIDTH="90" VPOS="853" HPOS="905" CONTENT="si"/>
                  <SP HEIGHT="49" WIDTH="15" VPOS="853" HPOS="995"/>
                  <String HEIGHT="49"
                          WIDTH="135"
                          VPOS="853"
                          HPOS="950"
                          CONTENT="cultu"/>
                  <SP HEIGHT="49" WIDTH="15" VPOS="853" HPOS="1085"/>
                  <String HEIGHT="49"
                          WIDTH="165"
                          VPOS="853"
                          HPOS="1040"
                          CONTENT="latriae"/>
                  <SP HEIGHT="49" WIDTH="15" VPOS="853" HPOS="1205"/>
                  <String HEIGHT="49"
                          WIDTH="75"
                          VPOS="853"
                          HPOS="1145"
                          CONTENT="co"
                          SUBS_TYPE="HypPart1"
                          SUBS_CONTENT="colat"/>
                  <HYP CONTENT="-"/>
               </TextLine>
               <TextLine ID="r1l28"
                         BASELINE="945"
                         HEIGHT="50"
                         WIDTH="759"
                         VPOS="895"
                         HPOS="457">
                  <String HEIGHT="50"
                          WIDTH="118"
                          VPOS="895"
                          HPOS="440"
                          CONTENT="lat"
                          SUBS_TYPE="HypPart2"
                          SUBS_CONTENT="colat"/>
                  <SP HEIGHT="50" WIDTH="17" VPOS="895" HPOS="558"/>
                  <String HEIGHT="50"
                          WIDTH="169"
                          VPOS="895"
                          HPOS="508"
                          CONTENT="panem,"/>
                  <SP HEIGHT="50" WIDTH="17" VPOS="895" HPOS="676"/>
                  <String HEIGHT="50"
                          WIDTH="186"
                          VPOS="895"
                          HPOS="626"
                          CONTENT="peccat."/>
                  <SP HEIGHT="50" WIDTH="17" VPOS="895" HPOS="811"/>
                  <String HEIGHT="50"
                          WIDTH="270"
                          VPOS="895"
                          HPOS="761"
                          CONTENT="Respondetur."/>
                  <SP HEIGHT="50" WIDTH="17" VPOS="895" HPOS="1030"/>
                  <String HEIGHT="50" WIDTH="101" VPOS="895" HPOS="980" CONTENT="de"/>
                  <SP HEIGHT="50" WIDTH="17" VPOS="895" HPOS="1081"/>
                  <String HEIGHT="50"
                          WIDTH="186"
                          VPOS="895"
                          HPOS="1030"
                          CONTENT="communi"/>
                  <SP HEIGHT="50" WIDTH="17" VPOS="895" HPOS="1216"/>
                  <String HEIGHT="50" WIDTH="67" VPOS="895" HPOS="1149" CONTENT="mo"/>
               </TextLine>
               <TextLine ID="r1l30"
                         BASELINE="999"
                         HEIGHT="61"
                         WIDTH="749"
                         VPOS="938"
                         HPOS="465">
                  <String HEIGHT="61" WIDTH="90" VPOS="938" HPOS="450" CONTENT="do"/>
                  <SP HEIGHT="61" WIDTH="15" VPOS="938" HPOS="540"/>
                  <String HEIGHT="61"
                          WIDTH="180"
                          VPOS="938"
                          HPOS="495"
                          CONTENT="loquendi"/>
                  <SP HEIGHT="61" WIDTH="15" VPOS="938" HPOS="675"/>
                  <String HEIGHT="61" WIDTH="105" VPOS="938" HPOS="630" CONTENT="non"/>
                  <SP HEIGHT="61" WIDTH="15" VPOS="938" HPOS="735"/>
                  <String HEIGHT="61" WIDTH="105" VPOS="938" HPOS="690" CONTENT="est"/>
                  <SP HEIGHT="61" WIDTH="15" VPOS="938" HPOS="795"/>
                  <String HEIGHT="61"
                          WIDTH="120"
                          VPOS="938"
                          HPOS="750"
                          CONTENT="vis."/>
                  <SP HEIGHT="61" WIDTH="15" VPOS="938" HPOS="869"/>
                  <String HEIGHT="61"
                          WIDTH="180"
                          VPOS="938"
                          HPOS="825"
                          CONTENT="Sacerdos"/>
                  <SP HEIGHT="61" WIDTH="15" VPOS="938" HPOS="1004"/>
                  <String HEIGHT="61"
                          WIDTH="120"
                          VPOS="938"
                          HPOS="959"
                          CONTENT="enim"/>
                  <SP HEIGHT="61" WIDTH="15" VPOS="938" HPOS="1079"/>
                  <String HEIGHT="61"
                          WIDTH="105"
                          VPOS="938"
                          HPOS="1034"
                          CONTENT="dat"/>
                  <SP HEIGHT="61" WIDTH="15" VPOS="938" HPOS="1139"/>
                  <String HEIGHT="61"
                          WIDTH="135"
                          VPOS="938"
                          HPOS="1079"
                          CONTENT="occasio"/>
               </TextLine>
               <TextLine ID="r1l32"
                         BASELINE="1031"
                         HEIGHT="46"
                         WIDTH="751"
                         VPOS="985"
                         HPOS="465">
                  <String HEIGHT="46" WIDTH="105" VPOS="985" HPOS="450" CONTENT="nem"/>
                  <SP HEIGHT="46" WIDTH="15" VPOS="985" HPOS="555"/>
                  <String HEIGHT="46"
                          WIDTH="150"
                          VPOS="985"
                          HPOS="510"
                          CONTENT="populo"/>
                  <SP HEIGHT="46" WIDTH="15" VPOS="985" HPOS="660"/>
                  <String HEIGHT="46"
                          WIDTH="165"
                          VPOS="985"
                          HPOS="615"
                          CONTENT="quantum"/>
                  <SP HEIGHT="46" WIDTH="15" VPOS="985" HPOS="780"/>
                  <String HEIGHT="46" WIDTH="105" VPOS="985" HPOS="735" CONTENT="est"/>
                  <SP HEIGHT="46" WIDTH="15" VPOS="985" HPOS="841"/>
                  <String HEIGHT="46" WIDTH="90" VPOS="985" HPOS="795" CONTENT="de"/>
                  <SP HEIGHT="46" WIDTH="15" VPOS="985" HPOS="886"/>
                  <String HEIGHT="46" WIDTH="105" VPOS="985" HPOS="841" CONTENT="se."/>
                  <SP HEIGHT="46" WIDTH="15" VPOS="985" HPOS="946"/>
                  <String HEIGHT="46" WIDTH="105" VPOS="985" HPOS="901" CONTENT="hoc"/>
                  <SP HEIGHT="46" WIDTH="15" VPOS="985" HPOS="1006"/>
                  <String HEIGHT="46" WIDTH="105" VPOS="985" HPOS="961" CONTENT="est"/>
                  <SP HEIGHT="46" WIDTH="15" VPOS="985" HPOS="1066"/>
                  <String HEIGHT="46"
                          WIDTH="120"
                          VPOS="985"
                          HPOS="1021"
                          CONTENT="male"/>
                  <SP HEIGHT="46" WIDTH="15" VPOS="985" HPOS="1141"/>
                  <String HEIGHT="46"
                          WIDTH="135"
                          VPOS="985"
                          HPOS="1096"
                          CONTENT="agit:"/>
                  <SP HEIGHT="46" WIDTH="15" VPOS="985" HPOS="1231"/>
                  <String HEIGHT="46" WIDTH="45" VPOS="985" HPOS="1171" CONTENT="&amp;"/>
               </TextLine>
               <TextLine ID="r1l34"
                         BASELINE="1080"
                         HEIGHT="51"
                         WIDTH="757"
                         VPOS="1029"
                         HPOS="457">
                  <String HEIGHT="51"
                          WIDTH="167"
                          VPOS="1029"
                          HPOS="442"
                          CONTENT="populum"/>
                  <SP HEIGHT="51" WIDTH="15" VPOS="1029" HPOS="608"/>
                  <String HEIGHT="51"
                          WIDTH="151"
                          VPOS="1029"
                          HPOS="563"
                          CONTENT="priuat"/>
                  <SP HEIGHT="51" WIDTH="15" VPOS="1029" HPOS="714"/>
                  <String HEIGHT="51" WIDTH="76" VPOS="1029" HPOS="669" CONTENT="a"/>
                  <SP HEIGHT="51" WIDTH="15" VPOS="1029" HPOS="745"/>
                  <String HEIGHT="51"
                          WIDTH="197"
                          VPOS="1029"
                          HPOS="699"
                          CONTENT="suffragio"/>
                  <SP HEIGHT="51" WIDTH="15" VPOS="1029" HPOS="896"/>
                  <String HEIGHT="51"
                          WIDTH="167"
                          VPOS="1029"
                          HPOS="851"
                          CONTENT="debito:"/>
                  <SP HEIGHT="51" WIDTH="15" VPOS="1029" HPOS="1017"/>
                  <String HEIGHT="51"
                          WIDTH="106"
                          VPOS="1029"
                          HPOS="972"
                          CONTENT="nec"/>
                  <SP HEIGHT="51" WIDTH="15" VPOS="1029" HPOS="1078"/>
                  <String HEIGHT="51" WIDTH="91" VPOS="1029" HPOS="1032" CONTENT="in"/>
                  <SP HEIGHT="51" WIDTH="15" VPOS="1029" HPOS="1123"/>
                  <String HEIGHT="51"
                          WIDTH="151"
                          VPOS="1029"
                          HPOS="1063"
                          CONTENT="sacramen"/>
               </TextLine>
               <TextLine ID="r1l36"
                         BASELINE="1121"
                         HEIGHT="47"
                         WIDTH="761"
                         VPOS="1074"
                         HPOS="459">
                  <String HEIGHT="47" WIDTH="91" VPOS="1074" HPOS="444" CONTENT="to"/>
                  <SP HEIGHT="47" WIDTH="15" VPOS="1074" HPOS="535"/>
                  <String HEIGHT="47"
                          WIDTH="198"
                          VPOS="1074"
                          HPOS="489"
                          CONTENT="veritatis"/>
                  <SP HEIGHT="47" WIDTH="15" VPOS="1074" HPOS="687"/>
                  <String HEIGHT="47"
                          WIDTH="122"
                          VPOS="1074"
                          HPOS="642"
                          CONTENT="dolo"/>
                  <SP HEIGHT="47" WIDTH="15" VPOS="1074" HPOS="763"/>
                  <String HEIGHT="47" WIDTH="76" VPOS="1074" HPOS="718" CONTENT="&amp;"/>
                  <SP HEIGHT="47" WIDTH="15" VPOS="1074" HPOS="794"/>
                  <String HEIGHT="47"
                          WIDTH="183"
                          VPOS="1074"
                          HPOS="748"
                          CONTENT="fictione"/>
                  <SP HEIGHT="47" WIDTH="15" VPOS="1074" HPOS="931"/>
                  <String HEIGHT="47"
                          WIDTH="107"
                          VPOS="1074"
                          HPOS="885"
                          CONTENT="vti"/>
                  <SP HEIGHT="47" WIDTH="15" VPOS="1074" HPOS="992"/>
                  <String HEIGHT="47"
                          WIDTH="152"
                          VPOS="1074"
                          HPOS="946"
                          CONTENT="debet."/>
                  <SP HEIGHT="47" WIDTH="15" VPOS="1074" HPOS="1098"/>
                  <String HEIGHT="47"
                          WIDTH="167"
                          VPOS="1074"
                          HPOS="1053"
                          CONTENT="populus"/>
                  <SP HEIGHT="47" WIDTH="15" VPOS="1074" HPOS="1220"/>
                  <String HEIGHT="47" WIDTH="61" VPOS="1074" HPOS="1159" CONTENT="au"/>
               </TextLine>
               <TextLine ID="r1l38"
                         BASELINE="1168"
                         HEIGHT="55"
                         WIDTH="754"
                         VPOS="1113"
                         HPOS="453">
                  <String HEIGHT="55"
                          WIDTH="100"
                          VPOS="1113"
                          HPOS="439"
                          CONTENT="tem"/>
                  <SP HEIGHT="55" WIDTH="14" VPOS="1113" HPOS="538"/>
                  <String HEIGHT="55"
                          WIDTH="100"
                          VPOS="1113"
                          HPOS="496"
                          CONTENT="non"/>
                  <SP HEIGHT="55" WIDTH="14" VPOS="1113" HPOS="595"/>
                  <String HEIGHT="55"
                          WIDTH="156"
                          VPOS="1113"
                          HPOS="553"
                          CONTENT="peccat."/>
                  <SP HEIGHT="55" WIDTH="14" VPOS="1113" HPOS="709"/>
                  <String HEIGHT="55"
                          WIDTH="100"
                          VPOS="1113"
                          HPOS="666"
                          CONTENT="quo"/>
                  <SP HEIGHT="55" WIDTH="14" VPOS="1113" HPOS="766"/>
                  <String HEIGHT="55"
                          WIDTH="100"
                          VPOS="1113"
                          HPOS="723"
                          CONTENT="fit"/>
                  <SP HEIGHT="55" WIDTH="14" VPOS="1113" HPOS="823"/>
                  <String HEIGHT="55"
                          WIDTH="114"
                          VPOS="1113"
                          HPOS="780"
                          CONTENT="quod"/>
                  <SP HEIGHT="55" WIDTH="14" VPOS="1113" HPOS="894"/>
                  <String HEIGHT="55"
                          WIDTH="171"
                          VPOS="1113"
                          HPOS="851"
                          CONTENT="creatura"/>
                  <SP HEIGHT="55" WIDTH="14" VPOS="1113" HPOS="1022"/>
                  <String HEIGHT="55"
                          WIDTH="114"
                          VPOS="1113"
                          HPOS="979"
                          CONTENT="pura"/>
                  <SP HEIGHT="55" WIDTH="14" VPOS="1113" HPOS="1093"/>
                  <String HEIGHT="55" WIDTH="85" VPOS="1113" HPOS="1051" CONTENT="vt"/>
                  <SP HEIGHT="55" WIDTH="14" VPOS="1113" HPOS="1136"/>
                  <String HEIGHT="55"
                          WIDTH="142"
                          VPOS="1113"
                          HPOS="1093"
                          CONTENT="panis,"/>
                  <SP HEIGHT="55" WIDTH="14" VPOS="1113" HPOS="1235"/>
                  <String HEIGHT="55" WIDTH="28" VPOS="1113" HPOS="1179" CONTENT=""/>
               </TextLine>
               <TextLine ID="r1l40"
                         BASELINE="1213"
                         HEIGHT="53"
                         WIDTH="752"
                         VPOS="1160"
                         HPOS="456">
                  <String HEIGHT="53"
                          WIDTH="180"
                          VPOS="1160"
                          HPOS="441"
                          CONTENT="obiectum"/>
                  <SP HEIGHT="53" WIDTH="15" VPOS="1160" HPOS="621"/>
                  <String HEIGHT="53"
                          WIDTH="196"
                          VPOS="1160"
                          HPOS="576"
                          CONTENT="materiale"/>
                  <SP HEIGHT="53" WIDTH="15" VPOS="1160" HPOS="772"/>
                  <String HEIGHT="53"
                          WIDTH="180"
                          VPOS="1160"
                          HPOS="727"
                          CONTENT="latriae:"/>
                  <SP HEIGHT="53" WIDTH="15" VPOS="1160" HPOS="907"/>
                  <String HEIGHT="53"
                          WIDTH="105"
                          VPOS="1160"
                          HPOS="862"
                          CONTENT="non"/>
                  <SP HEIGHT="53" WIDTH="15" VPOS="1160" HPOS="967"/>
                  <String HEIGHT="53"
                          WIDTH="135"
                          VPOS="1160"
                          HPOS="922"
                          CONTENT="autem"/>
                  <SP HEIGHT="53" WIDTH="15" VPOS="1160" HPOS="1058"/>
                  <String HEIGHT="53"
                          WIDTH="180"
                          VPOS="1160"
                          HPOS="1012"
                          CONTENT="formale:"/>
                  <SP HEIGHT="53" WIDTH="15" VPOS="1160" HPOS="1193"/>
                  <String HEIGHT="53"
                          WIDTH="75"
                          VPOS="1160"
                          HPOS="1133"
                          CONTENT="hor"/>
               </TextLine>
               <TextLine ID="r1l42"
                         BASELINE="1261"
                         HEIGHT="55"
                         WIDTH="750"
                         VPOS="1206"
                         HPOS="462">
                  <String HEIGHT="55"
                          WIDTH="103"
                          VPOS="1206"
                          HPOS="447"
                          CONTENT="est"/>
                  <SP HEIGHT="55" WIDTH="15" VPOS="1206" HPOS="550"/>
                  <String HEIGHT="55"
                          WIDTH="162"
                          VPOS="1206"
                          HPOS="506"
                          CONTENT="dicere:"/>
                  <SP HEIGHT="55" WIDTH="15" VPOS="1206" HPOS="668"/>
                  <String HEIGHT="55"
                          WIDTH="132"
                          VPOS="1206"
                          HPOS="624"
                          CONTENT="illum"/>
                  <SP HEIGHT="55" WIDTH="15" VPOS="1206" HPOS="756"/>
                  <String HEIGHT="55"
                          WIDTH="147"
                          VPOS="1206"
                          HPOS="712"
                          CONTENT="cultum"/>
                  <SP HEIGHT="55" WIDTH="15" VPOS="1206" HPOS="859"/>
                  <String HEIGHT="55"
                          WIDTH="132"
                          VPOS="1206"
                          HPOS="815"
                          CONTENT="panis"/>
                  <SP HEIGHT="55" WIDTH="15" VPOS="1206" HPOS="947"/>
                  <String HEIGHT="55"
                          WIDTH="191"
                          VPOS="1206"
                          HPOS="903"
                          CONTENT="terminat:"/>
                  <SP HEIGHT="55" WIDTH="15" VPOS="1206" HPOS="1094"/>
                  <String HEIGHT="55"
                          WIDTH="103"
                          VPOS="1206"
                          HPOS="1050"
                          CONTENT="sed"/>
                  <SP HEIGHT="55" WIDTH="15" VPOS="1206" HPOS="1153"/>
                  <String HEIGHT="55"
                          WIDTH="118"
                          VPOS="1206"
                          HPOS="1094"
                          CONTENT="corpus"/>
               </TextLine>
               <TextLine ID="r1l44"
                         BASELINE="1295"
                         HEIGHT="47"
                         WIDTH="737"
                         VPOS="1248"
                         HPOS="471">
                  <String HEIGHT="47"
                          WIDTH="165"
                          VPOS="1248"
                          HPOS="456"
                          CONTENT="Christi"/>
                  <SP HEIGHT="47" WIDTH="15" VPOS="1248" HPOS="621"/>
                  <String HEIGHT="47"
                          WIDTH="105"
                          VPOS="1248"
                          HPOS="576"
                          CONTENT="est"/>
                  <SP HEIGHT="47" WIDTH="15" VPOS="1248" HPOS="682"/>
                  <String HEIGHT="47"
                          WIDTH="180"
                          VPOS="1248"
                          HPOS="636"
                          CONTENT="obiectum"/>
                  <SP HEIGHT="47" WIDTH="15" VPOS="1248" HPOS="817"/>
                  <String HEIGHT="47"
                          WIDTH="180"
                          VPOS="1248"
                          HPOS="772"
                          CONTENT="formale:"/>
                  <SP HEIGHT="47" WIDTH="15" VPOS="1248" HPOS="952"/>
                  <String HEIGHT="47"
                          WIDTH="105"
                          VPOS="1248"
                          HPOS="907"
                          CONTENT="hoc"/>
                  <SP HEIGHT="47" WIDTH="15" VPOS="1248" HPOS="1012"/>
                  <String HEIGHT="47"
                          WIDTH="105"
                          VPOS="1248"
                          HPOS="967"
                          CONTENT="est"/>
                  <SP HEIGHT="47" WIDTH="15" VPOS="1248" HPOS="1073"/>
                  <String HEIGHT="47"
                          WIDTH="150"
                          VPOS="1248"
                          HPOS="1028"
                          CONTENT="gratia"/>
                  <SP HEIGHT="47" WIDTH="15" VPOS="1248" HPOS="1178"/>
                  <String HEIGHT="47" WIDTH="75" VPOS="1248" HPOS="1133" CONTENT="&amp;"/>
                  <SP HEIGHT="47" WIDTH="15" VPOS="1248" HPOS="1208"/>
                  <String HEIGHT="47" WIDTH="60" VPOS="1248" HPOS="1148" CONTENT="ca"/>
               </TextLine>
               <TextLine ID="r1l46"
                         BASELINE="1348"
                         HEIGHT="62"
                         WIDTH="769"
                         VPOS="1286"
                         HPOS="453">
                  <String HEIGHT="62"
                          WIDTH="128"
                          VPOS="1286"
                          HPOS="439"
                          CONTENT="talis"/>
                  <SP HEIGHT="62" WIDTH="14" VPOS="1286" HPOS="567"/>
                  <String HEIGHT="62"
                          WIDTH="157"
                          VPOS="1286"
                          HPOS="524"
                          CONTENT="cultus:"/>
                  <SP HEIGHT="62" WIDTH="14" VPOS="1286" HPOS="681"/>
                  <String HEIGHT="62"
                          WIDTH="100"
                          VPOS="1286"
                          HPOS="638"
                          CONTENT="quo"/>
                  <SP HEIGHT="62" WIDTH="14" VPOS="1286" HPOS="738"/>
                  <String HEIGHT="62"
                          WIDTH="157"
                          VPOS="1286"
                          HPOS="695"
                          CONTENT="colitur"/>
                  <SP HEIGHT="62" WIDTH="14" VPOS="1286" HPOS="852"/>
                  <String HEIGHT="62"
                          WIDTH="100"
                          VPOS="1286"
                          HPOS="809"
                          CONTENT="hoc"/>
                  <SP HEIGHT="62" WIDTH="14" VPOS="1286" HPOS="909"/>
                  <String HEIGHT="62"
                          WIDTH="185"
                          VPOS="1286"
                          HPOS="866"
                          CONTENT="contentum"/>
                  <SP HEIGHT="62" WIDTH="14" VPOS="1286" HPOS="1051"/>
                  <String HEIGHT="62"
                          WIDTH="100"
                          VPOS="1286"
                          HPOS="1008"
                          CONTENT="sub"/>
                  <SP HEIGHT="62" WIDTH="14" VPOS="1286" HPOS="1108"/>
                  <String HEIGHT="62"
                          WIDTH="171"
                          VPOS="1286"
                          HPOS="1051"
                          CONTENT="speciebus:"/>
               </TextLine>
               <TextLine ID="r1l47"
                         BASELINE="1385"
                         HEIGHT="52"
                         WIDTH="758"
                         VPOS="1333"
                         HPOS="465">
                  <String HEIGHT="52"
                          WIDTH="190"
                          VPOS="1333"
                          HPOS="449"
                          CONTENT="obiectum"/>
                  <SP HEIGHT="52" WIDTH="16" VPOS="1333" HPOS="639"/>
                  <String HEIGHT="52"
                          WIDTH="158"
                          VPOS="1333"
                          HPOS="591"
                          CONTENT="inquam"/>
                  <SP HEIGHT="52" WIDTH="16" VPOS="1333" HPOS="749"/>
                  <String HEIGHT="52"
                          WIDTH="174"
                          VPOS="1333"
                          HPOS="702"
                          CONTENT="formale"/>
                  <SP HEIGHT="52" WIDTH="16" VPOS="1333" HPOS="876"/>
                  <String HEIGHT="52" WIDTH="95" VPOS="1333" HPOS="828" CONTENT="de"/>
                  <SP HEIGHT="52" WIDTH="16" VPOS="1333" HPOS="923"/>
                  <String HEIGHT="52"
                          WIDTH="111"
                          VPOS="1333"
                          HPOS="876"
                          CONTENT="per"/>
                  <SP HEIGHT="52" WIDTH="16" VPOS="1333" HPOS="986"/>
                  <String HEIGHT="52"
                          WIDTH="205"
                          VPOS="1333"
                          HPOS="939"
                          CONTENT="accidens."/>
                  <SP HEIGHT="52" WIDTH="16" VPOS="1333" HPOS="1144"/>
                  <String HEIGHT="52"
                          WIDTH="126"
                          VPOS="1333"
                          HPOS="1097"
                          CONTENT="deus"/>
                  <SP HEIGHT="52" WIDTH="16" VPOS="1333" HPOS="1223"/>
                  <String HEIGHT="52" WIDTH="63" VPOS="1333" HPOS="1160" CONTENT="au"/>
               </TextLine>
               <TextLine ID="r1l49"
                         BASELINE="1434"
                         HEIGHT="59"
                         WIDTH="662"
                         VPOS="1375"
                         HPOS="453">
                  <String HEIGHT="59"
                          WIDTH="105"
                          VPOS="1375"
                          HPOS="438"
                          CONTENT="tem"/>
                  <SP HEIGHT="59" WIDTH="15" VPOS="1375" HPOS="543"/>
                  <String HEIGHT="59"
                          WIDTH="105"
                          VPOS="1375"
                          HPOS="498"
                          CONTENT="est"/>
                  <SP HEIGHT="59" WIDTH="15" VPOS="1375" HPOS="603"/>
                  <String HEIGHT="59"
                          WIDTH="181"
                          VPOS="1375"
                          HPOS="558"
                          CONTENT="obiectum"/>
                  <SP HEIGHT="59" WIDTH="15" VPOS="1375" HPOS="739"/>
                  <String HEIGHT="59"
                          WIDTH="166"
                          VPOS="1375"
                          HPOS="694"
                          CONTENT="formale"/>
                  <SP HEIGHT="59" WIDTH="15" VPOS="1375" HPOS="859"/>
                  <String HEIGHT="59"
                          WIDTH="105"
                          VPOS="1375"
                          HPOS="814"
                          CONTENT="per"/>
                  <SP HEIGHT="59" WIDTH="15" VPOS="1375" HPOS="919"/>
                  <String HEIGHT="59"
                          WIDTH="105"
                          VPOS="1375"
                          HPOS="874"
                          CONTENT="se:"/>
                  <SP HEIGHT="59" WIDTH="15" VPOS="1375" HPOS="980"/>
                  <String HEIGHT="59" WIDTH="75" VPOS="1375" HPOS="934" CONTENT="&amp;"/>
                  <SP HEIGHT="59" WIDTH="15" VPOS="1375" HPOS="1010"/>
                  <String HEIGHT="59"
                          WIDTH="166"
                          VPOS="1375"
                          HPOS="950"
                          CONTENT="radicale."/>
               </TextLine>
               <TextLine ID="r1l51"
                         BASELINE="1518"
                         HEIGHT="87"
                         WIDTH="763"
                         VPOS="1431"
                         HPOS="453">
                  <String HEIGHT="87" WIDTH="116" VPOS="1431" HPOS="430" CONTENT=""/>
                  <SP HEIGHT="87" WIDTH="23" VPOS="1431" HPOS="545"/>
                  <String HEIGHT="87"
                          WIDTH="231"
                          VPOS="1431"
                          HPOS="476"
                          CONTENT="Quarto"/>
                  <SP HEIGHT="87" WIDTH="23" VPOS="1431" HPOS="707"/>
                  <String HEIGHT="87"
                          WIDTH="301"
                          VPOS="1431"
                          HPOS="638"
                          CONTENT="arguitur."/>
                  <SP HEIGHT="87" WIDTH="23" VPOS="1431" HPOS="939"/>
                  <String HEIGHT="87" WIDTH="139" VPOS="1431" HPOS="869" CONTENT="Si"/>
                  <SP HEIGHT="87" WIDTH="23" VPOS="1431" HPOS="1008"/>
                  <String HEIGHT="87"
                          WIDTH="301"
                          VPOS="1431"
                          HPOS="915"
                          CONTENT="eucharistia"/>
               </TextLine>
               <TextLine ID="r1l52"
                         BASELINE="1571"
                         HEIGHT="61"
                         WIDTH="752"
                         VPOS="1510"
                         HPOS="454">
                  <String HEIGHT="61"
                          WIDTH="121"
                          VPOS="1510"
                          HPOS="441"
                          CONTENT="esset"/>
                  <SP HEIGHT="61" WIDTH="13" VPOS="1510" HPOS="561"/>
                  <String HEIGHT="61"
                          WIDTH="161"
                          VPOS="1510"
                          HPOS="521"
                          CONTENT="adoranda"/>
                  <SP HEIGHT="61" WIDTH="13" VPOS="1510" HPOS="682"/>
                  <String HEIGHT="61"
                          WIDTH="188"
                          VPOS="1510"
                          HPOS="642"
                          CONTENT="categorice"/>
                  <SP HEIGHT="61" WIDTH="13" VPOS="1510" HPOS="830"/>
                  <String HEIGHT="61"
                          WIDTH="121"
                          VPOS="1510"
                          HPOS="790"
                          CONTENT="cultu"/>
                  <SP HEIGHT="61" WIDTH="13" VPOS="1510" HPOS="911"/>
                  <String HEIGHT="61"
                          WIDTH="161"
                          VPOS="1510"
                          HPOS="870"
                          CONTENT="latriae:"/>
                  <SP HEIGHT="61" WIDTH="13" VPOS="1510" HPOS="1031"/>
                  <String HEIGHT="61"
                          WIDTH="188"
                          VPOS="1510"
                          HPOS="991"
                          CONTENT="sequeretur"/>
                  <SP HEIGHT="61" WIDTH="13" VPOS="1510" HPOS="1179"/>
                  <String HEIGHT="61"
                          WIDTH="81"
                          VPOS="1510"
                          HPOS="1125"
                          CONTENT="quod"/>
               </TextLine>
               <TextLine ID="r1l54"
                         BASELINE="1609"
                         HEIGHT="47"
                         WIDTH="749"
                         VPOS="1562"
                         HPOS="454">
                  <String HEIGHT="47"
                          WIDTH="140"
                          VPOS="1562"
                          HPOS="438"
                          CONTENT="etiam"/>
                  <SP HEIGHT="47" WIDTH="16" VPOS="1562" HPOS="579"/>
                  <String HEIGHT="47"
                          WIDTH="156"
                          VPOS="1562"
                          HPOS="532"
                          CONTENT="corpus"/>
                  <SP HEIGHT="47" WIDTH="16" VPOS="1562" HPOS="688"/>
                  <String HEIGHT="47"
                          WIDTH="156"
                          VPOS="1562"
                          HPOS="641"
                          CONTENT="sortis"/>
                  <SP HEIGHT="47" WIDTH="16" VPOS="1562" HPOS="797"/>
                  <String HEIGHT="47"
                          WIDTH="140"
                          VPOS="1562"
                          HPOS="750"
                          CONTENT="esset"/>
                  <SP HEIGHT="47" WIDTH="16" VPOS="1562" HPOS="891"/>
                  <String HEIGHT="47"
                          WIDTH="203"
                          VPOS="1562"
                          HPOS="844"
                          CONTENT="adorandum"/>
                  <SP HEIGHT="47" WIDTH="16" VPOS="1562" HPOS="1047"/>
                  <String HEIGHT="47"
                          WIDTH="140"
                          VPOS="1562"
                          HPOS="1000"
                          CONTENT="cultu"/>
                  <SP HEIGHT="47" WIDTH="16" VPOS="1562" HPOS="1141"/>
                  <String HEIGHT="47"
                          WIDTH="125"
                          VPOS="1562"
                          HPOS="1078"
                          CONTENT="latria"/>
               </TextLine>
               <TextLine ID="r1l56"
                         BASELINE="1660"
                         HEIGHT="59"
                         WIDTH="764"
                         VPOS="1601"
                         HPOS="450">
                  <String HEIGHT="59"
                          WIDTH="216"
                          VPOS="1601"
                          HPOS="436"
                          CONTENT="categorice."/>
                  <SP HEIGHT="59" WIDTH="14" VPOS="1601" HPOS="652"/>
                  <String HEIGHT="59"
                          WIDTH="202"
                          VPOS="1601"
                          HPOS="609"
                          CONTENT="consequens"/>
                  <SP HEIGHT="59" WIDTH="14" VPOS="1601" HPOS="810"/>
                  <String HEIGHT="59"
                          WIDTH="101"
                          VPOS="1601"
                          HPOS="767"
                          CONTENT="est"/>
                  <SP HEIGHT="59" WIDTH="14" VPOS="1601" HPOS="868"/>
                  <String HEIGHT="59"
                          WIDTH="231"
                          VPOS="1601"
                          HPOS="825"
                          CONTENT="inconveniens"/>
                  <SP HEIGHT="59" WIDTH="14" VPOS="1601" HPOS="1055"/>
                  <String HEIGHT="59" WIDTH="72" VPOS="1601" HPOS="1012" CONTENT="&amp;"/>
                  <SP HEIGHT="59" WIDTH="14" VPOS="1601" HPOS="1084"/>
                  <String HEIGHT="59"
                          WIDTH="159"
                          VPOS="1601"
                          HPOS="1041"
                          CONTENT="nusquam"/>
                  <SP HEIGHT="59" WIDTH="14" VPOS="1601" HPOS="1200"/>
                  <String HEIGHT="59"
                          WIDTH="72"
                          VPOS="1601"
                          HPOS="1142"
                          CONTENT="pra"/>
               </TextLine>
               <TextLine ID="r1l58"
                         BASELINE="1702"
                         HEIGHT="60"
                         WIDTH="752"
                         VPOS="1642"
                         HPOS="456">
                  <String HEIGHT="60"
                          WIDTH="184"
                          VPOS="1642"
                          HPOS="442"
                          CONTENT="cticatur."/>
                  <SP HEIGHT="60" WIDTH="14" VPOS="1642" HPOS="626"/>
                  <String HEIGHT="60"
                          WIDTH="156"
                          VPOS="1642"
                          HPOS="584"
                          CONTENT="declaro"/>
                  <SP HEIGHT="60" WIDTH="14" VPOS="1642" HPOS="740"/>
                  <String HEIGHT="60"
                          WIDTH="255"
                          VPOS="1642"
                          HPOS="697"
                          CONTENT="consequentiam."/>
                  <SP HEIGHT="60" WIDTH="14" VPOS="1642" HPOS="953"/>
                  <String HEIGHT="60"
                          WIDTH="142"
                          VPOS="1642"
                          HPOS="910"
                          CONTENT="posito"/>
                  <SP HEIGHT="60" WIDTH="14" VPOS="1642" HPOS="1052"/>
                  <String HEIGHT="60"
                          WIDTH="114"
                          VPOS="1642"
                          HPOS="1009"
                          CONTENT="quod"/>
                  <SP HEIGHT="60" WIDTH="14" VPOS="1642" HPOS="1123"/>
                  <String HEIGHT="60"
                          WIDTH="114"
                          VPOS="1642"
                          HPOS="1080"
                          CONTENT="nunc"/>
                  <SP HEIGHT="60" WIDTH="14" VPOS="1642" HPOS="1194"/>
                  <String HEIGHT="60"
                          WIDTH="71"
                          VPOS="1642"
                          HPOS="1137"
                          CONTENT="sor"/>
               </TextLine>
               <TextLine ID="r1l60"
                         BASELINE="1739"
                         HEIGHT="53"
                         WIDTH="749"
                         VPOS="1686"
                         HPOS="459">
                  <String HEIGHT="53"
                          WIDTH="109"
                          VPOS="1686"
                          HPOS="443"
                          CONTENT="tes"/>
                  <SP HEIGHT="53" WIDTH="16" VPOS="1686" HPOS="553"/>
                  <String HEIGHT="53"
                          WIDTH="172"
                          VPOS="1686"
                          HPOS="506"
                          CONTENT="sumpsit"/>
                  <SP HEIGHT="53" WIDTH="16" VPOS="1686" HPOS="677"/>
                  <String HEIGHT="53"
                          WIDTH="250"
                          VPOS="1686"
                          HPOS="631"
                          CONTENT="Eucharistia:"/>
                  <SP HEIGHT="53" WIDTH="16" VPOS="1686" HPOS="880"/>
                  <String HEIGHT="53"
                          WIDTH="156"
                          VPOS="1686"
                          HPOS="834"
                          CONTENT="saltem"/>
                  <SP HEIGHT="53" WIDTH="16" VPOS="1686" HPOS="990"/>
                  <String HEIGHT="53"
                          WIDTH="172"
                          VPOS="1686"
                          HPOS="943"
                          CONTENT="debemus"/>
                  <SP HEIGHT="53" WIDTH="16" VPOS="1686" HPOS="1114"/>
                  <String HEIGHT="53"
                          WIDTH="156"
                          VPOS="1686"
                          HPOS="1052"
                          CONTENT="euchari"
                          SUBS_TYPE="HypPart1"
                          SUBS_CONTENT="eucharistiam"/>
                  <HYP CONTENT="-"/>
               </TextLine>
               <TextLine ID="r1l62"
                         BASELINE="1788"
                         HEIGHT="59"
                         WIDTH="763"
                         VPOS="1729"
                         HPOS="454">
                  <String HEIGHT="59"
                          WIDTH="132"
                          VPOS="1729"
                          HPOS="439"
                          CONTENT="stiam"
                          SUBS_TYPE="HypPart2"
                          SUBS_CONTENT="eucharistiam"/>
                  <SP HEIGHT="59" WIDTH="15" VPOS="1729" HPOS="571"/>
                  <String HEIGHT="59" WIDTH="88" VPOS="1729" HPOS="527" CONTENT="in"/>
                  <SP HEIGHT="59" WIDTH="15" VPOS="1729" HPOS="615"/>
                  <String HEIGHT="59"
                          WIDTH="117"
                          VPOS="1729"
                          HPOS="571"
                          CONTENT="eius"/>
                  <SP HEIGHT="59" WIDTH="15" VPOS="1729" HPOS="689"/>
                  <String HEIGHT="59"
                          WIDTH="176"
                          VPOS="1729"
                          HPOS="645"
                          CONTENT="stomacho"/>
                  <SP HEIGHT="59" WIDTH="15" VPOS="1729" HPOS="821"/>
                  <String HEIGHT="59"
                          WIDTH="161"
                          VPOS="1729"
                          HPOS="777"
                          CONTENT="adorare"/>
                  <SP HEIGHT="59" WIDTH="15" VPOS="1729" HPOS="938"/>
                  <String HEIGHT="59"
                          WIDTH="117"
                          VPOS="1729"
                          HPOS="894"
                          CONTENT="quam"/>
                  <SP HEIGHT="59" WIDTH="15" VPOS="1729" HPOS="1012"/>
                  <String HEIGHT="59"
                          WIDTH="161"
                          VPOS="1729"
                          HPOS="968"
                          CONTENT="constat"/>
                  <SP HEIGHT="59" WIDTH="15" VPOS="1729" HPOS="1129"/>
                  <String HEIGHT="59"
                          WIDTH="117"
                          VPOS="1729"
                          HPOS="1085"
                          CONTENT="esse"/>
                  <SP HEIGHT="59" WIDTH="15" VPOS="1729" HPOS="1202"/>
                  <String HEIGHT="59" WIDTH="88" VPOS="1729" HPOS="1158" CONTENT="in"/>
                  <SP HEIGHT="59" WIDTH="15" VPOS="1729" HPOS="1246"/>
                  <String HEIGHT="59" WIDTH="29" VPOS="1729" HPOS="1188" CONTENT=""/>
               </TextLine>
               <TextLine ID="r1l64"
                         BASELINE="1828"
                         HEIGHT="48"
                         WIDTH="753"
                         VPOS="1780"
                         HPOS="451">
                  <String HEIGHT="48"
                          WIDTH="108"
                          VPOS="1780"
                          HPOS="436"
                          CONTENT="eo:"/>
                  <SP HEIGHT="48" WIDTH="15" VPOS="1780" HPOS="543"/>
                  <String HEIGHT="48"
                          WIDTH="138"
                          VPOS="1780"
                          HPOS="497"
                          CONTENT="sicut"/>
                  <SP HEIGHT="48" WIDTH="15" VPOS="1780" HPOS="635"/>
                  <String HEIGHT="48"
                          WIDTH="184"
                          VPOS="1780"
                          HPOS="589"
                          CONTENT="adoramus"/>
                  <SP HEIGHT="48" WIDTH="15" VPOS="1780" HPOS="774"/>
                  <String HEIGHT="48"
                          WIDTH="246"
                          VPOS="1780"
                          HPOS="728"
                          CONTENT="eucharistiam"/>
                  <SP HEIGHT="48" WIDTH="15" VPOS="1780" HPOS="973"/>
                  <String HEIGHT="48" WIDTH="92" VPOS="1780" HPOS="927" CONTENT="in"/>
                  <SP HEIGHT="48" WIDTH="15" VPOS="1780" HPOS="1020"/>
                  <String HEIGHT="48"
                          WIDTH="154"
                          VPOS="1780"
                          HPOS="973"
                          CONTENT="pyxide"/>
                  <SP HEIGHT="48" WIDTH="15" VPOS="1780" HPOS="1127"/>
                  <String HEIGHT="48"
                          WIDTH="138"
                          VPOS="1780"
                          HPOS="1066"
                          CONTENT="delatam"/>
               </TextLine>
               <TextLine ID="r1l66"
                         BASELINE="1870"
                         HEIGHT="52"
                         WIDTH="744"
                         VPOS="1818"
                         HPOS="457">
                  <String HEIGHT="52"
                          WIDTH="106"
                          VPOS="1818"
                          HPOS="442"
                          CONTENT="per"/>
                  <SP HEIGHT="52" WIDTH="15" VPOS="1818" HPOS="548"/>
                  <String HEIGHT="52"
                          WIDTH="152"
                          VPOS="1818"
                          HPOS="503"
                          CONTENT="vrbem:"/>
                  <SP HEIGHT="52" WIDTH="15" VPOS="1818" HPOS="654"/>
                  <String HEIGHT="52" WIDTH="76" VPOS="1818" HPOS="609" CONTENT="&amp;"/>
                  <SP HEIGHT="52" WIDTH="15" VPOS="1818" HPOS="685"/>
                  <String HEIGHT="52" WIDTH="91" VPOS="1818" HPOS="639" CONTENT="ex"/>
                  <SP HEIGHT="52" WIDTH="15" VPOS="1818" HPOS="730"/>
                  <String HEIGHT="52"
                          WIDTH="228"
                          VPOS="1818"
                          HPOS="685"
                          CONTENT="consequente"/>
                  <SP HEIGHT="52" WIDTH="15" VPOS="1818" HPOS="913"/>
                  <String HEIGHT="52"
                          WIDTH="152"
                          VPOS="1818"
                          HPOS="867"
                          CONTENT="Sortem"/>
                  <SP HEIGHT="52" WIDTH="15" VPOS="1818" HPOS="1019"/>
                  <String HEIGHT="52"
                          WIDTH="167"
                          VPOS="1818"
                          HPOS="973"
                          CONTENT="ratione"/>
                  <SP HEIGHT="52" WIDTH="15" VPOS="1818" HPOS="1140"/>
                  <String HEIGHT="52"
                          WIDTH="121"
                          VPOS="1818"
                          HPOS="1080"
                          CONTENT="illius"/>
               </TextLine>
               <TextLine ID="r1l68"
                         BASELINE="1920"
                         HEIGHT="54"
                         WIDTH="748"
                         VPOS="1866"
                         HPOS="460">
                  <String HEIGHT="54" WIDTH="85" VPOS="1866" HPOS="443" CONTENT=""/>
                  <SP HEIGHT="54" WIDTH="17" VPOS="1866" HPOS="528"/>
                  <String HEIGHT="54"
                          WIDTH="272"
                          VPOS="1866"
                          HPOS="477"
                          CONTENT="Respondetur."/>
                  <SP HEIGHT="54" WIDTH="17" VPOS="1866" HPOS="749"/>
                  <String HEIGHT="54"
                          WIDTH="119"
                          VPOS="1866"
                          HPOS="698"
                          CONTENT="hoc"/>
                  <SP HEIGHT="54" WIDTH="17" VPOS="1866" HPOS="817"/>
                  <String HEIGHT="54"
                          WIDTH="238"
                          VPOS="1866"
                          HPOS="766"
                          CONTENT="argumentum"/>
                  <SP HEIGHT="54" WIDTH="17" VPOS="1866" HPOS="1004"/>
                  <String HEIGHT="54"
                          WIDTH="119"
                          VPOS="1866"
                          HPOS="953"
                          CONTENT="non"/>
                  <SP HEIGHT="54" WIDTH="17" VPOS="1866" HPOS="1072"/>
                  <String HEIGHT="54"
                          WIDTH="119"
                          VPOS="1866"
                          HPOS="1021"
                          CONTENT="est"/>
                  <SP HEIGHT="54" WIDTH="17" VPOS="1866" HPOS="1140"/>
                  <String HEIGHT="54"
                          WIDTH="136"
                          VPOS="1866"
                          HPOS="1072"
                          CONTENT="contra"/>
               </TextLine>
               <TextLine ID="r1l70"
                         BASELINE="1961"
                         HEIGHT="49"
                         WIDTH="763"
                         VPOS="1912"
                         HPOS="453">
                  <String HEIGHT="49"
                          WIDTH="265"
                          VPOS="1912"
                          HPOS="437"
                          CONTENT="conclusionem:"/>
                  <SP HEIGHT="49" WIDTH="16" VPOS="1912" HPOS="702"/>
                  <String HEIGHT="49"
                          WIDTH="109"
                          VPOS="1912"
                          HPOS="655"
                          CONTENT="sed"/>
                  <SP HEIGHT="49" WIDTH="16" VPOS="1912" HPOS="764"/>
                  <String HEIGHT="49"
                          WIDTH="171"
                          VPOS="1912"
                          HPOS="718"
                          CONTENT="quaerit"/>
                  <SP HEIGHT="49" WIDTH="16" VPOS="1912" HPOS="889"/>
                  <String HEIGHT="49"
                          WIDTH="125"
                          VPOS="1912"
                          HPOS="842"
                          CONTENT="vnum"/>
                  <SP HEIGHT="49" WIDTH="16" VPOS="1912" HPOS="967"/>
                  <String HEIGHT="49"
                          WIDTH="156"
                          VPOS="1912"
                          HPOS="920"
                          CONTENT="aliud:"/>
                  <SP HEIGHT="49" WIDTH="16" VPOS="1912" HPOS="1076"/>
                  <String HEIGHT="49" WIDTH="93" VPOS="1912" HPOS="1029" CONTENT="ad"/>
                  <SP HEIGHT="49" WIDTH="16" VPOS="1912" HPOS="1123"/>
                  <String HEIGHT="49"
                          WIDTH="125"
                          VPOS="1912"
                          HPOS="1076"
                          CONTENT="quod"/>
                  <SP HEIGHT="49" WIDTH="16" VPOS="1912" HPOS="1200"/>
                  <String HEIGHT="49"
                          WIDTH="78"
                          VPOS="1912"
                          HPOS="1138"
                          CONTENT="di"
                          SUBS_TYPE="HypPart1"
                          SUBS_CONTENT="dico"/>
                  <HYP CONTENT="-"/>
               </TextLine>
               <TextLine ID="r1l72"
                         BASELINE="2013"
                         HEIGHT="59"
                         WIDTH="745"
                         VPOS="1954"
                         HPOS="460">
                  <String HEIGHT="59"
                          WIDTH="91"
                          VPOS="1954"
                          HPOS="445"
                          CONTENT="co"
                          SUBS_TYPE="HypPart2"
                          SUBS_CONTENT="dico"/>
                  <SP HEIGHT="59" WIDTH="15" VPOS="1954" HPOS="536"/>
                  <String HEIGHT="59"
                          WIDTH="122"
                          VPOS="1954"
                          HPOS="490"
                          CONTENT="quod"/>
                  <SP HEIGHT="59" WIDTH="15" VPOS="1954" HPOS="612"/>
                  <String HEIGHT="59"
                          WIDTH="106"
                          VPOS="1954"
                          HPOS="566"
                          CONTENT="nec"/>
                  <SP HEIGHT="59" WIDTH="15" VPOS="1954" HPOS="673"/>
                  <String HEIGHT="59"
                          WIDTH="152"
                          VPOS="1954"
                          HPOS="627"
                          CONTENT="Sortes"/>
                  <SP HEIGHT="59" WIDTH="15" VPOS="1954" HPOS="779"/>
                  <String HEIGHT="59"
                          WIDTH="106"
                          VPOS="1954"
                          HPOS="734"
                          CONTENT="est"/>
                  <SP HEIGHT="59" WIDTH="15" VPOS="1954" HPOS="840"/>
                  <String HEIGHT="59"
                          WIDTH="213"
                          VPOS="1954"
                          HPOS="794"
                          CONTENT="adorandus,"/>
                  <SP HEIGHT="59" WIDTH="15" VPOS="1954" HPOS="1007"/>
                  <String HEIGHT="59"
                          WIDTH="106"
                          VPOS="1954"
                          HPOS="962"
                          CONTENT="nec"/>
                  <SP HEIGHT="59" WIDTH="15" VPOS="1954" HPOS="1068"/>
                  <String HEIGHT="59"
                          WIDTH="152"
                          VPOS="1954"
                          HPOS="1023"
                          CONTENT="corpus"/>
                  <SP HEIGHT="59" WIDTH="15" VPOS="1954" HPOS="1175"/>
                  <String HEIGHT="59"
                          WIDTH="91"
                          VPOS="1954"
                          HPOS="1114"
                          CONTENT="Chri"/>
               </TextLine>
               <TextLine ID="r1l74"
                         BASELINE="2048"
                         HEIGHT="50"
                         WIDTH="744"
                         VPOS="1998"
                         HPOS="454">
                  <String HEIGHT="50"
                          WIDTH="118"
                          VPOS="1998"
                          HPOS="437"
                          CONTENT="sti"/>
                  <SP HEIGHT="50" WIDTH="17" VPOS="1998" HPOS="555"/>
                  <String HEIGHT="50" WIDTH="101" VPOS="1998" HPOS="505" CONTENT="in"/>
                  <SP HEIGHT="50" WIDTH="17" VPOS="1998" HPOS="606"/>
                  <String HEIGHT="50"
                          WIDTH="203"
                          VPOS="1998"
                          HPOS="555"
                          CONTENT="stomacho"/>
                  <SP HEIGHT="50" WIDTH="17" VPOS="1998" HPOS="758"/>
                  <String HEIGHT="50"
                          WIDTH="186"
                          VPOS="1998"
                          HPOS="708"
                          CONTENT="Sortis."/>
                  <SP HEIGHT="50" WIDTH="17" VPOS="1998" HPOS="894"/>
                  <String HEIGHT="50" WIDTH="101" VPOS="1998" HPOS="843" CONTENT="Ad"/>
                  <SP HEIGHT="50" WIDTH="17" VPOS="1998" HPOS="944"/>
                  <String HEIGHT="50"
                          WIDTH="118"
                          VPOS="1998"
                          HPOS="894"
                          CONTENT="hoc"/>
                  <SP HEIGHT="50" WIDTH="17" VPOS="1998" HPOS="1012"/>
                  <String HEIGHT="50"
                          WIDTH="152"
                          VPOS="1998"
                          HPOS="961"
                          CONTENT="primo"/>
                  <SP HEIGHT="50" WIDTH="17" VPOS="1998" HPOS="1113"/>
                  <String HEIGHT="50"
                          WIDTH="118"
                          VPOS="1998"
                          HPOS="1063"
                          CONTENT="est"/>
                  <SP HEIGHT="50" WIDTH="17" VPOS="1998" HPOS="1181"/>
                  <String HEIGHT="50"
                          WIDTH="85"
                          VPOS="1998"
                          HPOS="1113"
                          CONTENT="com"/>
               </TextLine>
               <TextLine ID="r1l76"
                         BASELINE="2098"
                         HEIGHT="54"
                         WIDTH="750"
                         VPOS="2044"
                         HPOS="448">
                  <String HEIGHT="54"
                          WIDTH="141"
                          VPOS="2044"
                          HPOS="432"
                          CONTENT="munis"/>
                  <SP HEIGHT="54" WIDTH="16" VPOS="2044" HPOS="573"/>
                  <String HEIGHT="54"
                          WIDTH="156"
                          VPOS="2044"
                          HPOS="526"
                          CONTENT="visus."/>
                  <SP HEIGHT="54" WIDTH="16" VPOS="2044" HPOS="682"/>
                  <String HEIGHT="54"
                          WIDTH="172"
                          VPOS="2044"
                          HPOS="636"
                          CONTENT="Secundo"/>
                  <SP HEIGHT="54" WIDTH="16" VPOS="2044" HPOS="807"/>
                  <String HEIGHT="54"
                          WIDTH="188"
                          VPOS="2044"
                          HPOS="761"
                          CONTENT="nescitur"/>
                  <SP HEIGHT="54" WIDTH="16" VPOS="2044" HPOS="948"/>
                  <String HEIGHT="54"
                          WIDTH="172"
                          VPOS="2044"
                          HPOS="901"
                          CONTENT="quamdiu"/>
                  <SP HEIGHT="54" WIDTH="16" VPOS="2044" HPOS="1073"/>
                  <String HEIGHT="54"
                          WIDTH="156"
                          VPOS="2044"
                          HPOS="1026"
                          CONTENT="corpus"/>
                  <SP HEIGHT="54" WIDTH="16" VPOS="2044" HPOS="1182"/>
                  <String HEIGHT="54"
                          WIDTH="78"
                          VPOS="2044"
                          HPOS="1120"
                          CONTENT="Chr"/>
               </TextLine>
               <TextLine ID="r1l78"
                         BASELINE="2141"
                         HEIGHT="54"
                         WIDTH="756"
                         VPOS="2087"
                         HPOS="451">
                  <String HEIGHT="54"
                          WIDTH="113"
                          VPOS="2087"
                          HPOS="435"
                          CONTENT="sti"/>
                  <SP HEIGHT="54" WIDTH="16" VPOS="2087" HPOS="548"/>
                  <String HEIGHT="54"
                          WIDTH="145"
                          VPOS="2087"
                          HPOS="499"
                          CONTENT="illic"/>
                  <SP HEIGHT="54" WIDTH="16" VPOS="2087" HPOS="644"/>
                  <String HEIGHT="54"
                          WIDTH="161"
                          VPOS="2087"
                          HPOS="596"
                          CONTENT="maneat"/>
                  <SP HEIGHT="54" WIDTH="16" VPOS="2087" HPOS="757"/>
                  <String HEIGHT="54" WIDTH="97" VPOS="2087" HPOS="708" CONTENT="ob"/>
                  <SP HEIGHT="54" WIDTH="16" VPOS="2087" HPOS="805"/>
                  <String HEIGHT="54"
                          WIDTH="209"
                          VPOS="2087"
                          HPOS="757"
                          CONTENT="specierum"/>
                  <SP HEIGHT="54" WIDTH="16" VPOS="2087" HPOS="966"/>
                  <String HEIGHT="54"
                          WIDTH="273"
                          VPOS="2087"
                          HPOS="917"
                          CONTENT="alterationem."/>
                  <SP HEIGHT="54" WIDTH="16" VPOS="2087" HPOS="1191"/>
                  <String HEIGHT="54"
                          WIDTH="80"
                          VPOS="2087"
                          HPOS="1127"
                          CONTENT="Tum"/>
               </TextLine>
               <TextLine ID="r1l80"
                         BASELINE="2181"
                         HEIGHT="47"
                         WIDTH="763"
                         VPOS="2134"
                         HPOS="447">
                  <String HEIGHT="47"
                          WIDTH="150"
                          VPOS="2134"
                          HPOS="432"
                          CONTENT="tertio"/>
                  <SP HEIGHT="47" WIDTH="15" VPOS="2134" HPOS="582"/>
                  <String HEIGHT="47"
                          WIDTH="120"
                          VPOS="2134"
                          HPOS="537"
                          CONTENT="dato"/>
                  <SP HEIGHT="47" WIDTH="15" VPOS="2134" HPOS="656"/>
                  <String HEIGHT="47"
                          WIDTH="120"
                          VPOS="2134"
                          HPOS="612"
                          CONTENT="quod"/>
                  <SP HEIGHT="47" WIDTH="15" VPOS="2134" HPOS="731"/>
                  <String HEIGHT="47"
                          WIDTH="180"
                          VPOS="2134"
                          HPOS="686"
                          CONTENT="constet:"/>
                  <SP HEIGHT="47" WIDTH="15" VPOS="2134" HPOS="866"/>
                  <String HEIGHT="47" WIDTH="90" VPOS="2134" HPOS="821" CONTENT="ne"/>
                  <SP HEIGHT="47" WIDTH="15" VPOS="2134" HPOS="911"/>
                  <String HEIGHT="47"
                          WIDTH="165"
                          VPOS="2134"
                          HPOS="866"
                          CONTENT="hominem"/>
                  <SP HEIGHT="47" WIDTH="15" VPOS="2134" HPOS="1030"/>
                  <String HEIGHT="47"
                          WIDTH="165"
                          VPOS="2134"
                          HPOS="986"
                          CONTENT="adorare"/>
                  <SP HEIGHT="47" WIDTH="15" VPOS="2134" HPOS="1150"/>
                  <String HEIGHT="47"
                          WIDTH="120"
                          VPOS="2134"
                          HPOS="1090"
                          CONTENT="videa"
                          SUBS_TYPE="HypPart1"
                          SUBS_CONTENT="videamur:"/>
                  <HYP CONTENT="-"/>
               </TextLine>
               <TextLine ID="r1l82"
                         BASELINE="2229"
                         HEIGHT="53"
                         WIDTH="761"
                         VPOS="2176"
                         HPOS="447">
                  <String HEIGHT="53"
                          WIDTH="127"
                          VPOS="2176"
                          HPOS="431"
                          CONTENT="mur:"
                          SUBS_TYPE="HypPart2"
                          SUBS_CONTENT="videamur:"/>
                  <SP HEIGHT="53" WIDTH="16" VPOS="2176" HPOS="558"/>
                  <String HEIGHT="53"
                          WIDTH="159"
                          VPOS="2176"
                          HPOS="510"
                          CONTENT="corpus"/>
                  <SP HEIGHT="53" WIDTH="16" VPOS="2176" HPOS="669"/>
                  <String HEIGHT="53"
                          WIDTH="174"
                          VPOS="2176"
                          HPOS="621"
                          CONTENT="Christi"/>
                  <SP HEIGHT="53" WIDTH="16" VPOS="2176" HPOS="796"/>
                  <String HEIGHT="53"
                          WIDTH="111"
                          VPOS="2176"
                          HPOS="748"
                          CONTENT="non"/>
                  <SP HEIGHT="53" WIDTH="16" VPOS="2176" HPOS="859"/>
                  <String HEIGHT="53"
                          WIDTH="111"
                          VPOS="2176"
                          HPOS="812"
                          CONTENT="est"/>
                  <SP HEIGHT="53" WIDTH="16" VPOS="2176" HPOS="923"/>
                  <String HEIGHT="53"
                          WIDTH="143"
                          VPOS="2176"
                          HPOS="875"
                          CONTENT="illic"/>
                  <SP HEIGHT="53" WIDTH="16" VPOS="2176" HPOS="1018"/>
                  <String HEIGHT="53"
                          WIDTH="206"
                          VPOS="2176"
                          HPOS="970"
                          CONTENT="adorandum"/>
                  <SP HEIGHT="53" WIDTH="16" VPOS="2176" HPOS="1176"/>
                  <String HEIGHT="53"
                          WIDTH="95"
                          VPOS="2176"
                          HPOS="1113"
                          CONTENT="sal"
                          SUBS_TYPE="HypPart1"
                          SUBS_CONTENT="saltem"/>
                  <HYP CONTENT="-"/>
               </TextLine>
               <TextLine ID="r1l84"
                         BASELINE="2275"
                         HEIGHT="55"
                         WIDTH="766"
                         VPOS="2220"
                         HPOS="441">
                  <String HEIGHT="55"
                          WIDTH="117"
                          VPOS="2220"
                          HPOS="424"
                          CONTENT="tem"
                          SUBS_TYPE="HypPart2"
                          SUBS_CONTENT="saltem"/>
                  <SP HEIGHT="55" WIDTH="17" VPOS="2220" HPOS="541"/>
                  <String HEIGHT="55"
                          WIDTH="216"
                          VPOS="2220"
                          HPOS="491"
                          CONTENT="exteriore"/>
                  <SP HEIGHT="55" WIDTH="17" VPOS="2220" HPOS="707"/>
                  <String HEIGHT="55"
                          WIDTH="250"
                          VPOS="2220"
                          HPOS="657"
                          CONTENT="adoratione:"/>
                  <SP HEIGHT="55" WIDTH="17" VPOS="2220" HPOS="907"/>
                  <String HEIGHT="55"
                          WIDTH="150"
                          VPOS="2220"
                          HPOS="857"
                          CONTENT="secus"/>
                  <SP HEIGHT="55" WIDTH="17" VPOS="2220" HPOS="1007"/>
                  <String HEIGHT="55"
                          WIDTH="117"
                          VPOS="2220"
                          HPOS="957"
                          CONTENT="est"/>
                  <SP HEIGHT="55" WIDTH="17" VPOS="2220" HPOS="1074"/>
                  <String HEIGHT="55"
                          WIDTH="100"
                          VPOS="2220"
                          HPOS="1024"
                          CONTENT="de"/>
                  <SP HEIGHT="55" WIDTH="17" VPOS="2220" HPOS="1124"/>
                  <String HEIGHT="55"
                          WIDTH="150"
                          VPOS="2220"
                          HPOS="1057"
                          CONTENT="corpore"/>
               </TextLine>
               <TextLine ID="r1l86"
                         BASELINE="2325"
                         HEIGHT="59"
                         WIDTH="755"
                         VPOS="2266"
                         HPOS="443">
                  <String HEIGHT="59"
                          WIDTH="166"
                          VPOS="2266"
                          HPOS="428"
                          CONTENT="Christi"/>
                  <SP HEIGHT="59" WIDTH="15" VPOS="2266" HPOS="594"/>
                  <String HEIGHT="59" WIDTH="91" VPOS="2266" HPOS="549" CONTENT="in"/>
                  <SP HEIGHT="59" WIDTH="15" VPOS="2266" HPOS="639"/>
                  <String HEIGHT="59"
                          WIDTH="166"
                          VPOS="2266"
                          HPOS="594"
                          CONTENT="pyxide:"/>
                  <SP HEIGHT="59" WIDTH="15" VPOS="2266" HPOS="760"/>
                  <String HEIGHT="59"
                          WIDTH="121"
                          VPOS="2266"
                          HPOS="715"
                          CONTENT="quia"/>
                  <SP HEIGHT="59" WIDTH="15" VPOS="2266" HPOS="836"/>
                  <String HEIGHT="59"
                          WIDTH="136"
                          VPOS="2266"
                          HPOS="790"
                          CONTENT="palam"/>
                  <SP HEIGHT="59" WIDTH="15" VPOS="2266" HPOS="926"/>
                  <String HEIGHT="59"
                          WIDTH="106"
                          VPOS="2266"
                          HPOS="881"
                          CONTENT="est"/>
                  <SP HEIGHT="59" WIDTH="15" VPOS="2266" HPOS="987"/>
                  <String HEIGHT="59"
                          WIDTH="121"
                          VPOS="2266"
                          HPOS="941"
                          CONTENT="quod"/>
                  <SP HEIGHT="59" WIDTH="15" VPOS="2266" HPOS="1062"/>
                  <String HEIGHT="59"
                          WIDTH="166"
                          VPOS="2266"
                          HPOS="1017"
                          CONTENT="pyxidem"/>
                  <SP HEIGHT="59" WIDTH="15" VPOS="2266" HPOS="1183"/>
                  <String HEIGHT="59"
                          WIDTH="76"
                          VPOS="2266"
                          HPOS="1123"
                          CONTENT="nor"/>
               </TextLine>
               <TextLine ID="r1l88"
                         BASELINE="2367"
                         HEIGHT="54"
                         WIDTH="751"
                         VPOS="2313"
                         HPOS="447">
                  <String HEIGHT="54"
                          WIDTH="212"
                          VPOS="2313"
                          HPOS="431"
                          CONTENT="ndoramus."/>
                  <SP HEIGHT="54" WIDTH="16" VPOS="2313" HPOS="643"/>
                  <String HEIGHT="54" WIDTH="82" VPOS="2313" HPOS="594" CONTENT=""/>
                  <SP HEIGHT="54" WIDTH="16" VPOS="2313" HPOS="676"/>
                  <String HEIGHT="54" WIDTH="98" VPOS="2313" HPOS="627" CONTENT="Ex"/>
                  <SP HEIGHT="54" WIDTH="16" VPOS="2313" HPOS="725"/>
                  <String HEIGHT="54"
                          WIDTH="147"
                          VPOS="2313"
                          HPOS="676"
                          CONTENT="istis"/>
                  <SP HEIGHT="54" WIDTH="16" VPOS="2313" HPOS="823"/>
                  <String HEIGHT="54"
                          WIDTH="180"
                          VPOS="2313"
                          HPOS="774"
                          CONTENT="omnibus"/>
                  <SP HEIGHT="54" WIDTH="16" VPOS="2313" HPOS="953"/>
                  <String HEIGHT="54"
                          WIDTH="147"
                          VPOS="2313"
                          HPOS="904"
                          CONTENT="patet"/>
                  <SP HEIGHT="54" WIDTH="16" VPOS="2313" HPOS="1051"/>
                  <String HEIGHT="54"
                          WIDTH="131"
                          VPOS="2313"
                          HPOS="1002"
                          CONTENT="quod"/>
                  <SP HEIGHT="54" WIDTH="16" VPOS="2313" HPOS="1133"/>
                  <String HEIGHT="54"
                          WIDTH="131"
                          VPOS="2313"
                          HPOS="1067"
                          CONTENT="corpus"/>
               </TextLine>
               <TextLine ID="r1l90"
                         BASELINE="2408"
                         HEIGHT="53"
                         WIDTH="749"
                         VPOS="2355"
                         HPOS="444">
                  <String HEIGHT="53"
                          WIDTH="175"
                          VPOS="2355"
                          HPOS="428"
                          CONTENT="Curisti"/>
                  <SP HEIGHT="53" WIDTH="16" VPOS="2355" HPOS="603"/>
                  <String HEIGHT="53"
                          WIDTH="112"
                          VPOS="2355"
                          HPOS="556"
                          CONTENT="est"/>
                  <SP HEIGHT="53" WIDTH="16" VPOS="2355" HPOS="667"/>
                  <String HEIGHT="53"
                          WIDTH="223"
                          VPOS="2355"
                          HPOS="619"
                          CONTENT="categorice"/>
                  <SP HEIGHT="53" WIDTH="16" VPOS="2355" HPOS="842"/>
                  <String HEIGHT="53" WIDTH="96" VPOS="2355" HPOS="795" CONTENT="in"/>
                  <SP HEIGHT="53" WIDTH="16" VPOS="2355" HPOS="890"/>
                  <String HEIGHT="53"
                          WIDTH="239"
                          VPOS="2355"
                          HPOS="842"
                          CONTENT="eucharistia"/>
                  <SP HEIGHT="53" WIDTH="16" VPOS="2355" HPOS="1081"/>
                  <String HEIGHT="53"
                          WIDTH="175"
                          VPOS="2355"
                          HPOS="1018"
                          CONTENT="adorandum"/>
               </TextLine>
               <TextLine ID="r1l92"
                         BASELINE="2457"
                         HEIGHT="58"
                         WIDTH="753"
                         VPOS="2399"
                         HPOS="446">
                  <String HEIGHT="58"
                          WIDTH="101"
                          VPOS="2399"
                          HPOS="432"
                          CONTENT="nec"/>
                  <SP HEIGHT="58" WIDTH="14" VPOS="2399" HPOS="533"/>
                  <String HEIGHT="58"
                          WIDTH="159"
                          VPOS="2399"
                          HPOS="489"
                          CONTENT="adorare"/>
                  <SP HEIGHT="58" WIDTH="14" VPOS="2399" HPOS="649"/>
                  <String HEIGHT="58"
                          WIDTH="130"
                          VPOS="2399"
                          HPOS="605"
                          CONTENT="panem"/>
                  <SP HEIGHT="58" WIDTH="14" VPOS="2399" HPOS="736"/>
                  <String HEIGHT="58"
                          WIDTH="159"
                          VPOS="2399"
                          HPOS="692"
                          CONTENT="tamquam"/>
                  <SP HEIGHT="58" WIDTH="14" VPOS="2399" HPOS="851"/>
                  <String HEIGHT="58"
                          WIDTH="174"
                          VPOS="2399"
                          HPOS="808"
                          CONTENT="obiectum"/>
                  <SP HEIGHT="58" WIDTH="14" VPOS="2399" HPOS="982"/>
                  <String HEIGHT="58"
                          WIDTH="188"
                          VPOS="2399"
                          HPOS="938"
                          CONTENT="materiale"/>
                  <SP HEIGHT="58" WIDTH="14" VPOS="2399" HPOS="1127"/>
                  <String HEIGHT="58" WIDTH="87" VPOS="2399" HPOS="1083" CONTENT="ex"/>
                  <SP HEIGHT="58" WIDTH="14" VPOS="2399" HPOS="1170"/>
                  <String HEIGHT="58"
                          WIDTH="87"
                          VPOS="2399"
                          HPOS="1112"
                          CONTENT="igno"/>
               </TextLine>
               <TextLine ID="r1l94"
                         BASELINE="2495"
                         HEIGHT="52"
                         WIDTH="747"
                         VPOS="2443"
                         HPOS="445">
                  <String HEIGHT="52"
                          WIDTH="146"
                          VPOS="2443"
                          HPOS="430"
                          CONTENT="rantia"/>
                  <SP HEIGHT="52" WIDTH="15" VPOS="2443" HPOS="577"/>
                  <String HEIGHT="52"
                          WIDTH="220"
                          VPOS="2443"
                          HPOS="533"
                          CONTENT="inuincibili"/>
                  <SP HEIGHT="52" WIDTH="15" VPOS="2443" HPOS="753"/>
                  <String HEIGHT="52"
                          WIDTH="234"
                          VPOS="2443"
                          HPOS="709"
                          CONTENT="sufficienter"/>
                  <SP HEIGHT="52" WIDTH="15" VPOS="2443" HPOS="943"/>
                  <String HEIGHT="52"
                          WIDTH="146"
                          VPOS="2443"
                          HPOS="899"
                          CONTENT="arguit"/>
                  <SP HEIGHT="52" WIDTH="15" VPOS="2443" HPOS="1046"/>
                  <String HEIGHT="52"
                          WIDTH="205"
                          VPOS="2443"
                          HPOS="987"
                          CONTENT="idololatrian"/>
               </TextLine>
               <TextLine ID="r1l96"
                         BASELINE="2542"
                         HEIGHT="63"
                         WIDTH="758"
                         VPOS="2479"
                         HPOS="447">
                  <String HEIGHT="63"
                          WIDTH="119"
                          VPOS="2479"
                          HPOS="432"
                          CONTENT="immo"/>
                  <SP HEIGHT="63" WIDTH="15" VPOS="2479" HPOS="551"/>
                  <String HEIGHT="63"
                          WIDTH="163"
                          VPOS="2479"
                          HPOS="506"
                          CONTENT="latriam"/>
                  <SP HEIGHT="63" WIDTH="15" VPOS="2479" HPOS="670"/>
                  <String HEIGHT="63"
                          WIDTH="163"
                          VPOS="2479"
                          HPOS="625"
                          CONTENT="infert."/>
                  <SP HEIGHT="63" WIDTH="15" VPOS="2479" HPOS="789"/>
                  <String HEIGHT="63"
                          WIDTH="134"
                          VPOS="2479"
                          HPOS="744"
                          CONTENT="secus"/>
                  <SP HEIGHT="63" WIDTH="15" VPOS="2479" HPOS="878"/>
                  <String HEIGHT="63"
                          WIDTH="104"
                          VPOS="2479"
                          HPOS="833"
                          CONTENT="est"/>
                  <SP HEIGHT="63" WIDTH="15" VPOS="2479" HPOS="937"/>
                  <String HEIGHT="63" WIDTH="89" VPOS="2479" HPOS="893" CONTENT="ex"/>
                  <SP HEIGHT="63" WIDTH="15" VPOS="2479" HPOS="982"/>
                  <String HEIGHT="63"
                          WIDTH="208"
                          VPOS="2479"
                          HPOS="937"
                          CONTENT="ignorantia"/>
                  <SP HEIGHT="63" WIDTH="15" VPOS="2479" HPOS="1146"/>
                  <String HEIGHT="63"
                          WIDTH="119"
                          VPOS="2479"
                          HPOS="1086"
                          CONTENT="vinci"
                          SUBS_TYPE="HypPart1"
                          SUBS_CONTENT="vincibili:"/>
                  <HYP CONTENT="-"/>
               </TextLine>
               <TextLine ID="r1l98"
                         BASELINE="2582"
                         HEIGHT="59"
                         WIDTH="752"
                         VPOS="2523"
                         HPOS="454">
                  <String HEIGHT="59"
                          WIDTH="130"
                          VPOS="2523"
                          HPOS="440"
                          CONTENT="bili:"
                          SUBS_TYPE="HypPart2"
                          SUBS_CONTENT="vincibili:"/>
                  <SP HEIGHT="59" WIDTH="14" VPOS="2523" HPOS="570"/>
                  <String HEIGHT="59"
                          WIDTH="159"
                          VPOS="2523"
                          HPOS="526"
                          CONTENT="crassa,"/>
                  <SP HEIGHT="59" WIDTH="14" VPOS="2523" HPOS="685"/>
                  <String HEIGHT="59"
                          WIDTH="101"
                          VPOS="2523"
                          HPOS="642"
                          CONTENT="vel"/>
                  <SP HEIGHT="59" WIDTH="14" VPOS="2523" HPOS="743"/>
                  <String HEIGHT="59"
                          WIDTH="159"
                          VPOS="2523"
                          HPOS="700"
                          CONTENT="supina."/>
                  <SP HEIGHT="59" WIDTH="14" VPOS="2523" HPOS="859"/>
                  <String HEIGHT="59"
                          WIDTH="116"
                          VPOS="2523"
                          HPOS="816"
                          CONTENT="Stat"/>
                  <SP HEIGHT="59" WIDTH="14" VPOS="2523" HPOS="931"/>
                  <String HEIGHT="59"
                          WIDTH="159"
                          VPOS="2523"
                          HPOS="888"
                          CONTENT="insuper"/>
                  <SP HEIGHT="59" WIDTH="14" VPOS="2523" HPOS="1047"/>
                  <String HEIGHT="59"
                          WIDTH="159"
                          VPOS="2523"
                          HPOS="1004"
                          CONTENT="credere"/>
                  <SP HEIGHT="59" WIDTH="14" VPOS="2523" HPOS="1163"/>
                  <String HEIGHT="59" WIDTH="72" VPOS="2523" HPOS="1119" CONTENT="&amp;"/>
                  <SP HEIGHT="59" WIDTH="14" VPOS="2523" HPOS="1192"/>
                  <String HEIGHT="59"
                          WIDTH="72"
                          VPOS="2523"
                          HPOS="1134"
                          CONTENT="vel"/>
               </TextLine>
               <TextLine ID="r1l100"
                         BASELINE="2626"
                         HEIGHT="58"
                         WIDTH="764"
                         VPOS="2568"
                         HPOS="441">
                  <String HEIGHT="58" WIDTH="88" VPOS="2568" HPOS="426" CONTENT="le"/>
                  <SP HEIGHT="58" WIDTH="15" VPOS="2568" HPOS="514"/>
                  <String HEIGHT="58"
                          WIDTH="162"
                          VPOS="2568"
                          HPOS="470"
                          CONTENT="adorare"/>
                  <SP HEIGHT="58" WIDTH="15" VPOS="2568" HPOS="632"/>
                  <String HEIGHT="58"
                          WIDTH="147"
                          VPOS="2568"
                          HPOS="588"
                          CONTENT="corpus"/>
                  <SP HEIGHT="58" WIDTH="15" VPOS="2568" HPOS="735"/>
                  <String HEIGHT="58"
                          WIDTH="191"
                          VPOS="2568"
                          HPOS="691"
                          CONTENT="Churisti:"/>
                  <SP HEIGHT="58" WIDTH="15" VPOS="2568" HPOS="882"/>
                  <String HEIGHT="58" WIDTH="73" VPOS="2568" HPOS="838" CONTENT="&amp;"/>
                  <SP HEIGHT="58" WIDTH="15" VPOS="2568" HPOS="911"/>
                  <String HEIGHT="58"
                          WIDTH="132"
                          VPOS="2568"
                          HPOS="867"
                          CONTENT="panem"/>
                  <SP HEIGHT="58" WIDTH="15" VPOS="2568" HPOS="999"/>
                  <String HEIGHT="58"
                          WIDTH="176"
                          VPOS="2568"
                          HPOS="955"
                          CONTENT="adorare:"/>
                  <SP HEIGHT="58" WIDTH="15" VPOS="2568" HPOS="1132"/>
                  <String HEIGHT="58"
                          WIDTH="103"
                          VPOS="2568"
                          HPOS="1087"
                          CONTENT="sed"/>
                  <SP HEIGHT="58" WIDTH="15" VPOS="2568" HPOS="1190"/>
                  <String HEIGHT="58"
                          WIDTH="73"
                          VPOS="2568"
                          HPOS="1132"
                          CONTENT="non"/>
               </TextLine>
               <TextLine ID="r1l102"
                         BASELINE="2671"
                         HEIGHT="54"
                         WIDTH="750"
                         VPOS="2617"
                         HPOS="441">
                  <String HEIGHT="54"
                          WIDTH="179"
                          VPOS="2617"
                          HPOS="425"
                          CONTENT="adorare"/>
                  <SP HEIGHT="54" WIDTH="16" VPOS="2617" HPOS="604"/>
                  <String HEIGHT="54"
                          WIDTH="163"
                          VPOS="2617"
                          HPOS="555"
                          CONTENT="panem."/>
                  <SP HEIGHT="54" WIDTH="16" VPOS="2617" HPOS="718"/>
                  <String HEIGHT="54"
                          WIDTH="147"
                          VPOS="2617"
                          HPOS="669"
                          CONTENT="Adoro"/>
                  <SP HEIGHT="54" WIDTH="16" VPOS="2617" HPOS="816"/>
                  <String HEIGHT="54"
                          WIDTH="130"
                          VPOS="2617"
                          HPOS="767"
                          CONTENT="enim"/>
                  <SP HEIGHT="54" WIDTH="16" VPOS="2617" HPOS="898"/>
                  <String HEIGHT="54"
                          WIDTH="196"
                          VPOS="2617"
                          HPOS="849"
                          CONTENT="importat"/>
                  <SP HEIGHT="54" WIDTH="16" VPOS="2617" HPOS="1044"/>
                  <String HEIGHT="54"
                          WIDTH="147"
                          VPOS="2617"
                          HPOS="995"
                          CONTENT="actum"/>
                  <SP HEIGHT="54" WIDTH="16" VPOS="2617" HPOS="1142"/>
                  <String HEIGHT="54"
                          WIDTH="114"
                          VPOS="2617"
                          HPOS="1077"
                          CONTENT="volun"/>
               </TextLine>
               <TextLine ID="r1l104"
                         BASELINE="2718"
                         HEIGHT="58"
                         WIDTH="756"
                         VPOS="2660"
                         HPOS="438">
                  <String HEIGHT="58"
                          WIDTH="133"
                          VPOS="2660"
                          HPOS="425"
                          CONTENT="tatis:"/>
                  <SP HEIGHT="58" WIDTH="13" VPOS="2660" HPOS="557"/>
                  <String HEIGHT="58" WIDTH="66" VPOS="2660" HPOS="518" CONTENT="&amp;"/>
                  <SP HEIGHT="58" WIDTH="13" VPOS="2660" HPOS="584"/>
                  <String HEIGHT="58"
                          WIDTH="159"
                          VPOS="2660"
                          HPOS="544"
                          CONTENT="propriam"/>
                  <SP HEIGHT="58" WIDTH="13" VPOS="2660" HPOS="703"/>
                  <String HEIGHT="58"
                          WIDTH="119"
                          VPOS="2660"
                          HPOS="663"
                          CONTENT="facit"/>
                  <SP HEIGHT="58" WIDTH="13" VPOS="2660" HPOS="783"/>
                  <String HEIGHT="58"
                          WIDTH="159"
                          VPOS="2660"
                          HPOS="743"
                          CONTENT="praecise"/>
                  <SP HEIGHT="58" WIDTH="13" VPOS="2660" HPOS="902"/>
                  <String HEIGHT="58"
                          WIDTH="239"
                          VPOS="2660"
                          HPOS="862"
                          CONTENT="appellationem,"/>
                  <SP HEIGHT="58" WIDTH="13" VPOS="2660" HPOS="1101"/>
                  <String HEIGHT="58"
                          WIDTH="93"
                          VPOS="2660"
                          HPOS="1061"
                          CONTENT="non"/>
                  <SP HEIGHT="58" WIDTH="13" VPOS="2660" HPOS="1154"/>
                  <String HEIGHT="58"
                          WIDTH="93"
                          VPOS="2660"
                          HPOS="1101"
                          CONTENT="autem"/>
               </TextLine>
               <TextLine ID="r1l106"
                         BASELINE="2771"
                         HEIGHT="60"
                         WIDTH="751"
                         VPOS="2711"
                         HPOS="440">
                  <String HEIGHT="60"
                          WIDTH="142"
                          VPOS="2711"
                          HPOS="426"
                          CONTENT="quando"/>
                  <SP HEIGHT="60" WIDTH="14" VPOS="2711" HPOS="568"/>
                  <String HEIGHT="60"
                          WIDTH="198"
                          VPOS="2711"
                          HPOS="525"
                          CONTENT="praecedit:"/>
                  <SP HEIGHT="60" WIDTH="14" VPOS="2711" HPOS="723"/>
                  <String HEIGHT="60" WIDTH="99" VPOS="2711" HPOS="681" CONTENT="sed"/>
                  <SP HEIGHT="60" WIDTH="14" VPOS="2711" HPOS="780"/>
                  <String HEIGHT="60" WIDTH="99" VPOS="2711" HPOS="738" CONTENT="sub"/>
                  <SP HEIGHT="60" WIDTH="14" VPOS="2711" HPOS="837"/>
                  <String HEIGHT="60"
                          WIDTH="227"
                          VPOS="2711"
                          HPOS="794"
                          CONTENT="disiunctione"/>
                  <SP HEIGHT="60" WIDTH="14" VPOS="2711" HPOS="1021"/>
                  <String HEIGHT="60" WIDTH="85" VPOS="2711" HPOS="978" CONTENT="ad"/>
                  <SP HEIGHT="60" WIDTH="14" VPOS="2711" HPOS="1063"/>
                  <String HEIGHT="60"
                          WIDTH="128"
                          VPOS="2711"
                          HPOS="1021"
                          CONTENT="alias"/>
                  <SP HEIGHT="60" WIDTH="14" VPOS="2711" HPOS="1148"/>
                  <String HEIGHT="60"
                          WIDTH="99"
                          VPOS="2711"
                          HPOS="1092"
                          CONTENT="ratio"/>
               </TextLine>
            </TextBlock>
            <TextBlock ID="TextRegion_1590153189667_938"
                       HEIGHT="2528"
                       WIDTH="805"
                       VPOS="245"
                       HPOS="1253">
               <Shape>
                  <Polygon POINTS="1253,245 2058,245 2058,2773 1253,2773"/>
               </Shape>
               <TextLine ID="r1l3"
                         BASELINE="388"
                         HEIGHT="75"
                         WIDTH="760"
                         VPOS="313"
                         HPOS="1302">
                  <String HEIGHT="75"
                          WIDTH="102"
                          VPOS="313"
                          HPOS="1287"
                          CONTENT="nes"/>
                  <SP HEIGHT="75" WIDTH="15" VPOS="313" HPOS="1390"/>
                  <String HEIGHT="75"
                          WIDTH="190"
                          VPOS="313"
                          HPOS="1346"
                          CONTENT="appellat."/>
                  <SP HEIGHT="75" WIDTH="15" VPOS="313" HPOS="1536"/>
                  <String HEIGHT="75"
                          WIDTH="175"
                          VPOS="313"
                          HPOS="1492"
                          CONTENT="Vlterius"/>
                  <SP HEIGHT="75" WIDTH="15" VPOS="313" HPOS="1667"/>
                  <String HEIGHT="75"
                          WIDTH="132"
                          VPOS="313"
                          HPOS="1624"
                          CONTENT="patet"/>
                  <SP HEIGHT="75" WIDTH="15" VPOS="313" HPOS="1755"/>
                  <String HEIGHT="75"
                          WIDTH="132"
                          VPOS="313"
                          HPOS="1711"
                          CONTENT="istam"/>
                  <SP HEIGHT="75" WIDTH="15" VPOS="313" HPOS="1843"/>
                  <String HEIGHT="75"
                          WIDTH="102"
                          VPOS="313"
                          HPOS="1799"
                          CONTENT="non"/>
                  <SP HEIGHT="75" WIDTH="15" VPOS="313" HPOS="1901"/>
                  <String HEIGHT="75"
                          WIDTH="117"
                          VPOS="313"
                          HPOS="1857"
                          CONTENT="esse"/>
                  <SP HEIGHT="75" WIDTH="15" VPOS="313" HPOS="1974"/>
                  <String HEIGHT="75" WIDTH="88" VPOS="313" HPOS="1930" CONTENT="de"/>
                  <SP HEIGHT="75" WIDTH="15" VPOS="313" HPOS="2018"/>
                  <String HEIGHT="75"
                          WIDTH="102"
                          VPOS="313"
                          HPOS="1960"
                          CONTENT="fide"
                          SUBS_TYPE="HypPart1"
                          SUBS_CONTENT="fidecorpus"/>
                  <HYP CONTENT="-"/>
               </TextLine>
               <TextLine ID="r1l5"
                         BASELINE="428"
                         HEIGHT="50"
                         WIDTH="754"
                         VPOS="378"
                         HPOS="1297">
                  <String HEIGHT="50"
                          WIDTH="151"
                          VPOS="378"
                          HPOS="1282"
                          CONTENT="corpus"
                          SUBS_TYPE="HypPart2"
                          SUBS_CONTENT="fidecorpus"/>
                  <SP HEIGHT="50" WIDTH="15" VPOS="378" HPOS="1433"/>
                  <String HEIGHT="50"
                          WIDTH="166"
                          VPOS="378"
                          HPOS="1387"
                          CONTENT="Curisti"/>
                  <SP HEIGHT="50" WIDTH="15" VPOS="378" HPOS="1553"/>
                  <String HEIGHT="50"
                          WIDTH="181"
                          VPOS="378"
                          HPOS="1508"
                          CONTENT="continet"/>
                  <SP HEIGHT="50" WIDTH="15" VPOS="378" HPOS="1689"/>
                  <String HEIGHT="50"
                          WIDTH="106"
                          VPOS="378"
                          HPOS="1644"
                          CONTENT="sub"/>
                  <SP HEIGHT="50" WIDTH="15" VPOS="378" HPOS="1749"/>
                  <String HEIGHT="50"
                          WIDTH="106"
                          VPOS="378"
                          HPOS="1704"
                          CONTENT="hac"/>
                  <SP HEIGHT="50" WIDTH="15" VPOS="378" HPOS="1810"/>
                  <String HEIGHT="50"
                          WIDTH="166"
                          VPOS="378"
                          HPOS="1764"
                          CONTENT="hostia:"/>
                  <SP HEIGHT="50" WIDTH="15" VPOS="378" HPOS="1930"/>
                  <String HEIGHT="50"
                          WIDTH="106"
                          VPOS="378"
                          HPOS="1885"
                          CONTENT="sed"/>
                  <SP HEIGHT="50" WIDTH="15" VPOS="378" HPOS="1991"/>
                  <String HEIGHT="50"
                          WIDTH="121"
                          VPOS="378"
                          HPOS="1930"
                          CONTENT="assen"
                          SUBS_TYPE="HypPart1"
                          SUBS_CONTENT="assensus"/>
                  <HYP CONTENT="-"/>
               </TextLine>
               <TextLine ID="r1l7"
                         BASELINE="470"
                         HEIGHT="57"
                         WIDTH="750"
                         VPOS="413"
                         HPOS="1297">
                  <String HEIGHT="57"
                          WIDTH="95"
                          VPOS="413"
                          HPOS="1283"
                          CONTENT="sus"
                          SUBS_TYPE="HypPart2"
                          SUBS_CONTENT="assensus"/>
                  <SP HEIGHT="57" WIDTH="14" VPOS="413" HPOS="1379"/>
                  <String HEIGHT="57"
                          WIDTH="109"
                          VPOS="413"
                          HPOS="1338"
                          CONTENT="eius"/>
                  <SP HEIGHT="57" WIDTH="14" VPOS="413" HPOS="1447"/>
                  <String HEIGHT="57" WIDTH="95" VPOS="413" HPOS="1406" CONTENT="est"/>
                  <SP HEIGHT="57" WIDTH="14" VPOS="413" HPOS="1502"/>
                  <String HEIGHT="57"
                          WIDTH="136"
                          VPOS="413"
                          HPOS="1461"
                          CONTENT="certus"/>
                  <SP HEIGHT="57" WIDTH="14" VPOS="413" HPOS="1597"/>
                  <String HEIGHT="57"
                          WIDTH="205"
                          VPOS="413"
                          HPOS="1556"
                          CONTENT="certitudine"/>
                  <SP HEIGHT="57" WIDTH="14" VPOS="413" HPOS="1761"/>
                  <String HEIGHT="57"
                          WIDTH="150"
                          VPOS="413"
                          HPOS="1720"
                          CONTENT="morali:"/>
                  <SP HEIGHT="57" WIDTH="14" VPOS="413" HPOS="1870"/>
                  <String HEIGHT="57"
                          WIDTH="109"
                          VPOS="413"
                          HPOS="1829"
                          CONTENT="quae"/>
                  <SP HEIGHT="57" WIDTH="14" VPOS="413" HPOS="1938"/>
                  <String HEIGHT="57"
                          WIDTH="136"
                          VPOS="413"
                          HPOS="1897"
                          CONTENT="errori"/>
                  <SP HEIGHT="57" WIDTH="14" VPOS="413" HPOS="2033"/>
                  <String HEIGHT="57" WIDTH="82" VPOS="413" HPOS="1992" CONTENT="in"/>
                  <SP HEIGHT="57" WIDTH="14" VPOS="413" HPOS="2074"/>
                  <String HEIGHT="57" WIDTH="27" VPOS="413" HPOS="2020" CONTENT=""/>
               </TextLine>
               <TextLine ID="r1l9"
                         BASELINE="518"
                         HEIGHT="55"
                         WIDTH="752"
                         VPOS="463"
                         HPOS="1299">
                  <String HEIGHT="55"
                          WIDTH="150"
                          VPOS="463"
                          HPOS="1284"
                          CONTENT="terdum"/>
                  <SP HEIGHT="55" WIDTH="15" VPOS="463" HPOS="1434"/>
                  <String HEIGHT="55"
                          WIDTH="105"
                          VPOS="463"
                          HPOS="1389"
                          CONTENT="non"/>
                  <SP HEIGHT="55" WIDTH="15" VPOS="463" HPOS="1495"/>
                  <String HEIGHT="55"
                          WIDTH="196"
                          VPOS="463"
                          HPOS="1449"
                          CONTENT="repugnat."/>
                  <SP HEIGHT="55" WIDTH="15" VPOS="463" HPOS="1645"/>
                  <String HEIGHT="55"
                          WIDTH="120"
                          VPOS="463"
                          HPOS="1600"
                          CONTENT="Ista"/>
                  <SP HEIGHT="55" WIDTH="15" VPOS="463" HPOS="1720"/>
                  <String HEIGHT="55"
                          WIDTH="135"
                          VPOS="463"
                          HPOS="1675"
                          CONTENT="autem"/>
                  <SP HEIGHT="55" WIDTH="15" VPOS="463" HPOS="1810"/>
                  <String HEIGHT="55"
                          WIDTH="256"
                          VPOS="463"
                          HPOS="1765"
                          CONTENT="conditionalis"/>
                  <SP HEIGHT="55" WIDTH="15" VPOS="463" HPOS="2021"/>
                  <String HEIGHT="55"
                          WIDTH="90"
                          VPOS="463"
                          HPOS="1961"
                          CONTENT="bene"/>
               </TextLine>
               <TextLine ID="r1l11"
                         BASELINE="566"
                         HEIGHT="56"
                         WIDTH="752"
                         VPOS="510"
                         HPOS="1300">
                  <String HEIGHT="56" WIDTH="96" VPOS="510" HPOS="1286" CONTENT="est"/>
                  <SP HEIGHT="56" WIDTH="14" VPOS="510" HPOS="1382"/>
                  <String HEIGHT="56" WIDTH="82" VPOS="510" HPOS="1341" CONTENT="de"/>
                  <SP HEIGHT="56" WIDTH="14" VPOS="510" HPOS="1423"/>
                  <String HEIGHT="56"
                          WIDTH="123"
                          VPOS="510"
                          HPOS="1382"
                          CONTENT="fide."/>
                  <SP HEIGHT="56" WIDTH="14" VPOS="510" HPOS="1505"/>
                  <String HEIGHT="56" WIDTH="82" VPOS="510" HPOS="1464" CONTENT="si"/>
                  <SP HEIGHT="56" WIDTH="14" VPOS="510" HPOS="1546"/>
                  <String HEIGHT="56"
                          WIDTH="164"
                          VPOS="510"
                          HPOS="1505"
                          CONTENT="sacerdos"/>
                  <SP HEIGHT="56" WIDTH="14" VPOS="510" HPOS="1669"/>
                  <String HEIGHT="56"
                          WIDTH="123"
                          VPOS="510"
                          HPOS="1628"
                          CONTENT="dixit"/>
                  <SP HEIGHT="56" WIDTH="14" VPOS="510" HPOS="1751"/>
                  <String HEIGHT="56"
                          WIDTH="123"
                          VPOS="510"
                          HPOS="1710"
                          CONTENT="verba"/>
                  <SP HEIGHT="56" WIDTH="14" VPOS="510" HPOS="1833"/>
                  <String HEIGHT="56"
                          WIDTH="219"
                          VPOS="510"
                          HPOS="1792"
                          CONTENT="sufficientia"/>
                  <SP HEIGHT="56" WIDTH="14" VPOS="510" HPOS="2011"/>
                  <String HEIGHT="56"
                          WIDTH="96"
                          VPOS="510"
                          HPOS="1956"
                          CONTENT="super"/>
               </TextLine>
               <TextLine ID="r1l13"
                         BASELINE="605"
                         HEIGHT="55"
                         WIDTH="763"
                         VPOS="550"
                         HPOS="1296">
                  <String HEIGHT="55" WIDTH="95" VPOS="550" HPOS="1282" CONTENT="hac"/>
                  <SP HEIGHT="55" WIDTH="14" VPOS="550" HPOS="1378"/>
                  <String HEIGHT="55"
                          WIDTH="150"
                          VPOS="550"
                          HPOS="1337"
                          CONTENT="materia"/>
                  <SP HEIGHT="55" WIDTH="14" VPOS="550" HPOS="1487"/>
                  <String HEIGHT="55"
                          WIDTH="136"
                          VPOS="550"
                          HPOS="1446"
                          CONTENT="debita"/>
                  <SP HEIGHT="55" WIDTH="14" VPOS="550" HPOS="1582"/>
                  <String HEIGHT="55" WIDTH="95" VPOS="550" HPOS="1541" CONTENT="cum"/>
                  <SP HEIGHT="55" WIDTH="14" VPOS="550" HPOS="1637"/>
                  <String HEIGHT="55"
                          WIDTH="191"
                          VPOS="550"
                          HPOS="1596"
                          CONTENT="intentione"/>
                  <SP HEIGHT="55" WIDTH="14" VPOS="550" HPOS="1787"/>
                  <String HEIGHT="55"
                          WIDTH="150"
                          VPOS="550"
                          HPOS="1746"
                          CONTENT="debita,"/>
                  <SP HEIGHT="55" WIDTH="14" VPOS="550" HPOS="1896"/>
                  <String HEIGHT="55"
                          WIDTH="123"
                          VPOS="550"
                          HPOS="1855"
                          CONTENT="illic"/>
                  <SP HEIGHT="55" WIDTH="14" VPOS="550" HPOS="1977"/>
                  <String HEIGHT="55" WIDTH="95" VPOS="550" HPOS="1936" CONTENT="est"/>
                  <SP HEIGHT="55" WIDTH="14" VPOS="550" HPOS="2032"/>
                  <String HEIGHT="55"
                          WIDTH="82"
                          VPOS="550"
                          HPOS="1977"
                          CONTENT="cor"
                          SUBS_TYPE="HypPart1"
                          SUBS_CONTENT="corpus"/>
                  <HYP CONTENT="-"/>
               </TextLine>
               <TextLine ID="r1l15"
                         BASELINE="649"
                         HEIGHT="55"
                         WIDTH="751"
                         VPOS="594"
                         HPOS="1299">
                  <String HEIGHT="55"
                          WIDTH="97"
                          VPOS="594"
                          HPOS="1285"
                          CONTENT="pus"
                          SUBS_TYPE="HypPart2"
                          SUBS_CONTENT="corpus"/>
                  <SP HEIGHT="55" WIDTH="14" VPOS="594" HPOS="1382"/>
                  <String HEIGHT="55"
                          WIDTH="167"
                          VPOS="594"
                          HPOS="1341"
                          CONTENT="Christi."/>
                  <SP HEIGHT="55" WIDTH="14" VPOS="594" HPOS="1508"/>
                  <String HEIGHT="55" WIDTH="83" VPOS="594" HPOS="1466" CONTENT="In"/>
                  <SP HEIGHT="55" WIDTH="14" VPOS="594" HPOS="1549"/>
                  <String HEIGHT="55"
                          WIDTH="125"
                          VPOS="594"
                          HPOS="1508"
                          CONTENT="super"/>
                  <SP HEIGHT="55" WIDTH="14" VPOS="594" HPOS="1633"/>
                  <String HEIGHT="55"
                          WIDTH="139"
                          VPOS="594"
                          HPOS="1591"
                          CONTENT="quando"/>
                  <SP HEIGHT="55" WIDTH="14" VPOS="594" HPOS="1730"/>
                  <String HEIGHT="55" WIDTH="97" VPOS="594" HPOS="1688" CONTENT="est"/>
                  <SP HEIGHT="55" WIDTH="14" VPOS="594" HPOS="1786"/>
                  <String HEIGHT="55"
                          WIDTH="181"
                          VPOS="594"
                          HPOS="1744"
                          CONTENT="apparitio"/>
                  <SP HEIGHT="55" WIDTH="14" VPOS="594" HPOS="1925"/>
                  <String HEIGHT="55"
                          WIDTH="167"
                          VPOS="594"
                          HPOS="1883"
                          CONTENT="insolita"/>
                  <SP HEIGHT="55" WIDTH="14" VPOS="594" HPOS="2050"/>
                  <String HEIGHT="55" WIDTH="56" VPOS="594" HPOS="1994" CONTENT="al"/>
               </TextLine>
               <TextLine ID="r1l17"
                         BASELINE="697"
                         HEIGHT="49"
                         WIDTH="752"
                         VPOS="648"
                         HPOS="1296">
                  <String HEIGHT="49"
                          WIDTH="128"
                          VPOS="648"
                          HPOS="1282"
                          CONTENT="cuius"/>
                  <SP HEIGHT="49" WIDTH="14" VPOS="648" HPOS="1410"/>
                  <String HEIGHT="49"
                          WIDTH="170"
                          VPOS="648"
                          HPOS="1367"
                          CONTENT="colendi:"/>
                  <SP HEIGHT="49" WIDTH="14" VPOS="648" HPOS="1537"/>
                  <String HEIGHT="49"
                          WIDTH="227"
                          VPOS="648"
                          HPOS="1495"
                          CONTENT="suspendendus"/>
                  <SP HEIGHT="49" WIDTH="14" VPOS="648" HPOS="1722"/>
                  <String HEIGHT="49" WIDTH="99" VPOS="648" HPOS="1679" CONTENT="est"/>
                  <SP HEIGHT="49" WIDTH="14" VPOS="648" HPOS="1778"/>
                  <String HEIGHT="49"
                          WIDTH="170"
                          VPOS="648"
                          HPOS="1736"
                          CONTENT="assensus"/>
                  <SP HEIGHT="49" WIDTH="14" VPOS="648" HPOS="1906"/>
                  <String HEIGHT="49"
                          WIDTH="170"
                          VPOS="648"
                          HPOS="1864"
                          CONTENT="credendi"/>
                  <SP HEIGHT="49" WIDTH="14" VPOS="648" HPOS="2034"/>
                  <String HEIGHT="49" WIDTH="71" VPOS="648" HPOS="1977" CONTENT="cum"/>
               </TextLine>
               <TextLine ID="r1l19"
                         BASELINE="739"
                         HEIGHT="48"
                         WIDTH="768"
                         VPOS="691"
                         HPOS="1295">
                  <String HEIGHT="48"
                          WIDTH="123"
                          VPOS="691"
                          HPOS="1280"
                          CONTENT="actu"/>
                  <SP HEIGHT="48" WIDTH="15" VPOS="691" HPOS="1403"/>
                  <String HEIGHT="48"
                          WIDTH="215"
                          VPOS="691"
                          HPOS="1356"
                          CONTENT="voluntatis"/>
                  <SP HEIGHT="48" WIDTH="15" VPOS="691" HPOS="1571"/>
                  <String HEIGHT="48"
                          WIDTH="184"
                          VPOS="691"
                          HPOS="1525"
                          CONTENT="quousque"/>
                  <SP HEIGHT="48" WIDTH="15" VPOS="691" HPOS="1710"/>
                  <String HEIGHT="48" WIDTH="92" VPOS="691" HPOS="1664" CONTENT="de"/>
                  <SP HEIGHT="48" WIDTH="15" VPOS="691" HPOS="1756"/>
                  <String HEIGHT="48"
                          WIDTH="123"
                          VPOS="691"
                          HPOS="1710"
                          CONTENT="illo"/>
                  <SP HEIGHT="48" WIDTH="15" VPOS="691" HPOS="1833"/>
                  <String HEIGHT="48"
                          WIDTH="184"
                          VPOS="691"
                          HPOS="1787"
                          CONTENT="complete"/>
                  <SP HEIGHT="48" WIDTH="15" VPOS="691" HPOS="1971"/>
                  <String HEIGHT="48"
                          WIDTH="154"
                          VPOS="691"
                          HPOS="1909"
                          CONTENT="doceatur"/>
               </TextLine>
               <TextLine ID="r1l21"
                         BASELINE="788"
                         HEIGHT="58"
                         WIDTH="761"
                         VPOS="730"
                         HPOS="1293">
                  <String HEIGHT="58"
                          WIDTH="134"
                          VPOS="730"
                          HPOS="1278"
                          CONTENT="secus"/>
                  <SP HEIGHT="58" WIDTH="15" VPOS="730" HPOS="1412"/>
                  <String HEIGHT="58"
                          WIDTH="104"
                          VPOS="730"
                          HPOS="1368"
                          CONTENT="est"/>
                  <SP HEIGHT="58" WIDTH="15" VPOS="730" HPOS="1472"/>
                  <String HEIGHT="58" WIDTH="90" VPOS="730" HPOS="1427" CONTENT="de"/>
                  <SP HEIGHT="58" WIDTH="15" VPOS="730" HPOS="1517"/>
                  <String HEIGHT="58"
                          WIDTH="224"
                          VPOS="730"
                          HPOS="1472"
                          CONTENT="Eucharistia"/>
                  <SP HEIGHT="58" WIDTH="15" VPOS="730" HPOS="1696"/>
                  <String HEIGHT="58"
                          WIDTH="194"
                          VPOS="730"
                          HPOS="1651"
                          CONTENT="consueta."/>
                  <SP HEIGHT="58" WIDTH="15" VPOS="730" HPOS="1845"/>
                  <String HEIGHT="58" WIDTH="90" VPOS="730" HPOS="1800" CONTENT="Et"/>
                  <SP HEIGHT="58" WIDTH="15" VPOS="730" HPOS="1890"/>
                  <String HEIGHT="58"
                          WIDTH="134"
                          VPOS="730"
                          HPOS="1845"
                          CONTENT="forte"/>
                  <SP HEIGHT="58" WIDTH="15" VPOS="730" HPOS="1979"/>
                  <String HEIGHT="58"
                          WIDTH="134"
                          VPOS="730"
                          HPOS="1920"
                          CONTENT="similis"/>
               </TextLine>
               <TextLine ID="r1l23"
                         BASELINE="822"
                         HEIGHT="48"
                         WIDTH="748"
                         VPOS="774"
                         HPOS="1305">
                  <String HEIGHT="48"
                          WIDTH="234"
                          VPOS="774"
                          HPOS="1289"
                          CONTENT="difficultas"/>
                  <SP HEIGHT="48" WIDTH="16" VPOS="774" HPOS="1523"/>
                  <String HEIGHT="48"
                          WIDTH="171"
                          VPOS="774"
                          HPOS="1476"
                          CONTENT="poterat"/>
                  <SP HEIGHT="48" WIDTH="16" VPOS="774" HPOS="1648"/>
                  <String HEIGHT="48"
                          WIDTH="218"
                          VPOS="774"
                          HPOS="1601"
                          CONTENT="contingere"/>
                  <SP HEIGHT="48" WIDTH="16" VPOS="774" HPOS="1819"/>
                  <String HEIGHT="48"
                          WIDTH="109"
                          VPOS="774"
                          HPOS="1773"
                          CONTENT="dum"/>
                  <SP HEIGHT="48" WIDTH="16" VPOS="774" HPOS="1882"/>
                  <String HEIGHT="48"
                          WIDTH="187"
                          VPOS="774"
                          HPOS="1835"
                          CONTENT="Christus"/>
                  <SP HEIGHT="48" WIDTH="16" VPOS="774" HPOS="2022"/>
                  <String HEIGHT="48"
                          WIDTH="94"
                          VPOS="774"
                          HPOS="1960"
                          CONTENT="erat"/>
               </TextLine>
               <TextLine ID="r1l25"
                         BASELINE="873"
                         HEIGHT="51"
                         WIDTH="770"
                         VPOS="822"
                         HPOS="1293">
                  <String HEIGHT="51"
                          WIDTH="160"
                          VPOS="822"
                          HPOS="1278"
                          CONTENT="viator:"/>
                  <SP HEIGHT="51" WIDTH="15" VPOS="822" HPOS="1438"/>
                  <String HEIGHT="51" WIDTH="87" VPOS="822" HPOS="1395" CONTENT="vt"/>
                  <SP HEIGHT="51" WIDTH="15" VPOS="822" HPOS="1482"/>
                  <String HEIGHT="51" WIDTH="87" VPOS="822" HPOS="1438" CONTENT="si"/>
                  <SP HEIGHT="51" WIDTH="15" VPOS="822" HPOS="1525"/>
                  <String HEIGHT="51"
                          WIDTH="145"
                          VPOS="822"
                          HPOS="1482"
                          CONTENT="alicui"/>
                  <SP HEIGHT="51" WIDTH="15" VPOS="822" HPOS="1627"/>
                  <String HEIGHT="51"
                          WIDTH="145"
                          VPOS="822"
                          HPOS="1584"
                          CONTENT="ignoto"/>
                  <SP HEIGHT="51" WIDTH="15" VPOS="822" HPOS="1729"/>
                  <String HEIGHT="51"
                          WIDTH="218"
                          VPOS="822"
                          HPOS="1685"
                          CONTENT="contigisset"/>
                  <SP HEIGHT="51" WIDTH="15" VPOS="822" HPOS="1903"/>
                  <String HEIGHT="51"
                          WIDTH="174"
                          VPOS="822"
                          HPOS="1860"
                          CONTENT="Christum"/>
                  <SP HEIGHT="51" WIDTH="15" VPOS="822" HPOS="2034"/>
                  <String HEIGHT="51"
                          WIDTH="87"
                          VPOS="822"
                          HPOS="1976"
                          CONTENT="vide"/>
               </TextLine>
               <TextLine ID="r1l27"
                         BASELINE="911"
                         HEIGHT="43"
                         WIDTH="748"
                         VPOS="868"
                         HPOS="1296">
                  <String HEIGHT="43"
                          WIDTH="107"
                          VPOS="868"
                          HPOS="1281"
                          CONTENT="re."/>
                  <SP HEIGHT="43" WIDTH="15" VPOS="868" HPOS="1388"/>
                  <String HEIGHT="43"
                          WIDTH="153"
                          VPOS="868"
                          HPOS="1342"
                          CONTENT="deinde"/>
                  <SP HEIGHT="43" WIDTH="15" VPOS="868" HPOS="1494"/>
                  <String HEIGHT="43" WIDTH="92" VPOS="868" HPOS="1449" CONTENT="si"/>
                  <SP HEIGHT="43" WIDTH="15" VPOS="868" HPOS="1540"/>
                  <String HEIGHT="43"
                          WIDTH="122"
                          VPOS="868"
                          HPOS="1494"
                          CONTENT="tali"/>
                  <SP HEIGHT="43" WIDTH="15" VPOS="868" HPOS="1617"/>
                  <String HEIGHT="43"
                          WIDTH="214"
                          VPOS="868"
                          HPOS="1571"
                          CONTENT="aduenienti"/>
                  <SP HEIGHT="43" WIDTH="15" VPOS="868" HPOS="1784"/>
                  <String HEIGHT="43"
                          WIDTH="168"
                          VPOS="868"
                          HPOS="1739"
                          CONTENT="lacobus"/>
                  <SP HEIGHT="43" WIDTH="15" VPOS="868" HPOS="1907"/>
                  <String HEIGHT="43"
                          WIDTH="153"
                          VPOS="868"
                          HPOS="1861"
                          CONTENT="Alphei"/>
                  <SP HEIGHT="43" WIDTH="15" VPOS="868" HPOS="2013"/>
                  <String HEIGHT="43"
                          WIDTH="92"
                          VPOS="868"
                          HPOS="1952"
                          CONTENT="loco"/>
               </TextLine>
               <TextLine ID="r1l29"
                         BASELINE="961"
                         HEIGHT="58"
                         WIDTH="760"
                         VPOS="903"
                         HPOS="1299">
                  <String HEIGHT="58"
                          WIDTH="167"
                          VPOS="903"
                          HPOS="1284"
                          CONTENT="Curisti"/>
                  <SP HEIGHT="58" WIDTH="15" VPOS="903" HPOS="1451"/>
                  <String HEIGHT="58" WIDTH="91" VPOS="903" HPOS="1405" CONTENT="ab"/>
                  <SP HEIGHT="58" WIDTH="15" VPOS="903" HPOS="1497"/>
                  <String HEIGHT="58"
                          WIDTH="198"
                          VPOS="903"
                          HPOS="1451"
                          CONTENT="aliquibus"/>
                  <SP HEIGHT="58" WIDTH="15" VPOS="903" HPOS="1649"/>
                  <String HEIGHT="58"
                          WIDTH="167"
                          VPOS="903"
                          HPOS="1603"
                          CONTENT="putatis"/>
                  <SP HEIGHT="58" WIDTH="15" VPOS="903" HPOS="1770"/>
                  <String HEIGHT="58"
                          WIDTH="152"
                          VPOS="903"
                          HPOS="1725"
                          CONTENT="probis"/>
                  <SP HEIGHT="58" WIDTH="15" VPOS="903" HPOS="1877"/>
                  <String HEIGHT="58"
                          WIDTH="182"
                          VPOS="903"
                          HPOS="1831"
                          CONTENT="ostensus"/>
                  <SP HEIGHT="58" WIDTH="15" VPOS="903" HPOS="2013"/>
                  <String HEIGHT="58"
                          WIDTH="106"
                          VPOS="903"
                          HPOS="1953"
                          CONTENT="fuis"
                          SUBS_TYPE="HypPart1"
                          SUBS_CONTENT="fuisset:"/>
                  <HYP CONTENT="-"/>
               </TextLine>
               <TextLine ID="r1l31"
                         BASELINE="1008"
                         HEIGHT="62"
                         WIDTH="770"
                         VPOS="946"
                         HPOS="1293">
                  <String HEIGHT="62"
                          WIDTH="123"
                          VPOS="946"
                          HPOS="1278"
                          CONTENT="set:"
                          SUBS_TYPE="HypPart2"
                          SUBS_CONTENT="fuisset:"/>
                  <SP HEIGHT="62" WIDTH="15" VPOS="946" HPOS="1401"/>
                  <String HEIGHT="62"
                          WIDTH="108"
                          VPOS="946"
                          HPOS="1355"
                          CONTENT="non"/>
                  <SP HEIGHT="62" WIDTH="15" VPOS="946" HPOS="1462"/>
                  <String HEIGHT="62"
                          WIDTH="200"
                          VPOS="946"
                          HPOS="1416"
                          CONTENT="peccasset"/>
                  <SP HEIGHT="62" WIDTH="15" VPOS="946" HPOS="1616"/>
                  <String HEIGHT="62"
                          WIDTH="169"
                          VPOS="946"
                          HPOS="1570"
                          CONTENT="Iacobum"/>
                  <SP HEIGHT="62" WIDTH="15" VPOS="946" HPOS="1740"/>
                  <String HEIGHT="62"
                          WIDTH="169"
                          VPOS="946"
                          HPOS="1693"
                          CONTENT="colens."/>
                  <SP HEIGHT="62" WIDTH="15" VPOS="946" HPOS="1863"/>
                  <String HEIGHT="62"
                          WIDTH="139"
                          VPOS="946"
                          HPOS="1817"
                          CONTENT="secus"/>
                  <SP HEIGHT="62" WIDTH="15" VPOS="946" HPOS="1955"/>
                  <String HEIGHT="62"
                          WIDTH="108"
                          VPOS="946"
                          HPOS="1909"
                          CONTENT="est"/>
                  <SP HEIGHT="62" WIDTH="15" VPOS="946" HPOS="2017"/>
                  <String HEIGHT="62"
                          WIDTH="108"
                          VPOS="946"
                          HPOS="1955"
                          CONTENT="nunc"
                          SUBS_TYPE="HypPart1"
                          SUBS_CONTENT="nuncEt"/>
                  <HYP CONTENT="-"/>
               </TextLine>
               <TextLine ID="r1l33"
                         BASELINE="1053"
                         HEIGHT="62"
                         WIDTH="764"
                         VPOS="991"
                         HPOS="1295">
                  <String HEIGHT="62"
                          WIDTH="86"
                          VPOS="991"
                          HPOS="1281"
                          CONTENT="Et"
                          SUBS_TYPE="HypPart2"
                          SUBS_CONTENT="nuncEt"/>
                  <SP HEIGHT="62" WIDTH="14" VPOS="991" HPOS="1367"/>
                  <String HEIGHT="62"
                          WIDTH="202"
                          VPOS="991"
                          HPOS="1324"
                          CONTENT="persimilis"/>
                  <SP HEIGHT="62" WIDTH="14" VPOS="991" HPOS="1526"/>
                  <String HEIGHT="62"
                          WIDTH="216"
                          VPOS="991"
                          HPOS="1482"
                          CONTENT="difficultas"/>
                  <SP HEIGHT="62" WIDTH="14" VPOS="991" HPOS="1699"/>
                  <String HEIGHT="62"
                          WIDTH="130"
                          VPOS="991"
                          HPOS="1655"
                          CONTENT="verti"/>
                  <SP HEIGHT="62" WIDTH="14" VPOS="991" HPOS="1785"/>
                  <String HEIGHT="62"
                          WIDTH="144"
                          VPOS="991"
                          HPOS="1742"
                          CONTENT="potest"/>
                  <SP HEIGHT="62" WIDTH="14" VPOS="991" HPOS="1886"/>
                  <String HEIGHT="62" WIDTH="86" VPOS="991" HPOS="1843" CONTENT="de"/>
                  <SP HEIGHT="62" WIDTH="14" VPOS="991" HPOS="1929"/>
                  <String HEIGHT="62"
                          WIDTH="173"
                          VPOS="991"
                          HPOS="1886"
                          CONTENT="sanguine"/>
                  <SP HEIGHT="62" WIDTH="14" VPOS="991" HPOS="2059"/>
                  <String HEIGHT="62" WIDTH="58" VPOS="991" HPOS="2001" CONTENT="mi"/>
               </TextLine>
               <TextLine ID="r1l35"
                         BASELINE="1090"
                         HEIGHT="50"
                         WIDTH="764"
                         VPOS="1040"
                         HPOS="1293">
                  <String HEIGHT="50"
                          WIDTH="199"
                          VPOS="1040"
                          HPOS="1276"
                          CONTENT="raculoso"/>
                  <SP HEIGHT="50" WIDTH="17" VPOS="1040" HPOS="1476"/>
                  <String HEIGHT="50"
                          WIDTH="100"
                          VPOS="1040"
                          HPOS="1426"
                          CONTENT="in"/>
                  <SP HEIGHT="50" WIDTH="17" VPOS="1040" HPOS="1526"/>
                  <String HEIGHT="50"
                          WIDTH="166"
                          VPOS="1040"
                          HPOS="1476"
                          CONTENT="terra,"/>
                  <SP HEIGHT="50" WIDTH="17" VPOS="1040" HPOS="1642"/>
                  <String HEIGHT="50"
                          WIDTH="166"
                          VPOS="1040"
                          HPOS="1592"
                          CONTENT="quando"/>
                  <SP HEIGHT="50" WIDTH="17" VPOS="1040" HPOS="1758"/>
                  <String HEIGHT="50"
                          WIDTH="116"
                          VPOS="1040"
                          HPOS="1708"
                          CONTENT="est"/>
                  <SP HEIGHT="50" WIDTH="17" VPOS="1040" HPOS="1824"/>
                  <String HEIGHT="50"
                          WIDTH="216"
                          VPOS="1040"
                          HPOS="1775"
                          CONTENT="probabile"/>
                  <SP HEIGHT="50" WIDTH="17" VPOS="1040" HPOS="1991"/>
                  <String HEIGHT="50"
                          WIDTH="133"
                          VPOS="1040"
                          HPOS="1924"
                          CONTENT="dubium"/>
               </TextLine>
               <TextLine ID="r1l37"
                         BASELINE="1134"
                         HEIGHT="48"
                         WIDTH="759"
                         VPOS="1086"
                         HPOS="1300">
                  <String HEIGHT="48" WIDTH="76" VPOS="1086" HPOS="1287" CONTENT="an"/>
                  <SP HEIGHT="48" WIDTH="13" VPOS="1086" HPOS="1363"/>
                  <String HEIGHT="48"
                          WIDTH="152"
                          VPOS="1086"
                          HPOS="1325"
                          CONTENT="realiter"/>
                  <SP HEIGHT="48" WIDTH="13" VPOS="1086" HPOS="1477"/>
                  <String HEIGHT="48"
                          WIDTH="89"
                          VPOS="1086"
                          HPOS="1439"
                          CONTENT="sit"/>
                  <SP HEIGHT="48" WIDTH="13" VPOS="1086" HPOS="1528"/>
                  <String HEIGHT="48"
                          WIDTH="139"
                          VPOS="1086"
                          HPOS="1490"
                          CONTENT="sanguis"/>
                  <SP HEIGHT="48" WIDTH="13" VPOS="1086" HPOS="1629"/>
                  <String HEIGHT="48"
                          WIDTH="152"
                          VPOS="1086"
                          HPOS="1591"
                          CONTENT="Christi."/>
                  <SP HEIGHT="48" WIDTH="13" VPOS="1086" HPOS="1743"/>
                  <String HEIGHT="48"
                          WIDTH="139"
                          VPOS="1086"
                          HPOS="1705"
                          CONTENT="Quamdiu"/>
                  <SP HEIGHT="48" WIDTH="13" VPOS="1086" HPOS="1844"/>
                  <String HEIGHT="48"
                          WIDTH="89"
                          VPOS="1086"
                          HPOS="1806"
                          CONTENT="eni"/>
                  <SP HEIGHT="48" WIDTH="13" VPOS="1086" HPOS="1895"/>
                  <String HEIGHT="48"
                          WIDTH="89"
                          VPOS="1086"
                          HPOS="1857"
                          CONTENT="est"/>
                  <SP HEIGHT="48" WIDTH="13" VPOS="1086" HPOS="1945"/>
                  <String HEIGHT="48"
                          WIDTH="101"
                          VPOS="1086"
                          HPOS="1907"
                          CONTENT="tale"/>
                  <SP HEIGHT="48" WIDTH="13" VPOS="1086" HPOS="2008"/>
                  <String HEIGHT="48"
                          WIDTH="101"
                          VPOS="1086"
                          HPOS="1958"
                          CONTENT="dubium"/>
               </TextLine>
               <TextLine ID="r1l39"
                         BASELINE="1182"
                         HEIGHT="48"
                         WIDTH="755"
                         VPOS="1134"
                         HPOS="1296">
                  <String HEIGHT="48"
                          WIDTH="116"
                          VPOS="1134"
                          HPOS="1281"
                          CONTENT="debs"/>
                  <SP HEIGHT="48" WIDTH="15" VPOS="1134" HPOS="1398"/>
                  <String HEIGHT="48"
                          WIDTH="203"
                          VPOS="1134"
                          HPOS="1354"
                          CONTENT="actualiter"/>
                  <SP HEIGHT="48" WIDTH="15" VPOS="1134" HPOS="1557"/>
                  <String HEIGHT="48"
                          WIDTH="276"
                          VPOS="1134"
                          HPOS="1514"
                          CONTENT="conditionaliter"/>
                  <SP HEIGHT="48" WIDTH="15" VPOS="1134" HPOS="1790"/>
                  <String HEIGHT="48"
                          WIDTH="160"
                          VPOS="1134"
                          HPOS="1746"
                          CONTENT="adorari"/>
                  <SP HEIGHT="48" WIDTH="15" VPOS="1134" HPOS="1906"/>
                  <String HEIGHT="48"
                          WIDTH="131"
                          VPOS="1134"
                          HPOS="1862"
                          CONTENT="cultu"/>
                  <SP HEIGHT="48" WIDTH="15" VPOS="1134" HPOS="1993"/>
                  <String HEIGHT="48"
                          WIDTH="116"
                          VPOS="1134"
                          HPOS="1935"
                          CONTENT="latrit"/>
               </TextLine>
               <TextLine ID="r1l41"
                         BASELINE="1232"
                         HEIGHT="57"
                         WIDTH="767"
                         VPOS="1175"
                         HPOS="1296">
                  <String HEIGHT="57"
                          WIDTH="122"
                          VPOS="1175"
                          HPOS="1284"
                          CONTENT="quando"/>
                  <SP HEIGHT="57" WIDTH="12" VPOS="1175" HPOS="1406"/>
                  <String HEIGHT="57"
                          WIDTH="110"
                          VPOS="1175"
                          HPOS="1369"
                          CONTENT="autem"/>
                  <SP HEIGHT="57" WIDTH="12" VPOS="1175" HPOS="1479"/>
                  <String HEIGHT="57"
                          WIDTH="195"
                          VPOS="1175"
                          HPOS="1442"
                          CONTENT="sufficienter"/>
                  <SP HEIGHT="57" WIDTH="12" VPOS="1175" HPOS="1637"/>
                  <String HEIGHT="57"
                          WIDTH="134"
                          VPOS="1175"
                          HPOS="1600"
                          CONTENT="constat"/>
                  <SP HEIGHT="57" WIDTH="12" VPOS="1175" HPOS="1734"/>
                  <String HEIGHT="57"
                          WIDTH="85"
                          VPOS="1175"
                          HPOS="1698"
                          CONTENT="ber"/>
                  <SP HEIGHT="57" WIDTH="12" VPOS="1175" HPOS="1783"/>
                  <String HEIGHT="57"
                          WIDTH="85"
                          VPOS="1175"
                          HPOS="1746"
                          CONTENT="non"/>
                  <SP HEIGHT="57" WIDTH="12" VPOS="1175" HPOS="1832"/>
                  <String HEIGHT="57"
                          WIDTH="110"
                          VPOS="1175"
                          HPOS="1795"
                          CONTENT="citra"/>
                  <SP HEIGHT="57" WIDTH="12" VPOS="1175" HPOS="1905"/>
                  <String HEIGHT="57"
                          WIDTH="195"
                          VPOS="1175"
                          HPOS="1868"
                          CONTENT="certitudinem"/>
                  <SP HEIGHT="57" WIDTH="12" VPOS="1175" HPOS="2063"/>
                  <String HEIGHT="57" WIDTH="49" VPOS="1175" HPOS="2014" CONTENT="fi"/>
               </TextLine>
               <TextLine ID="r1l43"
                         BASELINE="1269"
                         HEIGHT="50"
                         WIDTH="756"
                         VPOS="1219"
                         HPOS="1297">
                  <String HEIGHT="50"
                          WIDTH="116"
                          VPOS="1219"
                          HPOS="1282"
                          CONTENT="dei,"/>
                  <SP HEIGHT="50" WIDTH="15" VPOS="1219" HPOS="1399"/>
                  <String HEIGHT="50"
                          WIDTH="116"
                          VPOS="1219"
                          HPOS="1355"
                          CONTENT="quod"/>
                  <SP HEIGHT="50" WIDTH="15" VPOS="1219" HPOS="1471"/>
                  <String HEIGHT="50"
                          WIDTH="102"
                          VPOS="1219"
                          HPOS="1428"
                          CONTENT="sit"/>
                  <SP HEIGHT="50" WIDTH="15" VPOS="1219" HPOS="1530"/>
                  <String HEIGHT="50"
                          WIDTH="160"
                          VPOS="1219"
                          HPOS="1486"
                          CONTENT="sanguis"/>
                  <SP HEIGHT="50" WIDTH="15" VPOS="1219" HPOS="1646"/>
                  <String HEIGHT="50"
                          WIDTH="174"
                          VPOS="1219"
                          HPOS="1602"
                          CONTENT="Christi:"/>
                  <SP HEIGHT="50" WIDTH="15" VPOS="1219" HPOS="1777"/>
                  <String HEIGHT="50"
                          WIDTH="102"
                          VPOS="1219"
                          HPOS="1733"
                          CONTENT="non"/>
                  <SP HEIGHT="50" WIDTH="15" VPOS="1219" HPOS="1835"/>
                  <String HEIGHT="50"
                          WIDTH="160"
                          VPOS="1219"
                          HPOS="1791"
                          CONTENT="amplius"/>
                  <SP HEIGHT="50" WIDTH="15" VPOS="1219" HPOS="1951"/>
                  <String HEIGHT="50"
                          WIDTH="102"
                          VPOS="1219"
                          HPOS="1908"
                          CONTENT="est"/>
                  <SP HEIGHT="50" WIDTH="15" VPOS="1219" HPOS="2009"/>
                  <String HEIGHT="50"
                          WIDTH="102"
                          VPOS="1219"
                          HPOS="1951"
                          CONTENT="ponen"/>
               </TextLine>
               <TextLine ID="r1l45"
                         BASELINE="1312"
                         HEIGHT="51"
                         WIDTH="483"
                         VPOS="1261"
                         HPOS="1297">
                  <String HEIGHT="51" WIDTH="88" VPOS="1261" HPOS="1282" CONTENT="da"/>
                  <SP HEIGHT="51" WIDTH="15" VPOS="1261" HPOS="1370"/>
                  <String HEIGHT="51"
                          WIDTH="176"
                          VPOS="1261"
                          HPOS="1326"
                          CONTENT="conditio"/>
                  <SP HEIGHT="51" WIDTH="15" VPOS="1261" HPOS="1502"/>
                  <String HEIGHT="51"
                          WIDTH="190"
                          VPOS="1261"
                          HPOS="1458"
                          CONTENT="actualis,"/>
                  <SP HEIGHT="51" WIDTH="15" VPOS="1261" HPOS="1648"/>
                  <String HEIGHT="51"
                          WIDTH="102"
                          VPOS="1261"
                          HPOS="1604"
                          CONTENT="sed"/>
                  <SP HEIGHT="51" WIDTH="15" VPOS="1261" HPOS="1707"/>
                  <String HEIGHT="51"
                          WIDTH="132"
                          VPOS="1261"
                          HPOS="1648"
                          CONTENT="tacita."/>
               </TextLine>
               <TextLine ID="r1l53"
                         BASELINE="1580"
                         HEIGHT="70"
                         WIDTH="257"
                         VPOS="1510"
                         HPOS="1800">
                  <String HEIGHT="70" WIDTH="143" VPOS="1510" HPOS="1771" CONTENT="N"/>
                  <SP HEIGHT="70" WIDTH="29" VPOS="1510" HPOS="1914"/>
                  <String HEIGHT="70"
                          WIDTH="257"
                          VPOS="1510"
                          HPOS="1800"
                          CONTENT="duodeci"/>
               </TextLine>
               <TextLine ID="r1l55"
                         BASELINE="1626"
                         HEIGHT="56"
                         WIDTH="256"
                         VPOS="1570"
                         HPOS="1796">
                  <String HEIGHT="56"
                          WIDTH="102"
                          VPOS="1570"
                          HPOS="1779"
                          CONTENT="ma"/>
                  <SP HEIGHT="56" WIDTH="17" VPOS="1570" HPOS="1881"/>
                  <String HEIGHT="56"
                          WIDTH="239"
                          VPOS="1570"
                          HPOS="1813"
                          CONTENT="distinctione"/>
               </TextLine>
               <TextLine ID="r1l57"
                         BASELINE="1677"
                         HEIGHT="64"
                         WIDTH="254"
                         VPOS="1613"
                         HPOS="1804">
                  <String HEIGHT="64"
                          WIDTH="203"
                          VPOS="1613"
                          HPOS="1787"
                          CONTENT="magister"/>
                  <SP HEIGHT="64" WIDTH="17" VPOS="1613" HPOS="1990"/>
                  <String HEIGHT="64"
                          WIDTH="135"
                          VPOS="1613"
                          HPOS="1923"
                          CONTENT="loqui"
                          SUBS_TYPE="HypPart1"
                          SUBS_CONTENT="loquitur"/>
                  <HYP CONTENT="-"/>
               </TextLine>
               <TextLine ID="r1l59"
                         BASELINE="1721"
                         HEIGHT="61"
                         WIDTH="243"
                         VPOS="1660"
                         HPOS="1796">
                  <String HEIGHT="61"
                          WIDTH="113"
                          VPOS="1660"
                          HPOS="1780"
                          CONTENT="tur"
                          SUBS_TYPE="HypPart2"
                          SUBS_CONTENT="loquitur"/>
                  <SP HEIGHT="61" WIDTH="16" VPOS="1660" HPOS="1893"/>
                  <String HEIGHT="61" WIDTH="97" VPOS="1660" HPOS="1845" CONTENT="de"/>
                  <SP HEIGHT="61" WIDTH="16" VPOS="1660" HPOS="1942"/>
                  <String HEIGHT="61"
                          WIDTH="162"
                          VPOS="1660"
                          HPOS="1877"
                          CONTENT="subiecto"/>
               </TextLine>
               <TextLine ID="r1l61"
                         BASELINE="1757"
                         HEIGHT="55"
                         WIDTH="248"
                         VPOS="1702"
                         HPOS="1797">
                  <String HEIGHT="55"
                          WIDTH="266"
                          VPOS="1702"
                          HPOS="1779"
                          CONTENT="accidentium"/>
                  <SP HEIGHT="55" WIDTH="18" VPOS="1702" HPOS="2045"/>
                  <String HEIGHT="55" WIDTH="71" VPOS="1702" HPOS="1974" CONTENT="in"/>
               </TextLine>
               <TextLine ID="r1l63"
                         BASELINE="1807"
                         HEIGHT="59"
                         WIDTH="248"
                         VPOS="1748"
                         HPOS="1794">
                  <String HEIGHT="59"
                          WIDTH="102"
                          VPOS="1748"
                          HPOS="1779"
                          CONTENT="Euc"/>
                  <SP HEIGHT="59" WIDTH="15" VPOS="1748" HPOS="1882"/>
                  <String HEIGHT="59"
                          WIDTH="190"
                          VPOS="1748"
                          HPOS="1838"
                          CONTENT="haristia."/>
                  <SP HEIGHT="59" WIDTH="15" VPOS="1748" HPOS="2027"/>
                  <String HEIGHT="59"
                          WIDTH="73"
                          VPOS="1748"
                          HPOS="1969"
                          CONTENT="Con"/>
               </TextLine>
               <TextLine ID="r1l65"
                         BASELINE="1853"
                         HEIGHT="59"
                         WIDTH="245"
                         VPOS="1794"
                         HPOS="1797">
                  <String HEIGHT="59"
                          WIDTH="196"
                          VPOS="1794"
                          HPOS="1781"
                          CONTENT="formiter"/>
                  <SP HEIGHT="59" WIDTH="16" VPOS="1794" HPOS="1977"/>
                  <String HEIGHT="59" WIDTH="98" VPOS="1794" HPOS="1928" CONTENT="ad"/>
                  <SP HEIGHT="59" WIDTH="16" VPOS="1794" HPOS="2026"/>
                  <String HEIGHT="59"
                          WIDTH="82"
                          VPOS="1794"
                          HPOS="1960"
                          CONTENT="hoc"/>
               </TextLine>
               <TextLine ID="r1l67"
                         BASELINE="1902"
                         HEIGHT="60"
                         WIDTH="256"
                         VPOS="1842"
                         HPOS="1800">
                  <String HEIGHT="60"
                          WIDTH="176"
                          VPOS="1842"
                          HPOS="1784"
                          CONTENT="quaeram"/>
                  <SP HEIGHT="60" WIDTH="16" VPOS="1842" HPOS="1960"/>
                  <String HEIGHT="60"
                          WIDTH="160"
                          VPOS="1842"
                          HPOS="1896"
                          CONTENT="aliquas."/>
               </TextLine>
               <TextLine ID="r1l69"
                         BASELINE="1946"
                         HEIGHT="64"
                         WIDTH="269"
                         VPOS="1882"
                         HPOS="1788">
                  <String HEIGHT="64"
                          WIDTH="269"
                          VPOS="1882"
                          HPOS="1771"
                          CONTENT="quaestiones."/>
                  <SP HEIGHT="64" WIDTH="17" VPOS="1882" HPOS="2040"/>
                  <String HEIGHT="64"
                          WIDTH="84"
                          VPOS="1882"
                          HPOS="1973"
                          CONTENT="Pri"/>
               </TextLine>
               <TextLine ID="r1l71"
                         BASELINE="1981"
                         HEIGHT="54"
                         WIDTH="257"
                         VPOS="1927"
                         HPOS="1797">
                  <String HEIGHT="54"
                          WIDTH="103"
                          VPOS="1927"
                          HPOS="1780"
                          CONTENT="ma"/>
                  <SP HEIGHT="54" WIDTH="17" VPOS="1927" HPOS="1883"/>
                  <String HEIGHT="54"
                          WIDTH="154"
                          VPOS="1927"
                          HPOS="1831"
                          CONTENT="erit."/>
                  <SP HEIGHT="54" WIDTH="17" VPOS="1927" HPOS="1985"/>
                  <String HEIGHT="54"
                          WIDTH="103"
                          VPOS="1927"
                          HPOS="1934"
                          CONTENT="an"/>
                  <SP HEIGHT="54" WIDTH="17" VPOS="1927" HPOS="2037"/>
                  <String HEIGHT="54"
                          WIDTH="86"
                          VPOS="1927"
                          HPOS="1968"
                          CONTENT="om"
                          SUBS_TYPE="HypPart1"
                          SUBS_CONTENT="omne"/>
                  <HYP CONTENT="-"/>
               </TextLine>
               <TextLine ID="r1l73"
                         BASELINE="2034"
                         HEIGHT="65"
                         WIDTH="265"
                         VPOS="1969"
                         HPOS="1786">
                  <String HEIGHT="65"
                          WIDTH="106"
                          VPOS="1969"
                          HPOS="1768"
                          CONTENT="ne"
                          SUBS_TYPE="HypPart2"
                          SUBS_CONTENT="omne"/>
                  <SP HEIGHT="65" WIDTH="18" VPOS="1969" HPOS="1874"/>
                  <String HEIGHT="65"
                          WIDTH="212"
                          VPOS="1969"
                          HPOS="1821"
                          CONTENT="accidens"/>
                  <SP HEIGHT="65" WIDTH="18" VPOS="1969" HPOS="2033"/>
                  <String HEIGHT="65"
                          WIDTH="88"
                          VPOS="1969"
                          HPOS="1963"
                          CONTENT="pos"/>
               </TextLine>
               <TextLine ID="r1l75"
                         BASELINE="2073"
                         HEIGHT="57"
                         WIDTH="261"
                         VPOS="2016"
                         HPOS="1782">
                  <String HEIGHT="57"
                          WIDTH="114"
                          VPOS="2016"
                          HPOS="1766"
                          CONTENT="sit"/>
                  <SP HEIGHT="57" WIDTH="16" VPOS="2016" HPOS="1880"/>
                  <String HEIGHT="57"
                          WIDTH="179"
                          VPOS="2016"
                          HPOS="1831"
                          CONTENT="seruari"/>
                  <SP HEIGHT="57" WIDTH="16" VPOS="2016" HPOS="2010"/>
                  <String HEIGHT="57"
                          WIDTH="98"
                          VPOS="2016"
                          HPOS="1945"
                          CONTENT="sine"/>
               </TextLine>
               <TextLine ID="r1l77"
                         BASELINE="2112"
                         HEIGHT="52"
                         WIDTH="289"
                         VPOS="2060"
                         HPOS="1750">
                  <String HEIGHT="52"
                          WIDTH="255"
                          VPOS="2060"
                          HPOS="1733"
                          CONTENT="V(subiecto."/>
                  <SP HEIGHT="52" WIDTH="17" VPOS="2060" HPOS="1988"/>
                  <String HEIGHT="52"
                          WIDTH="119"
                          VPOS="2060"
                          HPOS="1920"
                          CONTENT="Secur"/>
               </TextLine>
               <TextLine ID="r1l79"
                         BASELINE="2162"
                         HEIGHT="59"
                         WIDTH="765"
                         VPOS="2103"
                         HPOS="1287">
                  <String HEIGHT="59"
                          WIDTH="102"
                          VPOS="2103"
                          HPOS="1270"
                          CONTENT="da"/>
                  <SP HEIGHT="59" WIDTH="17" VPOS="2103" HPOS="1372"/>
                  <String HEIGHT="59"
                          WIDTH="136"
                          VPOS="2103"
                          HPOS="1321"
                          CONTENT="erit"/>
                  <SP HEIGHT="59" WIDTH="17" VPOS="2103" HPOS="1457"/>
                  <String HEIGHT="59"
                          WIDTH="102"
                          VPOS="2103"
                          HPOS="1406"
                          CONTENT="de"/>
                  <SP HEIGHT="59" WIDTH="17" VPOS="2103" HPOS="1508"/>
                  <String HEIGHT="59"
                          WIDTH="255"
                          VPOS="2103"
                          HPOS="1457"
                          CONTENT="quantitate."/>
                  <SP HEIGHT="59" WIDTH="17" VPOS="2103" HPOS="1712"/>
                  <String HEIGHT="59"
                          WIDTH="136"
                          VPOS="2103"
                          HPOS="1661"
                          CONTENT="Quia"/>
                  <SP HEIGHT="59" WIDTH="17" VPOS="2103" HPOS="1797"/>
                  <String HEIGHT="59"
                          WIDTH="136"
                          VPOS="2103"
                          HPOS="1746"
                          CONTENT="enim"/>
                  <SP HEIGHT="59" WIDTH="17" VPOS="2103" HPOS="1882"/>
                  <String HEIGHT="59"
                          WIDTH="119"
                          VPOS="2103"
                          HPOS="1831"
                          CONTENT="est"/>
                  <SP HEIGHT="59" WIDTH="17" VPOS="2103" HPOS="1950"/>
                  <String HEIGHT="59"
                          WIDTH="170"
                          VPOS="2103"
                          HPOS="1882"
                          CONTENT="multorum"/>
               </TextLine>
               <TextLine ID="r1l81"
                         BASELINE="2210"
                         HEIGHT="64"
                         WIDTH="765"
                         VPOS="2146"
                         HPOS="1282">
                  <String HEIGHT="64"
                          WIDTH="156"
                          VPOS="2146"
                          HPOS="1266"
                          CONTENT="opinio"/>
                  <SP HEIGHT="64" WIDTH="16" VPOS="2146" HPOS="1423"/>
                  <String HEIGHT="64"
                          WIDTH="125"
                          VPOS="2146"
                          HPOS="1376"
                          CONTENT="quod"/>
                  <SP HEIGHT="64" WIDTH="16" VPOS="2146" HPOS="1501"/>
                  <String HEIGHT="64"
                          WIDTH="219"
                          VPOS="2146"
                          HPOS="1454"
                          CONTENT="accidentia"/>
                  <SP HEIGHT="64" WIDTH="16" VPOS="2146" HPOS="1672"/>
                  <String HEIGHT="64"
                          WIDTH="172"
                          VPOS="2146"
                          HPOS="1625"
                          CONTENT="reliqua"/>
                  <SP HEIGHT="64" WIDTH="16" VPOS="2146" HPOS="1797"/>
                  <String HEIGHT="64" WIDTH="78" VPOS="2146" HPOS="1750" CONTENT="a"/>
                  <SP HEIGHT="64" WIDTH="16" VPOS="2146" HPOS="1828"/>
                  <String HEIGHT="64"
                          WIDTH="234"
                          VPOS="2146"
                          HPOS="1782"
                          CONTENT="quantitate:"/>
                  <SP HEIGHT="64" WIDTH="16" VPOS="2146" HPOS="2016"/>
                  <String HEIGHT="64"
                          WIDTH="94"
                          VPOS="2146"
                          HPOS="1953"
                          CONTENT="quan"/>
               </TextLine>
               <TextLine ID="r1l83"
                         BASELINE="2246"
                         HEIGHT="56"
                         WIDTH="761"
                         VPOS="2190"
                         HPOS="1283">
                  <String HEIGHT="56"
                          WIDTH="155"
                          VPOS="2190"
                          HPOS="1267"
                          CONTENT="titati"/>
                  <SP HEIGHT="56" WIDTH="16" VPOS="2190" HPOS="1423"/>
                  <String HEIGHT="56"
                          WIDTH="233"
                          VPOS="2190"
                          HPOS="1376"
                          CONTENT="inhaereant:"/>
                  <SP HEIGHT="56" WIDTH="16" VPOS="2190" HPOS="1609"/>
                  <String HEIGHT="56"
                          WIDTH="202"
                          VPOS="2190"
                          HPOS="1563"
                          CONTENT="propterea"/>
                  <SP HEIGHT="56" WIDTH="16" VPOS="2190" HPOS="1764"/>
                  <String HEIGHT="56"
                          WIDTH="171"
                          VPOS="2190"
                          HPOS="1718"
                          CONTENT="secundo"/>
                  <SP HEIGHT="56" WIDTH="16" VPOS="2190" HPOS="1889"/>
                  <String HEIGHT="56"
                          WIDTH="124"
                          VPOS="2190"
                          HPOS="1842"
                          CONTENT="loco"/>
                  <SP HEIGHT="56" WIDTH="16" VPOS="2190" HPOS="1966"/>
                  <String HEIGHT="56"
                          WIDTH="140"
                          VPOS="2190"
                          HPOS="1904"
                          CONTENT="quaere"
                          SUBS_TYPE="HypPart1"
                          SUBS_CONTENT="quaeretur,"/>
                  <HYP CONTENT="-"/>
               </TextLine>
               <TextLine ID="r1l85"
                         BASELINE="2289"
                         HEIGHT="59"
                         WIDTH="773"
                         VPOS="2230"
                         HPOS="1280">
                  <String HEIGHT="59"
                          WIDTH="126"
                          VPOS="2230"
                          HPOS="1264"
                          CONTENT="tur,"
                          SUBS_TYPE="HypPart2"
                          SUBS_CONTENT="quaeretur,"/>
                  <SP HEIGHT="59" WIDTH="16" VPOS="2230" HPOS="1390"/>
                  <String HEIGHT="59" WIDTH="95" VPOS="2230" HPOS="1343" CONTENT="an"/>
                  <SP HEIGHT="59" WIDTH="16" VPOS="2230" HPOS="1438"/>
                  <String HEIGHT="59"
                          WIDTH="205"
                          VPOS="2230"
                          HPOS="1390"
                          CONTENT="quantitas"/>
                  <SP HEIGHT="59" WIDTH="16" VPOS="2230" HPOS="1596"/>
                  <String HEIGHT="59"
                          WIDTH="252"
                          VPOS="2230"
                          HPOS="1548"
                          CONTENT="distinguatur"/>
                  <SP HEIGHT="59" WIDTH="16" VPOS="2230" HPOS="1801"/>
                  <String HEIGHT="59" WIDTH="79" VPOS="2230" HPOS="1753" CONTENT="a"/>
                  <SP HEIGHT="59" WIDTH="16" VPOS="2230" HPOS="1832"/>
                  <String HEIGHT="59" WIDTH="95" VPOS="2230" HPOS="1785" CONTENT="re"/>
                  <SP HEIGHT="59" WIDTH="16" VPOS="2230" HPOS="1879"/>
                  <String HEIGHT="59"
                          WIDTH="174"
                          VPOS="2230"
                          HPOS="1832"
                          CONTENT="quanta:"/>
                  <SP HEIGHT="59" WIDTH="16" VPOS="2230" HPOS="2006"/>
                  <String HEIGHT="59" WIDTH="79" VPOS="2230" HPOS="1958" CONTENT="&amp;"/>
                  <SP HEIGHT="59" WIDTH="16" VPOS="2230" HPOS="2037"/>
                  <String HEIGHT="59" WIDTH="95" VPOS="2230" HPOS="1990" CONTENT="an"/>
                  <SP HEIGHT="59" WIDTH="16" VPOS="2230" HPOS="2085"/>
                  <String HEIGHT="59" WIDTH="32" VPOS="2230" HPOS="2021" CONTENT=""/>
               </TextLine>
               <TextLine ID="r1l87"
                         BASELINE="2340"
                         HEIGHT="64"
                         WIDTH="756"
                         VPOS="2276"
                         HPOS="1283">
                  <String HEIGHT="64" WIDTH="91" VPOS="2276" HPOS="1268" CONTENT="de"/>
                  <SP HEIGHT="64" WIDTH="15" VPOS="2276" HPOS="1359"/>
                  <String HEIGHT="64"
                          WIDTH="136"
                          VPOS="2276"
                          HPOS="1313"
                          CONTENT="facto"/>
                  <SP HEIGHT="64" WIDTH="15" VPOS="2276" HPOS="1449"/>
                  <String HEIGHT="64"
                          WIDTH="121"
                          VPOS="2276"
                          HPOS="1404"
                          CONTENT="alia"/>
                  <SP HEIGHT="64" WIDTH="15" VPOS="2276" HPOS="1525"/>
                  <String HEIGHT="64"
                          WIDTH="212"
                          VPOS="2276"
                          HPOS="1480"
                          CONTENT="accidentia"/>
                  <SP HEIGHT="64" WIDTH="15" VPOS="2276" HPOS="1691"/>
                  <String HEIGHT="64"
                          WIDTH="121"
                          VPOS="2276"
                          HPOS="1646"
                          CONTENT="sint"/>
                  <SP HEIGHT="64" WIDTH="15" VPOS="2276" HPOS="1767"/>
                  <String HEIGHT="64"
                          WIDTH="136"
                          VPOS="2276"
                          HPOS="1721"
                          CONTENT="extra"/>
                  <SP HEIGHT="64" WIDTH="15" VPOS="2276" HPOS="1858"/>
                  <String HEIGHT="64"
                          WIDTH="212"
                          VPOS="2276"
                          HPOS="1812"
                          CONTENT="subiectum."/>
                  <SP HEIGHT="64" WIDTH="15" VPOS="2276" HPOS="2024"/>
                  <String HEIGHT="64"
                          WIDTH="76"
                          VPOS="2276"
                          HPOS="1963"
                          CONTENT="Tei"/>
               </TextLine>
               <TextLine ID="r1l89"
                         BASELINE="2384"
                         HEIGHT="65"
                         WIDTH="755"
                         VPOS="2319"
                         HPOS="1290">
                  <String HEIGHT="65"
                          WIDTH="112"
                          VPOS="2319"
                          HPOS="1274"
                          CONTENT="tio"/>
                  <SP HEIGHT="65" WIDTH="16" VPOS="2319" HPOS="1386"/>
                  <String HEIGHT="65"
                          WIDTH="177"
                          VPOS="2319"
                          HPOS="1338"
                          CONTENT="quaeram"/>
                  <SP HEIGHT="65" WIDTH="16" VPOS="2319" HPOS="1515"/>
                  <String HEIGHT="65" WIDTH="96" VPOS="2319" HPOS="1467" CONTENT="de"/>
                  <SP HEIGHT="65" WIDTH="16" VPOS="2319" HPOS="1563"/>
                  <String HEIGHT="65"
                          WIDTH="241"
                          VPOS="2319"
                          HPOS="1515"
                          CONTENT="accidentium"/>
                  <SP HEIGHT="65" WIDTH="16" VPOS="2319" HPOS="1756"/>
                  <String HEIGHT="65"
                          WIDTH="225"
                          VPOS="2319"
                          HPOS="1708"
                          CONTENT="actiuitate"/>
                  <SP HEIGHT="65" WIDTH="16" VPOS="2319" HPOS="1933"/>
                  <String HEIGHT="65"
                          WIDTH="112"
                          VPOS="2319"
                          HPOS="1884"
                          CONTENT="tam"/>
                  <SP HEIGHT="65" WIDTH="16" VPOS="2319" HPOS="1997"/>
                  <String HEIGHT="65" WIDTH="96" VPOS="2319" HPOS="1949" CONTENT="in"/>
                  <SP HEIGHT="65" WIDTH="16" VPOS="2319" HPOS="2045"/>
                  <String HEIGHT="65" WIDTH="64" VPOS="2319" HPOS="1981" CONTENT="or"/>
               </TextLine>
               <TextLine ID="r1l91"
                         BASELINE="2428"
                         HEIGHT="67"
                         WIDTH="737"
                         VPOS="2361"
                         HPOS="1284">
                  <String HEIGHT="67"
                          WIDTH="125"
                          VPOS="2361"
                          HPOS="1268"
                          CONTENT="dine"/>
                  <SP HEIGHT="67" WIDTH="16" VPOS="2361" HPOS="1394"/>
                  <String HEIGHT="67"
                          WIDTH="235"
                          VPOS="2361"
                          HPOS="1347"
                          CONTENT="accidentium"/>
                  <SP HEIGHT="67" WIDTH="16" VPOS="2361" HPOS="1582"/>
                  <String HEIGHT="67"
                          WIDTH="125"
                          VPOS="2361"
                          HPOS="1535"
                          CONTENT="quam"/>
                  <SP HEIGHT="67" WIDTH="16" VPOS="2361" HPOS="1660"/>
                  <String HEIGHT="67"
                          WIDTH="282"
                          VPOS="2361"
                          HPOS="1613"
                          CONTENT="substantiarum."/>
                  <SP HEIGHT="67" WIDTH="16" VPOS="2361" HPOS="1896"/>
                  <String HEIGHT="67"
                          WIDTH="157"
                          VPOS="2361"
                          HPOS="1849"
                          CONTENT="Quarto"/>
                  <SP HEIGHT="67" WIDTH="16" VPOS="2361" HPOS="2005"/>
                  <String HEIGHT="67" WIDTH="94" VPOS="2361" HPOS="1958" CONTENT="in"/>
                  <SP HEIGHT="67" WIDTH="16" VPOS="2361" HPOS="2052"/>
                  <String HEIGHT="67" WIDTH="31" VPOS="2361" HPOS="1990" CONTENT=""/>
               </TextLine>
               <TextLine ID="r1l93"
                         BASELINE="2475"
                         HEIGHT="68"
                         WIDTH="758"
                         VPOS="2407"
                         HPOS="1278">
                  <String HEIGHT="68"
                          WIDTH="132"
                          VPOS="2407"
                          HPOS="1262"
                          CONTENT="ram:"/>
                  <SP HEIGHT="68" WIDTH="16" VPOS="2407" HPOS="1393"/>
                  <String HEIGHT="68"
                          WIDTH="181"
                          VPOS="2407"
                          HPOS="1344"
                          CONTENT="quomodo"/>
                  <SP HEIGHT="68" WIDTH="16" VPOS="2407" HPOS="1525"/>
                  <String HEIGHT="68"
                          WIDTH="231"
                          VPOS="2407"
                          HPOS="1476"
                          CONTENT="accidentia"/>
                  <SP HEIGHT="68" WIDTH="16" VPOS="2407" HPOS="1706"/>
                  <String HEIGHT="68"
                          WIDTH="198"
                          VPOS="2407"
                          HPOS="1657"
                          CONTENT="separata"/>
                  <SP HEIGHT="68" WIDTH="16" VPOS="2407" HPOS="1855"/>
                  <String HEIGHT="68"
                          WIDTH="132"
                          VPOS="2407"
                          HPOS="1805"
                          CONTENT="pati"/>
                  <SP HEIGHT="68" WIDTH="16" VPOS="2407" HPOS="1937"/>
                  <String HEIGHT="68"
                          WIDTH="165"
                          VPOS="2407"
                          HPOS="1871"
                          CONTENT="possint."/>
               </TextLine>
               <TextLine ID="r1l95"
                         BASELINE="2517"
                         HEIGHT="70"
                         WIDTH="757"
                         VPOS="2447"
                         HPOS="1288">
                  <String HEIGHT="70" WIDTH="95" VPOS="2447" HPOS="1272" CONTENT="Et"/>
                  <SP HEIGHT="70" WIDTH="16" VPOS="2447" HPOS="1367"/>
                  <String HEIGHT="70"
                          WIDTH="126"
                          VPOS="2447"
                          HPOS="1320"
                          CONTENT="quia"/>
                  <SP HEIGHT="70" WIDTH="16" VPOS="2447" HPOS="1446"/>
                  <String HEIGHT="70"
                          WIDTH="189"
                          VPOS="2447"
                          HPOS="1398"
                          CONTENT="magister"/>
                  <SP HEIGHT="70" WIDTH="16" VPOS="2447" HPOS="1588"/>
                  <String HEIGHT="70" WIDTH="95" VPOS="2447" HPOS="1540" CONTENT="in"/>
                  <SP HEIGHT="70" WIDTH="16" VPOS="2447" HPOS="1635"/>
                  <String HEIGHT="70"
                          WIDTH="158"
                          VPOS="2447"
                          HPOS="1588"
                          CONTENT="vltimo"/>
                  <SP HEIGHT="70" WIDTH="16" VPOS="2447" HPOS="1745"/>
                  <String HEIGHT="70"
                          WIDTH="189"
                          VPOS="2447"
                          HPOS="1698"
                          CONTENT="capitulo"/>
                  <SP HEIGHT="70" WIDTH="16" VPOS="2447" HPOS="1887"/>
                  <String HEIGHT="70"
                          WIDTH="142"
                          VPOS="2447"
                          HPOS="1840"
                          CONTENT="huius"/>
                  <SP HEIGHT="70" WIDTH="16" VPOS="2447" HPOS="1982"/>
                  <String HEIGHT="70"
                          WIDTH="126"
                          VPOS="2447"
                          HPOS="1919"
                          CONTENT="distin"/>
               </TextLine>
               <TextLine ID="r1l97"
                         BASELINE="2560"
                         HEIGHT="67"
                         WIDTH="757"
                         VPOS="2493"
                         HPOS="1279">
                  <String HEIGHT="67"
                          WIDTH="163"
                          VPOS="2493"
                          HPOS="1264"
                          CONTENT="ctionis"/>
                  <SP HEIGHT="67" WIDTH="15" VPOS="2493" HPOS="1427"/>
                  <String HEIGHT="67"
                          WIDTH="178"
                          VPOS="2493"
                          HPOS="1383"
                          CONTENT="quaerit:"/>
                  <SP HEIGHT="67" WIDTH="15" VPOS="2493" HPOS="1561"/>
                  <String HEIGHT="67" WIDTH="89" VPOS="2493" HPOS="1516" CONTENT="an"/>
                  <SP HEIGHT="67" WIDTH="15" VPOS="2493" HPOS="1606"/>
                  <String HEIGHT="67"
                          WIDTH="163"
                          VPOS="2493"
                          HPOS="1561"
                          CONTENT="pluries"/>
                  <SP HEIGHT="67" WIDTH="15" VPOS="2493" HPOS="1724"/>
                  <String HEIGHT="67" WIDTH="89" VPOS="2493" HPOS="1680" CONTENT="in"/>
                  <SP HEIGHT="67" WIDTH="15" VPOS="2493" HPOS="1769"/>
                  <String HEIGHT="67"
                          WIDTH="104"
                          VPOS="2493"
                          HPOS="1724"
                          CONTENT="die"/>
                  <SP HEIGHT="67" WIDTH="15" VPOS="2493" HPOS="1828"/>
                  <String HEIGHT="67"
                          WIDTH="193"
                          VPOS="2493"
                          HPOS="1784"
                          CONTENT="celebrare"/>
                  <SP HEIGHT="67" WIDTH="15" VPOS="2493" HPOS="1977"/>
                  <String HEIGHT="67"
                          WIDTH="119"
                          VPOS="2493"
                          HPOS="1917"
                          CONTENT="contin"/>
               </TextLine>
               <TextLine ID="r1l99"
                         BASELINE="2604"
                         HEIGHT="54"
                         WIDTH="763"
                         VPOS="2550"
                         HPOS="1279">
                  <String HEIGHT="54"
                          WIDTH="133"
                          VPOS="2550"
                          HPOS="1262"
                          CONTENT="gat:"/>
                  <SP HEIGHT="54" WIDTH="17" VPOS="2550" HPOS="1395"/>
                  <String HEIGHT="54"
                          WIDTH="182"
                          VPOS="2550"
                          HPOS="1345"
                          CONTENT="quaeram"/>
                  <SP HEIGHT="54" WIDTH="17" VPOS="2550" HPOS="1528"/>
                  <String HEIGHT="54"
                          WIDTH="166"
                          VPOS="2550"
                          HPOS="1478"
                          CONTENT="quinto"/>
                  <SP HEIGHT="54" WIDTH="17" VPOS="2550" HPOS="1644"/>
                  <String HEIGHT="54"
                          WIDTH="100"
                          VPOS="2550"
                          HPOS="1594"
                          CONTENT="id"/>
                  <SP HEIGHT="54" WIDTH="17" VPOS="2550" HPOS="1694"/>
                  <String HEIGHT="54"
                          WIDTH="149"
                          VPOS="2550"
                          HPOS="1644"
                          CONTENT="idem."/>
                  <SP HEIGHT="54" WIDTH="17" VPOS="2550" HPOS="1793"/>
                  <String HEIGHT="54"
                          WIDTH="149"
                          VPOS="2550"
                          HPOS="1743"
                          CONTENT="Sexto"/>
                  <SP HEIGHT="54" WIDTH="17" VPOS="2550" HPOS="1893"/>
                  <String HEIGHT="54"
                          WIDTH="149"
                          VPOS="2550"
                          HPOS="1843"
                          CONTENT="vtrum"/>
                  <SP HEIGHT="54" WIDTH="17" VPOS="2550" HPOS="1992"/>
                  <String HEIGHT="54"
                          WIDTH="116"
                          VPOS="2550"
                          HPOS="1926"
                          CONTENT="cleri"/>
               </TextLine>
               <TextLine ID="r1l101"
                         BASELINE="2654"
                         HEIGHT="62"
                         WIDTH="761"
                         VPOS="2592"
                         HPOS="1276">
                  <String HEIGHT="62"
                          WIDTH="107"
                          VPOS="2592"
                          HPOS="1261"
                          CONTENT="cus"/>
                  <SP HEIGHT="62" WIDTH="15" VPOS="2592" HPOS="1367"/>
                  <String HEIGHT="62"
                          WIDTH="183"
                          VPOS="2592"
                          HPOS="1322"
                          CONTENT="quolibet"/>
                  <SP HEIGHT="62" WIDTH="15" VPOS="2592" HPOS="1504"/>
                  <String HEIGHT="62"
                          WIDTH="107"
                          VPOS="2592"
                          HPOS="1459"
                          CONTENT="die"/>
                  <SP HEIGHT="62" WIDTH="15" VPOS="2592" HPOS="1565"/>
                  <String HEIGHT="62"
                          WIDTH="183"
                          VPOS="2592"
                          HPOS="1520"
                          CONTENT="teneatur"/>
                  <SP HEIGHT="62" WIDTH="15" VPOS="2592" HPOS="1702"/>
                  <String HEIGHT="62"
                          WIDTH="152"
                          VPOS="2592"
                          HPOS="1657"
                          CONTENT="dicere"/>
                  <SP HEIGHT="62" WIDTH="15" VPOS="2592" HPOS="1809"/>
                  <String HEIGHT="62"
                          WIDTH="152"
                          VPOS="2592"
                          HPOS="1763"
                          CONTENT="horas."/>
                  <SP HEIGHT="62" WIDTH="15" VPOS="2592" HPOS="1915"/>
                  <String HEIGHT="62"
                          WIDTH="167"
                          VPOS="2592"
                          HPOS="1870"
                          CONTENT="Septimo"/>
                  <SP HEIGHT="62" WIDTH="15" VPOS="2592" HPOS="2037"/>
                  <String HEIGHT="62" WIDTH="61" VPOS="2592" HPOS="1976" CONTENT="an"/>
               </TextLine>
               <TextLine ID="r1l103"
                         BASELINE="2691"
                         HEIGHT="66"
                         WIDTH="761"
                         VPOS="2625"
                         HPOS="1275">
                  <String HEIGHT="66"
                          WIDTH="198"
                          VPOS="2625"
                          HPOS="1260"
                          CONTENT="sufficiat"/>
                  <SP HEIGHT="66" WIDTH="15" VPOS="2625" HPOS="1458"/>
                  <String HEIGHT="66"
                          WIDTH="198"
                          VPOS="2625"
                          HPOS="1412"
                          CONTENT="distracte"/>
                  <SP HEIGHT="66" WIDTH="15" VPOS="2625" HPOS="1610"/>
                  <String HEIGHT="66"
                          WIDTH="152"
                          VPOS="2625"
                          HPOS="1564"
                          CONTENT="dicere"/>
                  <SP HEIGHT="66" WIDTH="15" VPOS="2625" HPOS="1716"/>
                  <String HEIGHT="66"
                          WIDTH="152"
                          VPOS="2625"
                          HPOS="1671"
                          CONTENT="horas."/>
                  <SP HEIGHT="66" WIDTH="15" VPOS="2625" HPOS="1823"/>
                  <String HEIGHT="66"
                          WIDTH="152"
                          VPOS="2625"
                          HPOS="1777"
                          CONTENT="Octauo"/>
                  <SP HEIGHT="66" WIDTH="15" VPOS="2625" HPOS="1929"/>
                  <String HEIGHT="66" WIDTH="91" VPOS="2625" HPOS="1884" CONTENT="an"/>
                  <SP HEIGHT="66" WIDTH="15" VPOS="2625" HPOS="1975"/>
                  <String HEIGHT="66"
                          WIDTH="122"
                          VPOS="2625"
                          HPOS="1914"
                          CONTENT="satis"
                          SUBS_TYPE="HypPart1"
                          SUBS_CONTENT="satisfaciat"/>
                  <HYP CONTENT="-"/>
               </TextLine>
               <TextLine ID="r1l105"
                         BASELINE="2748"
                         HEIGHT="75"
                         WIDTH="758"
                         VPOS="2673"
                         HPOS="1275">
                  <String HEIGHT="75"
                          WIDTH="158"
                          VPOS="2673"
                          HPOS="1259"
                          CONTENT="faciat"
                          SUBS_TYPE="HypPart2"
                          SUBS_CONTENT="satisfaciat"/>
                  <SP HEIGHT="75" WIDTH="16" VPOS="2673" HPOS="1417"/>
                  <String HEIGHT="75"
                          WIDTH="126"
                          VPOS="2673"
                          HPOS="1370"
                          CONTENT="quis"/>
                  <SP HEIGHT="75" WIDTH="16" VPOS="2673" HPOS="1496"/>
                  <String HEIGHT="75"
                          WIDTH="205"
                          VPOS="2673"
                          HPOS="1449"
                          CONTENT="praecepto"/>
                  <SP HEIGHT="75" WIDTH="16" VPOS="2673" HPOS="1654"/>
                  <String HEIGHT="75" WIDTH="95" VPOS="2673" HPOS="1607" CONTENT="de"/>
                  <SP HEIGHT="75" WIDTH="16" VPOS="2673" HPOS="1701"/>
                  <String HEIGHT="75"
                          WIDTH="190"
                          VPOS="2673"
                          HPOS="1654"
                          CONTENT="dicendis"/>
                  <SP HEIGHT="75" WIDTH="16" VPOS="2673" HPOS="1844"/>
                  <String HEIGHT="75"
                          WIDTH="142"
                          VPOS="2673"
                          HPOS="1796"
                          CONTENT="horis"/>
                  <SP HEIGHT="75" WIDTH="16" VPOS="2673" HPOS="1938"/>
                  <String HEIGHT="75"
                          WIDTH="158"
                          VPOS="2673"
                          HPOS="1875"
                          CONTENT="audiendo"/>
               </TextLine>
               <TextLine ID="r1l107"
                         BASELINE="2784"
                         HEIGHT="69"
                         WIDTH="488"
                         VPOS="2715"
                         HPOS="1273">
                  <String HEIGHT="69"
                          WIDTH="168"
                          VPOS="2715"
                          HPOS="1256"
                          CONTENT="missam"/>
                  <SP HEIGHT="69" WIDTH="17" VPOS="2715" HPOS="1424"/>
                  <String HEIGHT="69"
                          WIDTH="135"
                          VPOS="2715"
                          HPOS="1374"
                          CONTENT="quae"/>
                  <SP HEIGHT="69" WIDTH="17" VPOS="2715" HPOS="1509"/>
                  <String HEIGHT="69"
                          WIDTH="118"
                          VPOS="2715"
                          HPOS="1458"
                          CONTENT="est"/>
                  <SP HEIGHT="69" WIDTH="17" VPOS="2715" HPOS="1576"/>
                  <String HEIGHT="69"
                          WIDTH="101"
                          VPOS="2715"
                          HPOS="1525"
                          CONTENT="de"/>
                  <SP HEIGHT="69" WIDTH="17" VPOS="2715" HPOS="1626"/>
                  <String HEIGHT="69"
                          WIDTH="202"
                          VPOS="2715"
                          HPOS="1559"
                          CONTENT="praecepto."/>
               </TextLine>
            </TextBlock>
         </PrintSpace>
      </Page>
   </Layout>
</alto>
