2329 3316
468 286 149 56 autem
568 286 83 56 &
601 286 149 56 pater
700 286 132 56 sunt
782 286 182 56 termini
914 286 215 56 synonymi.
1079 286 83 56 ⁋
1112 286 99 56 Ad
1145 286 83 56 mi-

484 340 133 45 norem
573 340 133 45 dico:
662 340 133 45 licet
750 340 222 45 parternitas
928 340 103 45 sit
987 340 177 45 accidens
1105 340 133 45 secunde

464 382 301 50 intentionaliter
718 382 79 50 &
749 382 158 50 logice
860 382 206 50 loquendo:
1018 382 111 50 non
1082 382 143 50 tamen
1161 382 79 50 est

468 431 185 53 accidens
607 431 139 53 prime
699 431 309 53 intentionaliter.
962 431 77 53 &
992 431 108 53 hoc
1054 431 170 53 tenendo
1162 431 62 53 po

472 469 180 50 sitionem
607 469 209 50 nominalium
771 469 120 50 quae
846 469 194 50 vtrobique
996 469 180 50 Parisiis
1115 469 105 50 tenes

470 515 114 50 tur.
541 515 199 50 Realisando
697 515 142 50 namque
797 515 142 50 aliter
897 515 171 50 dicendum
1025 515 142 50 foret:
1110 515 128 50 videli-

479 562 99 51 cet
536 562 114 51 quod
607 562 171 51 accidens
735 562 213 51 respectiuum
905 562 114 51 deus
976 562 99 51 non
1033 562 142 51 possit
1118 562 114 51 facere

476 604 112 47 sine
546 604 168 47 subiecto
672 604 84 47 de
713 604 168 47 potentia
839 604 98 47 sua
895 604 182 47 absoluta.
1035 604 112 47 quia
1104 604 84 47 de
1132 604 84 47 eius

466 652 183 51 essentia
603 652 107 51 est
664 652 214 51 fundamento
832 652 107 51 suo
893 652 214 51 inhaerere:
1061 652 76 51 &
1076 652 153 51 terminum

461 693 265 56 respondentem
676 693 165 56 habere
792 693 83 56 &
825 693 231 56 relationem
1007 693 182 56 mutuam,
1123 693 99 56 nisi

469 738 127 47 aliud
554 738 169 47 extremum
681 738 99 47 non
737 738 99 47 sit
793 738 212 47 susceptiuum
963 738 212 47 accidentis:
1132 738 85 47 vt
1160 738 71 47 est

465 783 95 50 in
513 783 159 50 vnione
624 783 238 50 hypostatica
814 783 222 50 humanitati
988 783 174 50 Christi
1099 783 127 50 inhae-

461 827 138 51 rente,
558 827 96 51 cui
613 827 124 51 nulla
695 827 83 51 in
737 827 124 51 verbo
819 827 193 51 respondet.
971 827 69 51 ⁋
999 827 96 51 Sed
1054 827 138 51 dicis,
1136 827 83 51 quid

470 876 130 54 quid
551 876 130 54 deus
633 876 163 54 potest
747 876 212 54 producere
910 876 195 54 mediante
1040 876 179 54 quacunque

454 919 137 45 causa
545 919 182 45 secunda:
682 919 122 45 deus
758 919 152 45 potest
864 919 198 45 producere
1016 919 91 45 se
1062 919 137 45 solo:
1153 919 106 45 sed

465 961 254 51 paternitatem
671 961 159 51 potest
782 961 206 51 producere
941 961 190 51 mediante
1083 961 143 51 causa
1163 961 63 51 se

457 1007 166 49 cunda:
573 1007 199 49 scilicet
723 1007 199 49 mediante
872 1007 232 49 fundamento
1054 1007 83 49 &
1071 1007 149 49 termino

458 1048 116 53 ergo
530 1048 231 53 paternitatem
718 1048 144 53 potest
819 1048 188 53 producere
963 1048 87 53 se
1006 1048 130 53 solo.
1093 1048 72 53 ⁋
1107 1048 116 53 Respon

463 1090 153 56 detur
565 1090 238 56 concedendo
752 1090 238 56 praemissas
940 1090 119 56 cum
991 1090 238 56 conclusione:

462 1138 125 52 quod
541 1138 250 52 paternitatem
744 1138 125 52 deus
822 1138 94 52 se
869 1138 125 52 solo
947 1138 156 52 potest
1041 1138 188 52 producere.

450 1182 115 51 hoc
515 1182 115 51 est
581 1182 164 51 potest
696 1182 197 51 supplere
844 1182 246 51 actiuitatem
1024 1182 197 51 fundamenti

458 1225 100 54 vel
515 1225 171 54 termini:
643 1225 100 54 vel
700 1225 213 54 cuiuscumque
870 1225 185 54 creaturae
1013 1225 85 54 ad
1055 1225 128 54 illam
1126 1225 100 54 rela-

460 1272 152 58 tionem
566 1272 197 58 effectiue
718 1272 258 58 concurrentis:
930 1272 106 58 sed
990 1272 106 58 non
1051 1272 152 58 potest
1142 1272 91 58 pro-

454 1316 149 50 ducere
558 1316 238 50 paternitatem
751 1316 282 50 qualitercumque:
989 1316 119 50 quia
1064 1316 104 50 non
1123 1316 89 50 in
1153 1316 74 50 sub

451 1359 128 62 iecto
536 1359 114 62 quod
608 1359 100 62 non
665 1359 157 62 genuit:
779 1359 114 62 esto
850 1359 100 62 sit
907 1359 157 62 eiusdem
1021 1359 157 62 speciei
1121 1359 100 62 speci

444 1402 194 63 alissimae
593 1402 104 63 cum
653 1402 119 63 illo
727 1402 104 63 qui
787 1402 164 63 genuit:
906 1402 134 63 licet
995 1402 134 63 illud
1085 1402 119 63 puro
1144 1402 75 63 no-

449 1445 161 57 minali
562 1445 194 57 videatur
707 1445 226 57 extraneum.
884 1445 210 57 Coloratur
1046 1445 129 57 sic:
1110 1445 113 57 sicut

446 1499 203 57 nominalis
603 1499 141 57 dicit
696 1499 156 57 nullum
806 1499 141 57 posse
900 1499 125 57 esse
978 1499 156 57 patrem
1087 1499 125 57 nisi
1150 1499 63 57 ge

446 1536 141 61 nuerit
544 1536 70 61 &
572 1536 155 61 taliter
685 1536 84 61 se
727 1536 183 61 habuerit:
868 1536 98 61 sic
924 1536 155 61 dicetur
1036 1536 169 61 secundum
1149 1536 70 61 hac

457 1586 202 60 positionem
615 1586 115 60 quod
687 1586 86 60 in
730 1586 187 60 quocunque
874 1586 101 60 est
932 1586 202 60 paternitas
1090 1586 115 60 ille
1148 1586 72 60 est

453 1633 134 52 pater
542 1633 74 52 &
572 1633 163 52 contra:
691 1633 104 52 sed
750 1633 134 52 forte
840 1633 149 52 potest
944 1633 238 52 paternitatem
1122 1633 89 52 pro-

453 1668 150 50 ducere
558 1668 135 50 extra
648 1668 210 50 subiectum.
813 1668 165 50 Realium
934 1668 120 50 vero
1009 1668 165 50 tenendo
1114 1668 105 50 prin-

442 1712 142 66 cipia
537 1712 110 66 cum
600 1712 252 66 omnipotentia
804 1712 110 66 dei
867 1712 173 66 dicerem
993 1712 126 66 quod
1071 1712 126 66 deus
1134 1712 79 66 non

459 1760 149 51 potest
563 1760 194 51 producere
712 1760 238 51 paternitatem
906 1760 89 51 in
951 1760 89 51 eo
996 1760 104 51 qui
1055 1760 104 51 non
1100 1760 119 51 genuit

452 1812 109 43 nec
515 1812 94 43 ab
562 1812 94 43 eo
608 1812 109 43 qui
671 1812 156 43 genuit
780 1812 156 43 potest
889 1812 172 43 tollere
999 1812 218 43 paternitatem

457 1845 186 52 manente
592 1845 236 52 fundamento
778 1845 84 52 &
812 1845 186 52 termino
947 1845 253 52 relationis:
1133 1845 84 52 be-

457 1891 93 50 ne
503 1891 139 50 tamen
596 1891 155 50 potest
704 1891 201 50 producere
858 1891 216 50 relationem
1029 1891 139 50 extra
1106 1891 108 50 subie

451 1931 133 58 ctum.
540 1931 88 58 Ad
584 1931 103 58 hoc
643 1931 118 58 enim
716 1931 162 58 habetur
834 1931 162 58 illaesa
952 1931 177 58 potentia
1084 1931 118 58 dei:
1143 1931 74 58 nec

445 1980 156 47 aliquid
558 1980 199 47 positionis
714 1980 241 47 destructiuum,
913 1980 99 47 non
970 1980 114 47 enim
1027 1980 184 47 concluditur

449 2026 79 49 ex
488 2026 106 49 illo
555 2026 106 49 quod
621 2026 146 49 aliquis
727 2026 93 49 est
779 2026 119 49 pater
859 2026 106 49 sine
925 2026 212 49 paternitate:
1097 2026 93 49 nec
1137 2026 79 49 quod

459 2067 204 51 paternitas
620 2067 146 51 alicui
722 2067 175 51 inhaeret
854 2067 102 51 qui
912 2067 102 51 non
970 2067 102 51 est
1029 2067 146 51 pater.
1116 2067 88 51 Quid

453 2119 132 54 multi
541 2119 117 54 alii
615 2119 220 54 realisantes
791 2119 132 54 super
878 2119 103 54 hoc
937 2119 191 54 sentiant,
1084 2119 103 54 mea
1128 2119 73 54 non

441 2157 203 67 interest.
598 2157 78 67 ⁋
629 2157 219 67 Epilogando
801 2157 141 67 dico:
895 2157 125 67 quod
973 2157 203 67 quodlibet
1114 2157 109 67 acci-

443 2202 129 56 dens
523 2202 129 56 deus
604 2202 161 56 potest
716 2202 225 56 conseruare
893 2202 129 56 sine
973 2202 241 56 dependentia
1150 2202 64 56 ad

450 2238 139 68 vllum
542 2238 201 68 subiectum
697 2238 139 68 eius:
790 2238 77 68 &
821 2238 108 68 per
883 2238 217 68 consequens
1038 2238 170 68 quodlibet

442 2298 122 52 tale
518 2298 152 52 potest
624 2298 213 52 conseruare
791 2298 137 52 extra
883 2298 198 52 subiectum
1035 2298 91 52 ta
1080 2298 91 52 in
1111 2298 106 52 corpo

445 2333 153 49 ralibus
556 2333 111 49 quam
625 2333 83 49 in
667 2333 250 49 spiritualibus:
875 2333 97 49 nec
931 2333 180 49 instantia
1069 2333 97 49 est
1111 2333 111 49 aliqua

441 2378 92 48 de
487 2378 199 48 relatione
639 2378 229 48 intrinsecus
823 2378 107 48 vel
884 2378 229 48 extrinsecus
1052 2378 153 48 adueniem

442 2420 95 55 te.
497 2420 136 55 satius
592 2420 109 55 enim
660 2420 95 55 est
714 2420 136 55 nullas
810 2420 122 55 tales
891 2420 150 55 ponere:
1000 2420 95 55 cum
1054 2420 122 55 omnia
1122 2420 82 55 sine

446 2469 101 46 eis
503 2469 101 46 tam
561 2469 87 46 in
604 2469 188 46 theologia
748 2469 115 46 quam
821 2469 216 46 philosophia
994 2469 144 46 optime
1095 2469 72 46 &
1109 2469 101 46 facil

433 2514 137 47 lime
518 2514 86 47 a
553 2514 171 47 logico
672 2514 86 47 &
707 2514 222 47 ingenioso
861 2514 239 47 defendantur.

1596 301 241 84 Ecundo
1765 301 217 84 loco:
1885 301 193 84 inuxta

1623 362 77 57 d
1653 362 123 57 quod
1730 362 184 57 promisi,
1868 362 184 57 inquiram
2007 362 92 57 an

1621 417 169 57 quatitas
1748 417 226 57 distinguatur
1931 417 70 57 a
1959 417 85 57 re
1987 417 85 57 quan

1619 456 90 51 ta,
1671 456 90 51 nec
1722 456 141 51 alienum
1825 456 90 51 hic
1876 456 128 51 quaero
1966 456 64 51 a
1979 456 77 51 theo

1617 498 147 58 logia.
1720 498 103 58 tum
1779 498 117 58 quod
1852 498 176 58 Ricardus
1969 498 103 58 Medil

1591 550 164 55 ltonus:
1710 550 149 55 doctor
1814 550 193 55 subtilis,
1963 550 74 55 &
1978 550 89 55 ple-

1547 594 148 57 Qrique
1651 594 118 57 alii
1724 594 162 57 idipsum
1843 594 103 57 hoc
1902 594 118 57 loco
1961 594 103 57 inqui

1299 636 118 47 rant.
1378 636 92 47 Tum
1430 636 145 47 secudo.
1536 636 105 47 quod
1601 636 79 47 ad
1641 636 224 47 intelligendam
1825 636 158 47 materiam
1944 636 105 47 quam
1996 636 66 47 tra

1286 682 176 51 ctamus,
1414 682 192 51 plurimum
1558 682 208 51 conducat.
1719 682 80 51 ⁋
1751 682 144 51 Circa
1847 682 128 51 hanc
1911 682 160 51 materiam

1286 717 131 60 duas
1367 717 147 60 ponam
1466 717 229 60 positiones
1646 717 115 60 cum
1711 717 147 60 earum
1809 717 278 60 solutionibus,
2022 717 49 60 &

1286 760 219 65 succincte:
1459 760 94 65 cu
1505 760 250 65 metaphysicam
1709 760 219 65 tractemus.
1881 760 172 65 Positio
1991 760 78 65 vna

1292 810 130 52 tenet:
1383 810 104 52 quod
1448 810 169 52 quantitas
1578 810 208 52 distinguitur
1747 810 65 52 a
1773 810 78 52 re
1812 810 143 52 quanta:
1916 810 65 52 &
1942 810 91 52 est
1981 810 78 52 vnum

1293 857 177 49 accidens
1426 857 118 49 suum
1500 857 192 49 subiectum
1648 857 192 49 extendens
1796 857 74 49 &
1825 857 163 49 quantum
1929 857 133 49 denomi-

1294 899 127 57 nans:
1379 899 127 57 sicut
1463 899 141 57 albedo
1562 899 99 57 rem
1618 899 127 57 albam
1703 899 198 57 denominat:
1858 899 71 57 &
1887 899 155 57 caetera
1985 899 71 57 ac-

1292 945 188 56 cidentia:
1436 945 130 56 sicut
1523 945 159 56 materia
1638 945 72 56 &
1667 945 130 56 totum
1754 945 202 56 compositum
1898 945 159 56 denominam

1288 986 96 53 tur
1343 986 151 53 quanta:
1453 986 96 53 vel
1508 986 110 53 quia
1577 986 83 53 ei
1619 986 165 53 inhaeret
1742 986 179 53 inhaesiue
1880 986 179 53 quantitas
2004 986 55 53 vt

1289 1034 180 52 aliquibus
1428 1034 152 52 placet:
1538 1034 97 52 vel
1594 1034 111 52 quia
1663 1034 166 52 inhaeret
1788 1034 125 52 eidem
1871 1034 166 52 subiecto
1982 1034 69 52 cui

1295 1079 174 50 quatitas
1425 1079 188 50 inhaeret.
1570 1079 174 50 Probatur
1700 1079 116 50 haec
1772 1079 159 50 positio
1874 1079 188 50 auctoritate

1286 1113 158 60 Arist.
1397 1113 142 60 primo
1492 1113 237 60 Physicorum.
1681 1113 95 60 Si
1728 1113 221 60 substantia
1902 1113 79 60 &
1918 1113 142 60 quantum

1286 1165 110 59 sunt
1355 1165 97 59 duo
1410 1165 110 59 sunt
1479 1165 110 59 quae
1548 1165 124 59 sunt:
1631 1165 69 59 &
1659 1165 97 59 non
1714 1165 110 59 vnum
1783 1165 97 59 est
1838 1165 110 59 quod
1907 1165 110 59 est.
1976 1165 110 59 ergo

1289 1210 161 50 realiter
1409 1210 241 50 distinguuntur.
1610 1210 94 50 Non
1664 1210 121 50 valet
1745 1210 148 50 dicere.
1852 1210 80 50 si
1892 1210 148 50 quantum
1986 1210 67 50 est

1300 1252 112 48 plura
1374 1252 112 48 sunt:
1448 1252 99 48 quia
1510 1252 99 48 pars
1572 1252 112 48 extra
1647 1252 124 48 partem
1734 1252 99 48 est.
1796 1252 62 48 &
1820 1252 87 48 per
1870 1252 174 48 consequens
1994 1252 62 48 plu

1292 1299 86 46 ra
1335 1299 129 46 sunt.
1421 1299 115 46 quia
1493 1299 115 46 tunc
1565 1299 172 46 inaniter
1694 1299 172 46 dixisset
1823 1299 230 46 philosophus:
1996 1299 57 46 si

1282 1341 201 50 substantia
1439 1341 72 50 &
1468 1341 158 50 quantum
1583 1341 129 50 sunt:
1669 1341 100 50 cum
1726 1341 215 50 suffecisset
1898 1341 158 50 dicere:
1999 1341 57 50 si

1294 1386 153 58 quantum
1405 1386 111 58 est.
1475 1386 97 58 Tum
1531 1386 153 58 secundo
1642 1386 139 58 Arist.
1740 1386 139 58 debuit
1837 1386 153 58 probare
1949 1386 139 58 distin

1289 1426 159 55 ctionem
1404 1426 203 55 specificam
1564 1426 145 55 rerum:
1665 1426 72 55 &
1694 1426 101 55 non
1752 1426 203 55 numeralem:
1897 1426 159 55 oppositum

1289 1477 107 46 enim
1356 1477 94 46 num
1409 1477 94 46 qui
1463 1477 107 46 vlli
1530 1477 174 46 sapientes
1663 1477 187 46 voluerunt:
1811 1477 107 46 ergo
1878 1477 161 46 intentio
1985 1477 80 46 phi-

1292 1515 126 65 sophi
1376 1515 112 65 erat
1445 1515 139 65 dicere
1543 1515 112 65 quod
1613 1515 195 65 substantia
1766 1515 126 65 nulla
1850 1515 98 65 est
1892 1515 167 65 quantitas.

1279 1557 118 78 hoc
1347 1557 135 78 idem
1431 1557 152 78 tenet
1532 1557 202 78 vulgaris
1683 1557 168 78 opinio
1801 1557 118 78 tam
1852 1557 202 78 nominalium

1281 1602 193 73 aliquorum
1430 1602 119 73 quam
1504 1602 164 73 realium
1608 1602 179 73 vtrobique.

1277 1664 117 60 ⁋
1323 1664 234 60 Contra
1487 1664 187 60 hanc
1604 1664 304 60 opinionem
1814 1664 234 60 arguitur

1285 1716 156 60 probando
1402 1716 104 60 quod
1467 1716 169 60 quantitas
1597 1716 104 60 ista
1662 1716 91 60 est
1713 1716 182 60 superflua:
1856 1716 117 60 notum
1934 1716 91 60 est
1973 1716 78 60 quod

1270 1761 117 50 ipsa
1343 1761 102 50 non
1402 1761 160 50 ponitur
1518 1761 87 50 vt
1562 1761 102 50 res
1620 1761 146 50 quanta
1722 1761 146 50 habeat
1824 1761 160 50 partes:
1940 1761 117 50 quia
1999 1761 58 50 de

1272 1804 131 51 facto
1360 1804 203 51 intrinsece
1519 1804 116 51 sine
1592 1804 203 51 quantitate
1751 1804 131 51 habet
1838 1804 145 51 plures
1925 1804 131 51 partes.

1286 1846 101 50 Sed
1343 1846 144 50 dices.
1444 1846 231 50 superadditur
1632 1846 101 50 rei
1689 1846 159 50 quantae
1805 1846 87 50 vt
1848 1846 173 50 extendat
1963 1846 87 50 par-

1280 1892 100 49 tes
1337 1892 129 49 eius:
1423 1892 86 49 vt
1466 1892 143 49 lignum
1566 1892 143 49 pedale
1666 1892 200 49 extenditur
1824 1892 186 49 pedaliter
1953 1892 100 49 ratio

1285 1941 90 48 ne
1330 1941 239 48 quantitatis.
1524 1941 75 48 ⁋
1554 1941 105 48 Sed
1614 1941 149 48 contra
1718 1941 105 48 hoc
1778 1941 194 48 arguitur.
1913 1941 134 48 separet

1283 1974 104 61 deus
1348 1974 117 61 totam
1426 1974 117 61 illam
1504 1974 208 61 quantitatem:
1673 1974 156 61 partibus
1790 1974 117 61 ligni
1868 1974 78 61 in
1907 1974 130 61 eisdem
1985 1974 65 61 si-

1288 2024 127 61 tibus
1372 2024 225 61 conseruatis:
1555 2024 98 61 iam
1611 2024 127 61 illud
1696 2024 141 61 lignum
1794 2024 98 61 est
1850 2024 183 61 pedaliter
1977 2024 70 61 ex-

1280 2072 134 55 tensum
1373 2072 107 55 sine
1440 2072 107 55 illa
1507 2072 200 55 quantitate.
1667 2072 107 55 ergo
1734 2072 174 55 superflue
1867 2072 107 55 ipsa
1920 2072 134 55 ponitur.

1282 2109 131 63 mirum
1370 2109 102 63 est
1428 2109 131 63 dictu
1515 2109 116 63 quod
1588 2109 116 63 deus
1660 2109 102 63 non
1719 2109 145 63 possit
1820 2109 174 63 separare
1937 2109 116 63 quanti

1270 2152 129 57 tatem
1356 2152 72 57 a
1385 2152 215 57 substantia:
1557 2152 172 57 partibus
1686 2152 215 57 substantiae
1844 2152 201 57 conseruatis:

1281 2209 206 50 potissimum
1443 2209 103 50 cum
1502 2209 118 50 sint
1576 2209 103 50 duo
1635 2209 191 50 absoluta:
1782 2209 147 50 quorum
1885 2209 147 50 nullum
1973 2209 74 50 est

1283 2250 114 58 pars
1354 2250 186 58 alterius.
1497 2250 100 58 Sed
1554 2250 100 58 hic
1611 2250 143 58 potest
1711 2250 114 58 dici
1782 2250 157 58 admisso
1896 2250 114 58 casu
1953 2250 86 58 quod

1277 2280 185 59 quaelibet
1419 2280 114 59 pars
1490 2280 114 59 erit
1561 2280 213 59 penetratiue
1731 2280 99 59 cum
1788 2280 128 59 alia:
1874 2280 71 59 &
1902 2280 114 59 erit
1959 2280 85 59 pene

1270 2341 182 54 tratiue
1403 2341 99 54 in
1452 2341 132 54 loco
1535 2341 149 54 magno
1634 2341 116 54 vel
1701 2341 165 54 paruo,
1816 2341 149 54 prout
1916 2341 116 54 deo
1965 2341 83 54 pla

1278 2378 155 51 cebit:
1387 2378 124 51 quia
1465 2378 233 51 naturaliter
1651 2378 109 51 non
1713 2378 202 51 loquimur.
1868 2378 78 51 &
1899 2378 140 51 ratio
1976 2378 78 51 est

1274 2419 119 62 quia
1349 2419 193 62 quantitas
1497 2419 134 62 solam
1587 2419 208 62 substantia
1750 2419 179 62 extendit
1884 2419 104 62 per
1929 2419 119 62 funda-

1285 2470 141 41 mentu:
1383 2470 112 41 ergo
1454 2470 112 41 ipsa
1524 2470 155 41 sublata
1636 2470 70 41 /
1664 2470 197 41 substantia
1819 2470 98 41 non
1875 2470 112 41 erit
1932 2470 112 41 exten-

1280 2509 92 58 sa.
1333 2509 106 58 bene
1399 2509 119 58 autem
1478 2509 92 58 est
1530 2509 211 58 extemsibilis
1702 2509 92 58 per
1755 2509 119 58 nouae
1834 2509 198 58 quantitatis
1979 2509 66 58 apu

1276 2556 207 47 positionem.
1442 2556 138 47 Potest
1539 2556 124 47 etiam
1622 2556 111 47 dici
1691 2556 111 47 quod
1760 2556 180 47 quantitas
1898 2556 124 47 datur
1967 2556 83 47 sub-

1274 2603 168 45 stantiae
1400 2603 84 45 vt
1442 2603 98 45 eam
1498 2603 140 45 faciat
1596 2603 168 45 occupare
1722 2603 140 45 locum:
1820 2603 70 45 &
1848 2603 98 45 non
1904 2603 84 45 vt
1946 2603 98 45 eam
1988 2603 56 45 ex

1271 2645 155 61 tendat.
1384 2645 169 61 occupare
1510 2645 113 61 enim
1581 2645 127 61 locum
1665 2645 99 61 est
1721 2645 141 61 alteri
1820 2645 155 61 corpori
1918 2645 127 61 resiste

1263 2693 89 67 re
1308 2693 104 67 nae
1367 2693 119 67 suum
1441 2693 134 67 locum
1530 2693 238 67 ingrediatur.
1723 2693 74 67 &
1753 2693 104 67 hoc
1812 2693 178 67 convenit
1946 2693 89 67 ei
1976 2693 74 67 na
