2307 3323
226 310 111 73 mus
290 310 174 73 ratione
416 310 190 73 suasiua:
559 310 127 73 quia
638 310 127 73 plus
718 310 174 73 videtur
829 310 174 73 quantitas

229 369 69 56 a
257 369 194 56 substantia
409 369 194 56 dependere:
562 369 111 56 quam
631 369 166 56 qualitas
756 369 69 56 a
784 369 208 56 quantitate:
937 369 69 56 cum

221 413 217 56 substantia
392 413 109 56 sit
454 413 140 56 basis
548 413 78 56 &
579 413 140 56 prima
672 413 140 56 causa
765 413 186 56 respectu
889 413 109 56 acci-

227 461 196 52 dentium.
374 461 180 52 septimo
505 461 278 52 Metaphysicae.
733 461 213 52 quantitas
881 461 114 52 autem

229 503 138 56 solum
321 503 108 56 est
382 503 215 56 dispositio
552 503 154 56 media:
659 503 123 56 ergo
736 503 92 56 si
783 503 200 56 quantitas
921 503 77 56 est

233 556 112 46 sine
303 556 183 46 subiecto,
444 556 112 46 idem
514 556 112 46 erit
584 556 84 46 de
627 556 197 46 qualitate.
781 556 197 46 Praeterea.
922 556 84 46 qua-

219 589 127 55 litas
303 589 99 55 est
360 589 197 55 perfectior
514 589 211 55 quantitate.
683 589 113 55 ergo
754 589 84 55 si
796 589 197 55 quantitati
937 589 70 55 non

232 640 180 49 repugnat
367 640 120 49 esse
441 640 120 49 sine
516 640 194 49 subiecto:
666 640 105 49 nec
726 640 194 49 qualitati
860 640 135 49 repugna

230 688 113 46 bit.
301 688 184 46 Perfectio
442 688 198 46 qualitatis
598 688 128 46 super
683 688 213 46 quantitatem
853 688 99 46 sic
896 688 99 46 oster

227 723 149 57 ditur.
331 723 179 57 qualitas
465 723 104 57 est
525 723 149 57 actiua
629 723 164 57 actione
748 723 149 57 reali:
852 723 104 57 qua
897 723 104 57 caret

237 770 199 61 quantitas
390 770 168 61 tenendo
512 770 122 61 eius
588 770 260 61 distinctionem
802 770 76 61 a
818 770 183 61 qualitate-

237 812 104 55 vel
296 812 178 55 secundum
430 812 133 55 aliam
519 812 222 55 positionem,
697 812 193 55 inquantum
830 812 178 55 quantitas.

233 859 203 51 Secundo.
385 859 186 51 angelis
521 859 85 51 &
554 859 203 51 animabus
707 859 254 51 substantiis
893 859 101 51 nobi

231 901 134 54 libus
320 901 193 54 perfectis
469 901 208 54 respondent
632 901 223 54 qualitates,
810 901 104 54 non
869 901 104 54 sic
914 901 89 54 quan

228 944 177 52 titates:
361 944 118 52 quia
435 944 103 52 non
494 944 163 52 oportet
613 944 207 52 nobiliorem
775 944 222 52 substantiam
938 944 59 52 ma

222 988 140 63 iorem
316 988 155 63 habere
424 988 248 63 quantitatem,
626 988 124 63 quod
704 988 140 63 patet
797 988 93 63 de
828 988 171 63 elementis

234 1043 132 47 quae
316 1043 181 47 maiorem
447 1043 165 47 habent
563 1043 263 47 quantitatem:
777 1043 82 47 &
810 1043 148 47 tamen
892 1043 115 47 inter

228 1083 227 56 substantias
410 1083 121 56 sunt
486 1083 167 56 infima.
607 1083 136 56 etiam
698 1083 106 56 per
758 1083 106 56 qua
819 1083 167 56 litates
925 1083 76 56 sub

241 1127 165 49 stantiae
365 1127 178 49 perfectae
502 1127 110 49 suos
570 1127 123 49 fines
653 1127 192 49 attingunt:
803 1127 82 49 vt
844 1127 123 49 beati
913 1127 96 49 spiri

237 1165 94 55 tus
290 1165 94 55 per
344 1165 162 55 visionem
466 1165 67 55 &
493 1165 202 55 dilectionem
655 1165 108 55 dei:
722 1165 94 55 non
776 1165 121 55 autem
857 1165 94 55 per
898 1165 121 55 quanti-

232 1211 153 60 tatem.
339 1211 122 60 ltem
415 1211 184 60 Magister
553 1211 184 60 absolute
691 1211 92 60 in
737 1211 153 60 litera
844 1211 138 60 dicit
920 1211 92 60 acci

247 1262 153 48 dentia
354 1262 122 48 esse
430 1262 137 48 extra
522 1262 214 48 subiectum:
689 1262 76 48 &
720 1262 183 48 ecclesia
857 1262 153 48 vtitur
949 1262 61 48 in

233 1308 146 48 festo
330 1308 195 48 corporis
477 1308 179 48 Curisti
607 1308 130 48 tali
688 1308 130 48 modo
769 1308 211 48 loquendi:
915 1308 98 48 ergo

240 1341 258 60 rationabilius
453 1341 106 60 est
513 1341 152 60 dicere
620 1341 106 60 hic
681 1341 137 60 omnia
772 1341 213 60 accidentia
924 1341 91 60 esse

239 1388 145 54 extra
336 1388 226 54 subiectum.
513 1388 161 54 Potest
626 1388 145 54 tamen
723 1388 177 54 defendi
852 1388 113 54 non
900 1388 113 54 impro

235 1431 190 53 babiliter:
384 1431 108 53 quod
452 1431 149 53 reliqua
560 1431 190 53 accidentia
709 1431 190 53 quantitati
845 1431 162 53 inhaereant

271 1478 95 51 Ex
318 1478 111 51 quo
382 1478 111 51 hae
445 1478 238 51 colligendae
636 1478 127 51 sunt
715 1478 285 51 propositiones.
937 1478 79 51 Cum

239 1519 179 61 species
369 1519 146 61 panis
466 1519 81 61 &
499 1519 130 61 vini
580 1519 179 61 maneant
710 1519 163 61 eaedem
824 1519 130 61 post
889 1519 130 61 conse-

243 1564 201 55 crationem
397 1564 124 55 quae
474 1564 170 55 fuerunt
598 1564 124 55 ante
675 1564 278 55 consecrationem
907 1564 108 55 (vt
954 1564 46 55 i

245 1607 255 57 experientiam
452 1607 175 57 sensuum
579 1607 255 57 cognoscitur)
786 1607 80 57 &
818 1607 111 57 cum
882 1607 127 57 illa
945 1607 64 57 ad

247 1654 184 58 cidentia
385 1654 107 58 non
446 1654 215 58 inhaereant
615 1654 230 58 substantiae
799 1654 138 58 panis
891 1654 77 58 &
907 1654 107 58 vinit

246 1702 119 58 quia
320 1702 104 58 non
380 1702 134 58 sunt:
469 1702 104 58 nec
528 1702 163 58 corpori
647 1702 163 58 Christi
766 1702 208 58 inhaerent:
929 1702 89 58 vt
959 1702 59 58 Ma

252 1751 148 54 gister
356 1751 89 54 in
401 1751 148 54 litera
504 1751 148 54 dicit:
608 1751 74 54 &
638 1751 134 54 bene.
727 1751 119 54 quia
801 1751 119 54 dato
861 1751 148 54 opposito

248 1786 169 50 oportet
371 1786 216 50 qualitates
540 1786 216 50 contrarias
710 1786 200 50 inhaerere
864 1786 139 50 eidem
941 1786 77 50 sub

255 1832 138 54 lecto
347 1832 138 54 primo
439 1832 138 54 etiam
531 1832 92 54 in
577 1832 153 54 summo,
684 1832 123 54 quod
761 1832 230 54 inconuenit.
929 1832 77 54 qui

252 1883 146 49 autem
349 1883 146 49 simul
446 1883 129 49 sint
527 1883 97 49 in
575 1883 146 49 eodem
672 1883 146 49 loco,
769 1883 113 49 non
834 1883 113 49 est
882 1883 146 49 inconue

250 1920 151 53 niens.
356 1920 121 53 quia
432 1920 106 53 sic
492 1920 167 53 oportet
613 1920 151 53 dicere
719 1920 91 53 de
765 1920 151 53 calore
871 1920 76 53 &
886 1920 136 53 frigore

250 1971 90 47 in
295 1971 166 47 corpore
416 1971 166 47 Curisti
536 1971 181 47 secundum
672 1971 181 47 recitata
807 1971 90 47 in
837 1971 181 47 distinctio

252 2008 92 56 ne
298 2008 168 56 decima.
420 2008 107 56 Nec
481 2008 122 56 ista
557 2008 214 56 accidentia
725 2008 168 56 possunt
848 2008 122 56 poni
924 2008 92 56 in
955 2008 76 56 ae-

252 2050 103 59 re,
311 2050 117 59 quod
384 2050 132 59 patet
472 2050 88 59 de
516 2050 234 59 accidentibus
706 2050 234 59 interioribus
882 2050 132 59 hostiae

258 2096 122 50 ergo
334 2096 228 50 necessarium
517 2096 107 50 est
577 2096 152 50 dicere
684 2096 122 50 quod
760 2096 167 50 aliquod
867 2096 152 50 accidens

250 2142 131 50 illic
338 2142 102 50 est
396 2142 131 50 extra
484 2142 204 50 subiectum.
644 2142 175 50 scilicet
775 2142 190 50 quantitas
921 2142 87 50 in
950 2142 73 50 pat

252 2192 93 47 te
299 2192 187 47 centrali
439 2192 187 47 hostiae:
579 2192 109 47 vel
641 2192 140 47 prope
735 2192 171 47 centrum
859 2192 187 47 hostiae.
983 2192 47 47 &

258 2230 103 56 cum
317 2230 103 56 ita
376 2230 103 56 sit
435 2230 88 56 de
479 2230 192 56 aliquibus
627 2230 251 56 accidentibus:
833 2230 192 56 similiter
966 2230 59 56 de

257 2276 183 53 omnibus
390 2276 199 53 dicendum
540 2276 133 53 est:
623 2276 83 53 &
656 2276 116 53 sic
723 2276 233 53 qualitates
889 2276 133 53 coassi

264 2319 137 52 stunt
355 2319 228 52 quantitati:
537 2319 76 52 &
568 2319 106 52 cum
629 2319 122 52 ipsa
705 2319 213 52 miscentur:
872 2319 137 52 sicut
948 2319 76 52 cum

263 2364 190 54 substantia
413 2364 109 54 ante
481 2364 218 54 miscebantur.
658 2364 95 54 sed
712 2364 82 54 ei
753 2364 95 54 non
807 2364 177 54 inhaerent
930 2364 95 54 secun

258 2414 102 46 dum
317 2414 117 46 vnum
390 2414 131 46 modum
477 2414 233 46 praelibatum.
667 2414 175 46 Secundum
798 2414 131 46 alium
885 2414 131 46 autem
958 2414 73 46 non

255 2456 233 54 improbabilem
445 2456 204 54 qualitates
605 2456 204 54 quantitati
766 2456 204 54 inhaerent:
926 2456 73 54 &
941 2456 87 54 sola

256 2492 216 74 quantitas
423 2492 116 74 est
489 2492 150 74 extra
572 2492 200 74 subiectum.

1391 300 118 104 Am
1450 300 118 104 in
1509 300 276 104 quaestione
1706 300 138 104 prae-

1406 377 183 60 cedenti
1539 377 183 60 loquuti
1672 377 149 60 sumus
1755 377 83 60 dem

1393 428 134 61 modo
1477 428 218 61 existendi
1628 428 218 61 accidentium

1361 448 79 88 A
1393 448 95 88 in
1440 448 221 88 sacramento
1598 448 236 88 Eucharistiae.

1384 515 155 63 Irestat
1496 515 169 63 vlterius
1623 515 127 63 loqui
1707 515 84 63 de
1736 515 98 63 eorum

1310 542 146 90 cgqua
1407 542 179 90 actione
1537 542 228 90 adinuicem:
1716 542 81 90 &
1749 542 98 90 in
1781 542 65 90 or

1269 603 170 53 eegaexs
1392 603 77 53 v
1423 603 124 53 dine
1500 603 93 53 ad
1547 603 124 53 alia
1624 603 232 53 accidentia:
1794 603 46 53 &

1075 651 230 50 substantias:
1262 651 101 50 tam
1319 651 101 50 quo
1377 651 86 50 ad
1420 651 245 50 generationem:
1622 651 115 50 quam
1694 651 86 50 ad
1723 651 115 50 corrum

1075 691 201 62 ptionem.
1226 691 84 62 &
1260 691 117 62 hoc
1327 691 185 62 manebit
1461 691 117 62 pro
1528 691 117 62 hac
1595 691 235 62 quaestione
1763 691 84 62 Ter

1070 740 129 45 tia.
1151 740 97 45 Ad
1199 740 129 45 quam
1280 740 259 45 dissoluendam
1490 740 178 45 aliquot
1620 740 146 45 ponam
1700 740 146 45 proposi

1069 779 141 64 tiones
1168 779 113 64 siue
1238 779 225 64 conclusiones
1421 779 85 64 ad
1464 779 155 64 titulum
1576 779 211 64 quaestionis
1731 779 113 64 respon

1058 819 155 65 siuas.
1198 819 109 65 Sit
1260 819 155 65 itaque
1369 819 155 65 omnium
1478 819 217 65 dicendorum
1648 819 124 65 haec
1726 819 140 65 prima
1803 819 47 65 &

1071 869 257 48 fundamentalis
1283 869 212 48 conclusio.
1449 869 212 48 Substantia
1616 869 182 48 producit
1737 869 106 48 acci-

1076 911 143 52 dens:
1172 911 80 52 &
1203 911 143 52 ipsum
1299 911 223 52 corrumpit.
1474 911 175 52 Secunda
1601 911 127 52 pars
1665 911 175 52 probatur,

1061 948 111 58 Nam
1125 948 127 58 aqua
1204 948 207 58 calefacta
1363 948 159 58 remota
1474 948 95 58 ab
1522 948 127 58 igne
1602 948 207 58 corrumpit
1745 948 95 58 calo

1056 1001 120 47 rem.
1131 1001 120 47 Quod
1206 1001 150 47 patet.
1312 1001 90 47 ab
1357 1001 150 47 aliquo
1462 1001 120 47 enim
1537 1001 135 47 calor
1627 1001 241 47 corrumpitur:
1808 1001 45 47 &

1058 1043 111 51 non
1121 1043 158 51 potest
1232 1043 206 51 assignari
1390 1043 142 51 causa
1485 1043 253 51 corruptionis
1691 1043 127 51 eius
1754 1043 95 51 nisi

1074 1086 138 50 forma
1166 1086 260 50 substantialis
1380 1086 138 50 aquae
1472 1086 169 50 (loquor
1595 1086 92 50 de
1641 1086 153 50 causis
1732 1086 123 50 secun-

1085 1134 114 50 dis)
1156 1134 100 50 non
1213 1134 100 50 aer
1270 1134 100 50 qui
1328 1134 214 50 circunstat:
1499 1134 114 50 quia
1570 1134 114 50 stat
1642 1134 129 50 aerem
1727 1134 114 50 esse
1785 1134 71 50 mi-

1073 1178 112 49 nus
1137 1178 192 49 frigidum
1281 1178 144 49 aqua:
1376 1178 80 49 &
1408 1178 144 49 minus
1504 1178 192 49 frigidum
1648 1178 112 49 non
1695 1178 160 49 producit

1074 1219 138 60 magis
1166 1219 200 60 frigidum:
1319 1219 123 60 dato
1396 1219 123 60 quod
1473 1219 154 60 passum
1581 1219 108 60 sit
1642 1219 138 60 magis
1719 1219 138 60 inclina

1082 1264 92 49 tum
1135 1264 79 49 ad
1174 1264 132 49 frigus
1267 1264 106 49 quam
1333 1264 132 49 agens.
1425 1264 79 49 Si
1465 1264 119 49 dicas
1544 1264 66 49 &
1570 1264 198 49 apparenter:
1729 1264 106 49 quod
1782 1264 79 49 gla-

1074 1311 121 48 cies
1149 1311 91 48 in
1195 1311 121 48 aqua
1270 1311 211 48 producitur
1436 1311 91 48 in
1482 1311 136 48 hyeme
1572 1311 91 48 ab
1617 1311 121 48 aere
1693 1311 181 48 frigido,
1814 1311 45 48 &

1078 1355 101 58 est
1135 1355 129 58 maior
1221 1355 201 58 frigiditas
1379 1355 86 58 in
1422 1355 144 58 glacie
1523 1355 115 58 quam
1595 1355 86 58 in
1638 1355 129 58 aere:
1724 1355 101 58 sed
1767 1355 86 58 quia

1074 1395 116 59 aqua
1146 1395 130 59 magis
1233 1395 203 59 inclinatur
1392 1395 87 59 ad
1436 1395 145 59 frigus
1537 1395 116 59 quam
1610 1395 116 59 aer:
1682 1395 101 59 non
1726 1395 130 59 inconve

1076 1441 109 53 nit
1139 1441 140 53 minus
1232 1441 187 53 frigidum
1372 1441 125 53 plus
1450 1441 187 53 frigoris
1590 1441 202 53 producere
1746 1441 93 53 in
1777 1441 78 53 ma-

1080 1485 104 54 gis
1140 1485 209 54 dispositum
1304 1485 89 54 ad
1348 1485 149 54 frigus
1453 1485 119 54 quam
1527 1485 149 54 habeat
1631 1485 119 54 ipse
1706 1485 119 54 aer.
1766 1485 89 54 Dico

1081 1532 222 52 frigiditatem
1261 1532 125 52 illam
1345 1532 97 52 non
1400 1532 153 52 produci
1511 1532 69 52 a
1539 1532 111 52 solo
1608 1532 111 52 aere
1678 1532 166 52 frigido,
1789 1532 69 52 sed

1087 1572 99 63 cum
1144 1572 99 63 noc
1200 1572 85 63 ab
1243 1572 213 63 influentiis
1413 1572 255 63 frigefactiuis:
1626 1572 114 63 quia
1697 1572 99 63 non
1739 1572 114 63 semper

1081 1616 90 51 in
1126 1616 210 51 frigidiore
1291 1616 165 51 tempore
1411 1616 105 51 est
1471 1616 180 51 glacies.
1606 1616 105 51 Sed
1666 1616 150 51 dices.
1756 1616 105 51 totus

1081 1664 102 55 aer
1140 1664 175 55 frigidus
1271 1664 175 55 producit
1401 1664 102 55 hoc
1460 1664 145 55 frigus
1562 1664 87 55 in
1605 1664 145 55 aquam,
1707 1664 73 55 &
1736 1664 116 55 plus
1794 1664 73 55 est

1091 1710 84 50 de
1133 1710 154 50 frigore
1245 1710 84 50 in
1287 1710 112 50 toto
1356 1710 112 50 aere
1426 1710 112 50 quam
1496 1710 84 50 in
1538 1710 98 50 hac
1594 1710 126 50 parua
1677 1710 112 50 aqua
1747 1710 84 50 in
1775 1710 84 50 fine

1078 1750 167 53 motus:
1195 1750 134 53 modo
1279 1750 84 53 a
1312 1750 167 53 maiore
1429 1750 251 53 multitudine
1630 1750 167 53 formae
1730 1750 134 53 proue-

1077 1800 104 57 nit
1137 1800 134 57 maior
1226 1800 149 57 actio:
1330 1800 104 57 non
1390 1800 119 57 enim
1465 1800 209 57 inconvenit
1629 1800 149 57 corpus
1718 1800 149 57 bipedale

1090 1842 160 48 calidum
1207 1842 87 48 vt
1250 1842 174 48 quatuor,
1381 1842 189 48 producere
1527 1842 160 48 calorem
1643 1842 87 48 vt
1687 1842 116 48 octo
1759 1842 87 48 in
1788 1842 73 48 pas

1087 1887 100 54 sum
1144 1887 143 54 pedale
1244 1887 201 54 aequaliter
1402 1887 143 54 densum
1503 1887 100 54 cum
1560 1887 158 54 agente.
1675 1887 100 54 Hoc
1732 1887 100 54 non
1775 1887 86 54 eli-

1094 1930 89 49 dit
1145 1930 191 49 argumentum:
1298 1930 102 49 quia
1362 1930 76 49 si
1400 1930 127 49 nullum
1489 1930 127 49 frigus
1578 1930 115 49 esset
1654 1930 76 49 in
1693 1930 102 49 aere
1756 1930 89 49 sed
1794 1930 64 49 par

1082 1970 93 50 uus
1135 1970 133 50 calor,
1228 1970 106 50 idem
1295 1970 133 50 esset.
1388 1970 93 50 nam
1441 1970 146 50 videmus
1548 1970 120 50 aquam
1627 1970 200 50 frigefieri:
1787 1970 67 50 &
1800 1970 67 50 il-

1094 2012 93 69 lic
1147 2012 119 69 nulla
1226 2012 93 69 est
1279 2012 119 69 danda
1358 2012 119 69 causa
1438 2012 106 69 alia
1504 2012 66 69 a
1530 2012 119 69 forma
1610 2012 212 69 substantiali
1782 2012 106 69 aqua

1091 2059 120 49 Prior
1171 2059 120 49 autem
1251 2059 213 49 conclusionis
1424 2059 107 49 pars
1491 2059 133 49 patet.
1584 2059 93 49 Nam
1637 2059 133 49 frigus
1730 2059 120 49 illic
1797 2059 80 49 pro-

1098 2109 146 59 ducitur
1204 2109 80 59 vt
1244 2109 200 59 experientia
1404 2109 133 59 docet:
1497 2109 67 59 &
1524 2109 93 59 non
1577 2109 120 59 datur
1657 2109 107 59 alia
1724 2109 120 59 causa
1790 2109 80 59 pro-

1096 2150 164 53 ductiua
1216 2150 149 53 illius
1320 2150 179 53 frigoris
1455 2150 120 53 nisi
1529 2150 134 53 forma
1619 2150 149 53 aquae:
1724 2150 120 53 ergo
1783 2150 75 53 ha-

1095 2190 115 62 betur
1172 2190 103 62 tota
1236 2190 180 62 conclusio.
1377 2190 103 62 ldem
1442 2190 128 62 fieret
1531 2190 77 62 in
1570 2190 103 62 igne
1634 2190 77 62 si
1673 2190 115 62 esset
1737 2190 128 62 suscepti

1083 2238 116 49 uus
1149 2238 198 49 frigoris
1297 2238 99 49 ab
1347 2238 149 49 aqua.
1446 2238 182 49 sublata
1578 2238 132 49 enim
1660 2238 132 49 aqua
1726 2238 132 49 frigus

1097 2279 200 54 expelleret
1254 2279 128 54 ignis
1339 2279 71 54 &
1368 2279 157 54 calorem
1482 2279 214 54 produceret.
1653 2279 86 54 ex
1682 2279 185 54 susceptione

1088 2323 127 52 autem
1172 2323 155 52 caloris
1285 2323 84 52 in
1327 2323 112 52 aqua
1397 2323 112 52 male
1467 2323 141 52 aliqui
1566 2323 197 52 concludunt
1706 2323 155 52 susceptio

1092 2369 103 55 nem
1151 2369 177 55 frigoris
1284 2369 88 55 in
1328 2369 133 55 igne.
1417 2369 147 55 varias
1520 2369 118 55 enim
1594 2369 74 55 &
1623 2369 221 55 repugnantes
1785 2369 74 55 na-

1095 2417 133 54 turas
1184 2417 148 54 habent
1287 2417 192 54 elementa.
1435 2417 103 54 nam
1494 2417 118 54 aqua
1568 2417 74 54 &
1597 2417 103 54 duo
1656 2417 118 54 alia
1715 2417 148 54 elementa

1094 2460 106 48 sunt
1160 2460 212 48 infectibilia
1333 2460 93 48 non
1386 2460 120 48 autem
1466 2460 133 48 ignis,
1559 2460 93 48 qui
1612 2460 120 48 aerem
1678 2460 186 48 prestilentem

1095 2507 74 53 &
1125 2507 149 53 sordes
1229 2507 134 53 omnes
1318 2507 193 53 eliminat.
1496 2507 163 53 Secunda
1615 2507 208 53 conclusio,
1764 2507 104 53 acci-

1091 2546 127 53 dens
1171 2546 191 53 producit
1314 2546 191 53 accidens
1457 2546 80 53 &
1489 2546 207 53 corrumpit
1648 2546 207 53 accidens.
1791 2546 80 53 hoc

1103 2593 141 52 patet
1198 2593 110 52 per
1260 2593 236 52 philosophum
1449 2593 173 52 secundo
1575 2593 94 52 de
1622 2593 236 52 generatione
1794 2593 79 52 lo-

1085 2635 171 55 quentem
1210 2635 93 55 de
1256 2635 248 55 qualitatibus
1458 2635 171 55 actiuis
1582 2635 78 55 &
1613 2635 202 55 passiuis.
1768 2635 78 55 &
1783 2635 78 55 pa-

1096 2676 101 69 tet
1153 2676 231 69 experientia.
1341 2676 86 69 In
1384 2676 130 69 super
1470 2676 159 69 ratione
1586 2676 101 69 sic
1643 2676 187 69 arguitur.
1773 2676 101 69 calor
