2340 3311
237 326 105 65 cere
302 326 170 65 accidens:
433 326 91 65 tam
485 326 78 65 in
524 326 78 65 se
564 326 105 65 quam
629 326 118 65 extra
707 326 91 65 se.
760 326 91 65 Per
812 326 65 65 (
838 326 78 65 in
877 326 91 65 se)
916 326 105 65 intel-

235 381 110 49 ligo
304 381 82 49 in
345 381 164 49 materiam
468 381 123 49 suam,
550 381 164 49 secundum
674 381 123 49 illam
756 381 110 49 viam
824 381 205 49 probabilem.
975 381 41 49 &

235 427 86 53 si
278 427 129 53 esset
363 427 129 53 forma
449 427 243 53 substantialis
649 427 129 53 ignis
735 427 100 53 vel
792 427 129 53 aquae
864 427 157 53 separata,

236 470 108 54 quod
304 470 95 54 est
358 470 95 54 deo
413 470 190 54 possibile:
562 470 95 54 non
616 470 135 54 posset
710 470 149 54 calorem
819 470 95 54 vel
873 470 135 54 frigus
968 470 81 54 in

242 513 82 52 se
283 513 192 52 producere:
434 513 109 52 quia
502 513 109 52 ipsa
571 513 96 52 non
625 513 96 52 est
680 513 192 52 susceptiua
831 513 123 52 talis
899 513 123 52 acciden

242 560 109 49 tis:
311 560 96 49 sed
365 560 150 49 materia
475 560 123 49 eius.
557 560 82 49 si
598 560 109 49 enim
666 560 123 49 esset
748 560 191 49 susceptiua
898 560 123 49 talis
966 560 55 49 ac

240 608 175 48 cidentis:
374 608 175 48 reciperet
509 608 121 48 ipsum
590 608 135 48 quando
685 608 162 48 informat
806 608 175 48 materiam:
928 608 94 48 cuius

240 647 182 50 oppositum
380 647 140 50 patet:
477 647 154 50 tenendo
589 647 112 50 quod
659 647 126 50 credo
743 647 140 50 verum:
840 647 112 50 quod
896 647 126 50 videli-

239 691 99 50 cet
295 691 141 50 manent
394 691 197 50 accidentia
549 691 197 50 corporalia
703 691 84 50 in
746 691 141 50 genito
844 691 99 50 qui
886 691 127 50 fuerunt

232 735 83 53 in
274 735 179 53 corrupto.
411 735 69 53 &
439 735 179 53 probabile
577 735 97 53 est
632 735 138 53 multum
729 735 110 53 quod
797 735 97 53 non
853 735 97 53 est
894 735 124 53 ponenda

245 782 130 44 forma
331 782 260 44 corporeitatis:
548 782 231 44 consequenter
736 782 159 44 dicendo
837 782 173 44 accidentia

240 826 106 48 haec
306 826 159 48 materiae
426 826 186 48 inhaerere.
572 826 80 48 Et
612 826 93 48 ita
665 826 173 48 vtrobique
798 826 80 48 de
824 826 186 48 accidentibus

239 871 93 49 non
292 871 172 49 vitalibus
424 871 159 49 dicendum
543 871 106 49 est.
610 871 79 49 In
649 871 172 49 vitalibus
782 871 106 49 enim
848 871 159 49 notitiae
954 871 53 49 vo

235 919 164 54 litiones
359 919 68 54 &
386 919 192 54 nolitiones
537 919 137 54 animae
633 919 192 54 inhaerent:
783 919 68 54 &
811 919 205 54 sensationes
961 919 55 54 ag

234 960 142 57 gregato
337 960 155 57 materiae
453 960 64 57 &
479 960 142 57 animae:
582 960 77 57 vt
621 960 90 57 in.
672 960 103 57 xvi.
736 960 206 57 distinctione
891 960 116 57 secundi

236 1003 197 52 diximus.
384 1003 115 52 Sed
449 1003 115 52 hic
515 1003 99 52 de
565 1003 263 52 accidentibus
779 1003 115 52 non
828 1003 181 52 vitalibus

239 1047 156 62 loquor:
352 1047 71 62 &
381 1047 114 62 dico
452 1047 227 62 consequenter
637 1047 114 62 quod
708 1047 128 62 forma
793 1047 99 62 non
850 1047 99 62 est
892 1047 114 62 susce-

239 1097 124 50 ptiua
322 1097 151 50 talium.
432 1097 96 50 sed
486 1097 124 50 tales
569 1097 137 50 formae
665 1097 192 50 applicatae
816 1097 137 50 alicui
898 1097 124 50 extrin-

238 1139 118 48 seco
312 1139 162 48 possunt
430 1139 162 48 calorem
548 1139 103 48 vel
607 1139 147 48 frigus
710 1139 192 48 producere
857 1139 88 48 in
886 1139 133 48 extrin-

231 1184 150 44 secun,
336 1184 90 44 ac
381 1184 90 44 si
426 1184 150 44 formae
531 1184 180 44 materias
667 1184 240 44 informarent.
862 1184 150 44 quando
952 1184 60 44 au

237 1228 94 52 tem
290 1228 189 52 informant,
439 1228 135 52 citius
533 1228 81 52 in
574 1228 108 52 suam
641 1228 162 52 materiam
763 1228 175 52 producunt
898 1228 108 52 quam
965 1228 81 52 in

238 1273 216 47 extrinsecun:
414 1273 108 47 quia
482 1273 108 47 omne
549 1273 122 47 agens
630 1273 162 47 naturale
752 1273 108 47 plus
819 1273 108 47 agit
887 1273 81 47 in
914 1273 108 47 propin

239 1318 113 53 quum
310 1318 213 53 susceptiuum
480 1318 113 53 suae
551 1318 170 53 actionis
679 1318 113 53 quam
749 1318 85 53 in
792 1318 213 53 extrinsecu.
948 1318 71 53 Vl-

232 1362 136 46 terius
327 1362 149 46 diximus
436 1362 163 46 accidens
558 1362 122 46 posse
639 1362 203 46 partialiter
802 1362 203 46 substantiam
951 1362 68 46 cor

227 1405 173 48 rumpere:
356 1405 72 48 &
385 1405 130 48 nouam
472 1405 187 48 generare:
616 1405 101 48 non
673 1405 86 48 in
716 1405 158 48 virtute
832 1405 173 48 subiecti
947 1405 72 48 cui

237 1448 195 48 inhaesit,
387 1448 105 48 sed
447 1448 150 48 vigore
552 1448 180 48 proprio,
688 1448 105 48 nec
748 1448 210 48 inconvenit
898 1448 120 48 causam

229 1493 169 55 aequocam
356 1493 183 55 partialem
497 1493 99 55 suo
553 1493 155 55 effectu
666 1493 113 55 esse
737 1493 268 55 imperfectiorem.
948 1493 71 55 Am-

245 1545 123 53 plius
327 1545 150 53 diximus
436 1545 109 53 quod
504 1545 136 53 simile
600 1545 82 53 in
641 1545 123 53 forma
723 1545 205 53 accidentali
886 1545 95 53 non
927 1545 82 53 agit

238 1583 85 49 in
280 1583 141 49 omnino
379 1583 141 49 simile
478 1583 99 49 quo
535 1583 85 49 ad
577 1583 212 49 intensionem
747 1583 71 49 &
775 1583 226 49 actiuitatem:
945 1583 71 49 hoc

242 1625 91 64 est
294 1625 209 64 multitudinem
464 1625 144 64 formae.
568 1625 104 64 quia
634 1625 104 64 stat
699 1625 144 64 aliquid
803 1625 104 64 esse
855 1625 157 64 aequaliter

236 1670 168 49 intensum
362 1670 98 49 cum
418 1670 112 49 alio
489 1670 70 49 &
517 1670 126 49 minus
601 1670 168 49 actiuum:
727 1670 112 49 quia
797 1670 98 49 non
854 1670 126 49 tantu
924 1670 98 49 habet

238 1715 89 50 de
283 1715 149 50 forma.
387 1715 89 50 vt
432 1715 89 50 si
477 1715 149 50 essent
581 1715 104 50 duo
640 1715 179 50 corpora:
775 1715 89 50 a.
819 1715 179 50 bipedale
938 1715 75 50 vni

242 1758 174 47 formiter
372 1758 160 47 calidum
488 1758 87 47 vt
532 1758 131 47 octo:
619 1758 73 47 &
648 1758 87 47 b.
691 1758 174 47 bipedale
822 1758 102 47 sic
865 1758 145 47 calidum:

238 1803 82 47 si
279 1803 82 47 a.
320 1803 205 47 condensetur
485 1803 82 47 ad
526 1803 192 47 subduplum,
677 1803 96 47 iam
731 1803 82 47 a.
772 1803 123 47 habet
855 1803 110 47 plus
923 1803 82 47 de
951 1803 68 47 for

238 1845 84 56 ma
280 1845 112 56 quam
350 1845 84 56 b.
391 1845 112 56 immo
461 1845 139 56 tantum
559 1845 84 56 in
601 1845 139 56 duplo.
698 1845 70 56 &
726 1845 98 56 cum
782 1845 98 56 sit
838 1845 126 56 actio
921 1845 70 56 a
935 1845 84 56 for-

238 1890 104 48 ma:
298 1890 104 48 vbi
357 1890 104 48 est
416 1890 119 48 plus
490 1890 89 48 de
535 1890 148 48 forma,
639 1890 119 48 erit
713 1890 134 48 maior
802 1890 148 48 actio.
906 1890 104 48 sed
951 1890 59 48 in

233 1938 99 46 hoc
289 1938 113 46 nunc
360 1938 99 46 non
416 1938 169 46 insisto.
543 1938 183 46 Finaliter
683 1938 155 46 diximus
796 1938 113 46 quod
866 1938 169 46 grauitas
979 1938 42 46 &

235 1982 157 58 leuitas
349 1982 114 58 sunt
420 1982 199 58 accidentia
577 1982 157 58 corpori
691 1982 128 58 graui
776 1982 71 58 &
805 1982 114 58 leui
862 1982 142 58 inhaeren

236 2030 118 52 tia:
310 2030 148 52 quibus
413 2030 177 52 sublatis
546 2030 162 52 corpora
665 2030 103 52 nec
724 2030 118 52 sunt
797 2030 148 52 grauia
901 2030 103 52 nec
945 2030 74 52 le-

244 2071 118 54 uia:
318 2071 132 54 sicut
406 2071 162 54 sublato
524 2071 147 54 calore
627 2071 147 54 corpus
730 2071 103 54 non
789 2071 103 54 est
833 2071 147 54 calidum.

557 2271 159 79 lso
648 2271 250 79 quomodo
807 2271 204 79 accidem

555 2331 121 60 ltia
631 2331 91 60 se
676 2331 152 60 habent
782 2331 106 60 quo
843 2331 91 60 ad
873 2331 137 60 existen

554 2377 137 63 ltiam
645 2377 137 63 extra
737 2377 214 63 subiectum:
905 2377 76 63 &
920 2377 92 63 quo-

559 2426 147 50 modo
651 2426 111 50 ad
706 2426 239 50 actionem:
872 2426 147 50 restat

547 2465 167 65 quarto
664 2465 134 65 loco
748 2465 217 65 inquirere
898 2465 117 65 quomo

530 2493 119 84 quam
604 2493 89 84 do
649 2493 119 84 pati
723 2493 178 84 possint:
856 2493 74 84 &
886 2493 74 84 a
901 2493 119 84 quibus

396 2551 108 68 o.
468 2551 216 68 Vpossint
630 2551 162 68 pati:
739 2551 180 68 semper
847 2551 162 68 loquen-

231 2601 97 53 do
279 2601 113 53 pro
344 2601 178 53 tempore
473 2601 113 53 quo
538 2601 129 53 sunt
619 2601 146 53 extra
716 2601 226 53 subiectum.
894 2601 97 53 Et
926 2601 81 53 pro

238 2652 138 48 llius
330 2652 261 48 intelligentia
544 2652 169 48 habenda
667 2652 169 48 mouetur
789 2652 138 48 talis
866 2652 138 48 titulus

228 2694 239 49 quaestionis.
423 2694 90 49 an
467 2694 105 49 cum
527 2694 120 49 omni
602 2694 224 49 alteratione
782 2694 224 49 accidentium
946 2694 60 49 in

222 2734 240 74 Eucharistia
414 2734 160 74 maneat
526 2734 160 74 corpus
638 2734 192 74 Christi.
782 2734 128 74 Haec
846 2734 160 74 quaestio

1088 323 165 77 supponit
1212 323 110 77 illa
1280 323 192 77 accidentia
1431 323 124 77 posse
1514 323 178 77 alterari:
1651 323 69 77 &
1679 323 151 77 quaerit
1775 323 82 77 quae

1084 383 194 55 alteratio
1233 383 149 55 faciat
1338 383 149 55 corpus
1443 383 164 55 Curisti
1562 383 179 55 desinere
1697 383 120 55 esse
1771 383 90 55 in
1801 383 60 55 Eu

1081 430 212 54 charistia:
1248 430 121 54 quae
1323 430 121 54 vero
1399 430 121 54 non.
1475 430 197 54 Propterea
1626 430 136 54 ponam
1717 430 136 54 circa
1793 430 76 54 hoc

1077 476 147 45 varias
1180 476 250 45 conclusiones,
1386 476 103 45 tam
1444 476 191 45 supposito
1591 476 103 45 qui
1650 476 206 45 quaestioni
1797 476 73 45 re-

1083 516 217 55 sponsuras.
1285 516 140 55 Prima
1378 516 217 55 conclusio,
1549 516 217 55 accidentia
1719 516 93 55 in
1750 516 109 55 Eucha

1090 568 152 55 ristia,
1201 568 152 55 proprie
1311 568 166 55 loquendo
1435 568 110 55 quae
1504 568 110 55 sunt
1573 568 221 55 Eucharistia,
1739 568 124 55 possunt

1083 607 150 47 mutari
1188 607 195 47 probatur.
1338 607 165 47 videmus
1458 607 90 47 in
1504 607 135 47 hyeme
1594 607 165 47 species
1714 607 120 47 vini
1774 607 90 47 fri-

1083 656 140 54 gidas
1177 656 93 54 in
1223 656 217 54 regionibus
1394 656 202 54 frigidis.
1549 656 217 54 quapropter
1720 656 93 54 in
1751 656 109 54 hyeme

1086 698 170 53 apponitur
1217 698 222 53 calefactorium
1400 698 144 53 aliquid
1505 698 79 53 in
1544 698 144 53 altari:
1649 698 79 53 in
1688 698 144 53 aestate
1779 698 79 53 vero

1078 740 160 50 calidas
1195 740 160 50 species
1311 740 174 50 videmus.
1441 740 102 50 sic
1499 740 87 50 de
1543 740 189 50 speciebus
1688 740 131 50 panis
1760 740 102 50 prope

1083 781 141 52 ignem
1177 781 109 52 vel
1240 781 172 52 remote.
1396 781 172 52 Secunda
1521 781 203 52 coclusio.
1677 781 94 52 si
1709 781 156 52 teneatur

1079 826 105 56 quod
1145 826 171 56 quantitas
1276 826 92 56 est
1329 826 171 56 subiectum
1460 826 184 56 caeterorum
1605 826 210 56 accidentium:
1763 826 92 56 talis

1081 871 160 46 mutatio
1198 871 102 46 est
1256 871 204 46 naturalis:
1416 871 87 46 ac
1460 871 87 46 si
1504 871 146 46 essent
1606 871 204 46 qualitates
1766 871 87 46 in
1795 871 73 46 sub

1081 915 163 53 stantia.
1204 915 95 53 ita
1258 915 109 53 quod
1326 915 122 53 calor
1407 915 122 53 ignis
1489 915 204 53 naturaliter
1651 915 136 53 frigus
1733 915 122 53 hostiae

1083 958 205 54 corrumpit:
1245 958 73 54 &
1274 958 220 54 naturaliter
1450 958 161 54 calorem
1568 958 191 54 producit.
1714 958 103 54 nam
1758 958 103 54 illio

1077 1006 104 55 est
1137 1006 134 55 actio
1226 1006 194 55 naturalis
1375 1006 89 55 ad
1420 1006 119 55 quam
1494 1006 179 55 sufficit
1629 1006 253 55 contrarietas:
1822 1006 45 55 &

1071 1055 216 50 principium
1241 1055 170 50 actiuum
1364 1055 77 50 &
1395 1055 201 50 passiuum.
1581 1055 155 50 Tertia
1673 1055 186 50 conclusio.

1086 1092 147 46 tenendo
1193 1092 107 46 quod
1260 1092 187 46 accidentia
1407 1092 107 46 sint
1474 1092 120 46 omnia
1554 1092 120 46 extra
1634 1092 187 46 subiectum:
1768 1092 94 46 nulla

1088 1136 151 47 creatura
1202 1136 126 47 potest
1290 1136 101 47 illa
1353 1136 177 47 destruere.
1492 1136 164 47 probatur.
1618 1136 101 47 quia
1681 1136 101 47 tunc
1732 1136 126 47 annihila

1084 1179 112 53 ret:
1154 1179 112 53 quod
1224 1179 182 53 creaturae
1364 1179 210 53 impossibile
1532 1179 98 53 est
1588 1179 84 53 ex
1630 1179 126 53 prima
1700 1179 168 53 quaestione

1084 1229 262 42 distinctionis
1300 1229 170 42 primae.
1423 1229 77 42 &
1454 1229 139 42 eodem
1546 1229 123 42 modo
1624 1229 139 42 nulla
1701 1229 154 42 creatura

1084 1273 154 53 potest
1191 1273 169 53 aliquod
1314 1273 185 53 accidens
1453 1273 138 53 illic
1545 1273 215 53 producere:
1714 1273 123 53 quia
1776 1273 92 53 tunc

1082 1314 182 46 crearet.
1218 1314 76 46 &
1249 1314 106 46 sic
1309 1314 182 46 dicendum
1446 1314 106 46 est
1506 1314 91 46 de
1552 1314 212 46 quantitate
1703 1314 152 46 secundum

1081 1357 135 63 omnem
1171 1357 135 63 viam,
1261 1357 120 63 quia
1335 1357 105 63 est
1395 1357 135 63 extra
1485 1357 209 63 subiectum.
1679 1357 150 63 Quarta
1769 1357 90 63 com-

1084 1402 149 52 clusio.
1193 1402 108 52 deus
1260 1402 135 52 tamenm
1355 1402 189 52 annihilat:
1504 1402 68 52 &
1531 1402 122 52 creat
1612 1402 189 52 accidentia
1760 1402 95 52 que
1801 1402 54 52 ap

1093 1444 143 56 parent
1193 1444 86 56 in
1236 1444 229 56 Eucharistia,
1422 1444 158 56 tenendo
1537 1444 115 56 quod
1609 1444 186 56 quantitas
1752 1444 100 56 est
1795 1444 72 56 res

1091 1491 143 60 quanta:
1195 1491 91 60 vel
1247 1491 104 60 quod
1312 1491 208 60 distinguitur
1481 1491 65 60 a
1507 1491 78 60 re
1546 1491 143 60 quanta:
1650 1491 65 60 &
1676 1491 91 60 non
1728 1491 91 60 est
1767 1491 104 60 subie-

1086 1519 103 75 ctum
1150 1519 205 75 accidentium:
1317 1519 90 75 sed
1368 1519 90 75 cum
1420 1519 90 75 eis
1471 1519 192 75 coassistit,
1625 1519 167 75 probatur.
1741 1519 115 75 videmus

1083 1582 132 46 illic
1171 1582 146 46 aliqua
1273 1582 205 46 accidentia
1434 1582 175 46 destrui:
1566 1582 73 46 &
1595 1582 146 46 aliqua
1697 1582 175 46 produci:
1814 1582 44 46 &

1077 1623 104 52 non
1137 1623 75 52 a
1167 1623 179 52 creatura
1301 1623 134 52 vlla.
1390 1623 119 52 ergo
1465 1623 75 52 a
1495 1623 119 52 deo.
1599 1623 149 52 Quinta
1689 1623 179 52 conclusio.

1086 1669 151 48 corpus
1191 1669 166 48 Christi
1312 1669 121 48 stat
1388 1669 106 48 sub
1448 1669 196 48 aliquibus
1599 1669 241 48 accidentibus
1780 1669 75 48 sub

1083 1713 145 51 quibus
1185 1713 102 51 non
1243 1713 262 51 consecrabatur:
1461 1713 102 51 nec
1519 1713 160 51 propter
1636 1713 189 51 aliquorum
1766 1713 102 51 acci-

1079 1757 150 51 dentium
1188 1757 190 51 desitionem
1338 1757 150 51 desinit
1447 1757 122 51 illic
1528 1757 109 51 esse
1596 1757 95 51 cum
1650 1757 136 51 aliis.
1732 1757 136 51 Probatur

1081 1804 114 47 haec
1152 1804 185 47 conclusio
1295 1804 100 47 quo
1352 1804 86 47 ad
1394 1804 157 47 priorem
1509 1804 157 47 partem.
1623 1804 143 47 hostia
1722 1804 143 47 potest
1808 1804 57 47 ca

1084 1847 158 56 lefieri
1198 1847 172 56 paululum
1327 1847 100 56 vel
1385 1847 201 56 frigefieri
1543 1847 115 56 post
1614 1847 258 56 consecrationem
1815 1847 43 56 a

1073 1890 112 55 deo
1137 1890 112 55 vel
1201 1890 191 55 creatura
1344 1890 191 55 secundum
1487 1890 159 55 varias
1599 1890 223 55 opiniones:
1774 1890 80 55 &
1790 1890 64 55 ta

1076 1935 110 50 men
1139 1935 142 50 adhuc
1234 1935 142 50 manet
1329 1935 142 50 illic
1423 1935 158 50 corpus
1534 1935 189 50 Christi,
1676 1935 126 50 quod
1739 1935 126 50 probo.

1088 1981 111 52 quia
1157 1981 166 52 alioquin
1282 1981 125 52 esset
1365 1981 166 52 incertum
1490 1981 111 52 quam
1559 1981 97 52 diu
1615 1981 125 52 esset
1698 1981 97 52 ibi
1739 1981 111 52 corpus

1091 2026 157 62 Christi:
1209 2026 79 62 cu
1248 2026 92 62 per
1301 2026 79 62 te
1340 2026 144 62 desinat
1445 2026 118 62 illic
1524 2026 105 62 esse
1589 2026 144 62 propter
1694 2026 144 62 quodcum
1786 2026 79 62 quod

1083 2070 144 46 nouum
1179 2070 208 46 accidens.
1339 2070 176 46 Secunda
1467 2070 128 46 pars
1546 2070 160 46 patet.
1658 2070 160 46 potest
1754 2070 96 46 este

1087 2115 127 49 parua
1172 2115 170 49 remissio
1299 2115 184 49 albedinis
1440 2115 71 49 /
1468 2115 184 49 rubedinis
1610 2115 71 49 /
1638 2115 155 49 saporis
1751 2115 71 49 /
1765 2115 85 49 humi

1074 2164 164 51 ditatis
1193 2164 104 51 vel
1253 2164 224 51 siccitatis:
1432 2164 75 51 &
1462 2164 134 51 adhuc
1551 2164 164 51 manebit
1670 2164 149 51 corpus
1760 2164 89 51 Chri

1078 2205 106 46 sti
1139 2205 106 46 sub
1199 2205 197 46 speciebus
1351 2205 258 46 remanentibus.
1564 2205 182 46 probatur
1700 2205 91 46 vt
1731 2205 121 46 supra.

1080 2245 126 56 immo
1159 2245 188 56 secundum
1300 2245 220 56 positionem
1473 2245 204 56 Godefridi
1629 2245 188 56 Fontani:
1755 2245 94 56 quam

1082 2288 165 54 Burleus
1202 2288 90 54 de
1247 2288 211 54 intensione
1413 2288 180 54 formarum
1548 2288 226 54 insequitur:
1714 2288 135 54 potest:

1083 2332 156 51 manere
1192 2332 156 51 corpus
1301 2332 171 51 Curisti
1426 2332 109 51 sub
1488 2332 156 51 omnino
1597 2332 140 51 aliis
1675 2332 171 51 qualita

1078 2378 146 55 tibus:
1180 2378 160 55 omnibus
1297 2378 175 55 antiquis
1428 2378 102 55 sub
1486 2378 146 55 quibus
1588 2378 116 55 erat
1646 2378 204 55 consecratum,

1075 2426 222 54 corruotis.
1250 2426 159 54 patet.
1361 2426 190 54 secundum
1503 2426 143 54 illam
1598 2426 127 54 viam
1678 2426 174 54 nunquam
1789 2426 63 54 ma

1073 2465 126 51 nent
1152 2465 110 51 duo
1215 2465 157 51 gradus
1325 2465 141 51 mutui
1419 2465 94 51 in
1466 2465 236 51 intensione:
1655 2465 126 51 ergo
1718 2465 141 51 corrun-

1070 2510 129 58 pens
1151 2510 129 58 vnum
1232 2510 162 58 gradum
1345 2510 226 58 albedinis:
1523 2510 146 58 totam
1620 2510 210 58 albedinem
1765 2510 81 58 Eu-

1080 2554 207 56 charistiae
1243 2554 192 56 corrupit.
1391 2554 74 56 &
1421 2554 104 56 sic
1480 2554 89 56 de
1524 2554 178 56 rubedine
1658 2554 89 56 in
1687 2554 163 56 speciebus

1072 2608 138 47 vini:
1164 2608 77 47 &
1195 2608 138 47 eodem
1287 2608 123 47 modo
1364 2608 92 47 de
1410 2608 215 47 siccitate,
1579 2608 215 47 humiditate
1748 2608 77 47 &
1764 2608 92 47 sapo

1077 2647 94 55 re.
1130 2647 80 55 de
1170 2647 201 55 rotunditate
1331 2647 120 55 autem
1411 2647 120 55 loqui
1491 2647 94 55 non
1545 2647 160 55 oportet:
1665 2647 107 55 quia
1732 2647 107 55 ipsa
1785 2647 67 55 non

1079 2690 218 66 distinguitur
1257 2690 68 66 a
1284 2690 82 66 re
1325 2690 164 66 rotunda:
1447 2690 123 66 sicut
1529 2690 95 66 nec
1584 2690 109 66 vlla
1652 2690 136 66 figura
1733 2690 123 66 distin-

1078 2731 142 67 guitur
1177 2731 71 67 a
1206 2731 85 67 re
1248 2731 185 67 figurata.
1419 2731 128 67 Sexta
1504 2731 199 67 conclusio.
1660 2731 142 67 aliqua
1745 2731 114 67 potest
