2308 3314
180 292 177 66 aliquid
308 292 145 66 lucis
405 292 193 66 habeant.
549 292 129 66 quod
630 292 161 66 probo.
742 292 161 66 quando
839 292 129 66 astro:

191 350 126 62 nomi
270 350 157 62 dicunt
380 350 126 62 quod
458 350 189 62 possumus
600 350 157 62 videre
710 350 173 62 aliquid
836 350 126 62 ante
898 350 79 62 or-

187 390 103 54 tum
246 390 132 54 solis
334 390 103 54 ad.
393 390 147 54 xviii.
496 390 147 54 gradus
598 390 117 54 vel.
672 390 117 54 xxx.
745 390 103 54 non
789 390 191 54 intelligunt

196 441 140 47 solum
290 441 109 47 sub
352 441 218 47 aequatore:
524 441 109 47 sed
586 441 94 47 in
633 441 156 47 vltimo
742 441 172 47 climate
867 441 109 47 hoc
914 441 62 47 ha

201 487 106 56 bet
262 487 137 56 verum
353 487 76 56 &
383 487 91 56 in
429 487 289 56 postclimatibus:
672 487 91 56 vt
718 487 198 56 experimur
870 487 91 56 in
900 487 61 56 ab

192 529 144 59 quibus
292 529 130 59 locis
379 529 303 59 septentrionalibus
638 529 159 59 nostrae
754 529 159 59 Scotiae
855 529 115 59 Britam

197 571 128 55 niae:
282 571 100 55 vix
339 571 114 55 enim
410 571 157 55 habebis
524 571 114 55 duas
596 571 128 55 horas
681 571 142 55 quibus
781 571 128 55 nihil
852 571 128 55 videtur

186 616 69 49 &
214 616 125 49 sicut
297 616 138 49 nostri
394 616 166 49 referunt
518 616 97 49 vix
574 616 138 49 horam.
670 616 69 49 &
698 616 97 49 hoc
753 616 152 49 nominia
850 616 111 49 insula

192 658 99 54 rum
248 658 113 54 apud
319 658 99 54 nos
376 658 198 54 important:
531 658 170 54 scilicet
658 658 113 54 slii
729 658 71 54 &
757 658 141 54 luyce:
856 658 113 54 quae
926 658 85 54 in

194 702 152 55 nostro
300 702 168 55 vulgari
422 702 198 55 diluculum
575 702 76 55 &
605 702 122 55 lux,
681 702 152 55 latine
773 702 198 55 interpreian

193 745 96 55 do
241 745 208 55 vocantur.
401 745 80 55 â‹
433 745 224 55 Respondeo.
608 745 144 55 leges
704 745 144 55 istae
800 745 160 55 maxime
896 745 80 55 dam

196 797 103 49 tur
255 797 133 49 istis
344 797 103 49 qui
403 797 118 49 sunt
477 797 89 49 in
521 797 222 49 climatibus,
699 797 103 49 vel
758 797 103 49 qui
802 797 163 49 recedendo

201 835 147 57 habent
304 835 133 57 decem
393 835 74 57 &
422 835 118 57 octo
496 835 133 57 horas
584 835 103 57 vel
643 835 162 57 viginti
761 835 103 57 pro
805 835 162 57 longissi-

193 880 87 54 mo
236 880 101 54 die
294 880 130 54 anni:
381 880 87 54 vt
424 880 116 54 apud
496 880 159 54 Thylen.
612 880 159 54 Caeteri
728 880 130 54 autem
800 880 174 54 christiant

196 925 146 62 possunt
302 925 93 62 vti
355 925 119 62 aliis
434 925 159 62 regulis,
553 925 132 62 quibus
646 925 79 62 no
685 925 93 62 est
738 925 212 62 insistendum.
897 925 66 62 ist

188 965 112 60 enim
258 965 98 60 non
314 965 154 60 possunt
425 965 154 60 seruare
537 965 98 60 hac
593 965 251 60 constitutionem
788 965 182 60 pontificiam

198 1012 100 55 in.
255 1012 86 55 c.
298 1012 129 55 Nocte
384 1012 157 55 sancta.
498 1012 172 55 superius
627 1012 200 55 recitatam,
784 1012 100 55 nec
841 1012 86 55 ad
870 1012 100 55 illam

206 1057 126 57 vllo
285 1057 126 57 modo
364 1057 237 57 obligantur:
554 1057 190 57 alioquin
696 1057 126 57 toto
775 1057 174 57 dimidio
885 1057 95 57 anni

194 1106 114 54 quo
259 1106 114 54 est
324 1106 114 54 eis
389 1106 114 54 nox
454 1106 81 54 &
486 1106 162 54 hyems,
600 1106 211 54 celebrare
762 1106 114 54 non
811 1106 162 54 possent.

192 1146 120 56 Alii
267 1146 135 56 autem
357 1146 135 56 inter
446 1146 180 56 tropicum
581 1146 209 56 Capricorni
746 1146 75 56 &
776 1146 180 56 circulum
895 1146 75 56 an-

199 1196 194 50 tarcticum
348 1196 164 50 possunt
467 1196 164 50 seruare
587 1196 134 50 eadem
676 1196 119 50 quae
750 1196 104 50 nos
795 1196 179 50 existentes

203 1238 125 54 inter
286 1238 166 54 tropicum
411 1238 139 54 Cancri
508 1238 69 54 &
536 1238 166 54 circulum
661 1238 180 54 arcticum:
800 1238 111 54 quia
855 1238 125 54 similes

199 1286 163 52 hyemes,
318 1286 192 52 aestates,
465 1286 74 52 &
495 1286 163 52 tempora
613 1286 177 52 nobiscum
746 1286 148 52 habent
835 1286 148 52 opposito

199 1326 131 55 modo.
287 1326 102 55 hoc
345 1326 102 55 est
403 1326 145 55 nostra
505 1326 145 55 aestas
607 1326 102 55 est
665 1326 102 55 eis
723 1326 145 55 hyems:
825 1326 73 55 &
839 1326 131 55 econvel

200 1368 97 55 so:
256 1368 70 55 &
284 1368 97 55 ver
339 1368 153 55 nostrum
451 1368 97 55 est
506 1368 97 55 eis
562 1368 181 55 autumnale
701 1368 139 55 tempus
799 1368 70 55 &
827 1368 153 55 contra.
924 1368 56 55 An

200 1415 100 52 vero
263 1415 113 52 illic
338 1415 125 52 aliqui
426 1415 163 52 morentur,
551 1415 113 52 vide.
626 1415 113 52 xvii.
701 1415 138 52 distin.
801 1415 88 52 ii.
838 1415 138 52 sententia

193 1456 111 61 rum.
263 1456 125 61 leges
346 1456 125 61 autem
430 1456 139 61 dantur
527 1456 84 61 de
569 1456 97 61 his
625 1456 111 61 quae
694 1456 167 61 plurimum
806 1456 167 61 contingunt

194 1502 123 54 itur.
276 1502 82 54 de
317 1502 123 54 legi.
399 1502 68 54 &
426 1502 204 54 senatuscom.
590 1502 82 54 l.
630 1502 95 54 Nam
685 1502 82 54 ad
726 1502 95 54 ea.
780 1502 95 54 vbi
821 1502 150 54 iuriscosu

193 1557 103 46 tus
252 1557 147 46 dicit.
355 1557 103 46 nam
414 1557 88 46 ad
458 1557 88 46 ea
502 1557 147 46 potius
605 1557 132 46 debet
693 1557 177 46 adaptari
826 1557 118 46 ius,
885 1557 88 46 quae

206 1595 64 54 &
232 1595 179 54 frequenter
372 1595 64 54 &
398 1595 128 54 facile
487 1595 102 54 quam
551 1595 77 54 ad
589 1595 77 54 ea
628 1595 102 54 quae
691 1595 140 54 perraro
794 1595 166 54 eueniunt:
908 1595 77 54 quia

204 1640 124 53 quae
281 1640 139 53 semel
374 1640 108 53 aut
436 1640 108 53 bis
497 1640 186 53 eueniunt
637 1640 108 53 (vt
699 1640 108 53 ait
745 1640 232 53 Theophrastus:

203 1679 218 62 contennunt
359 1679 233 62 legissatores.

200 1732 110 85 â‹
244 1732 221 85 Contra
399 1732 265 85 secundam
598 1732 353 85 conclusionem
863 1732 110 85 ar-

207 1805 142 56 guitur.
310 1805 155 56 sequitur
427 1805 77 56 ex
465 1805 77 56 ea
504 1805 103 56 quod
569 1805 103 56 quis
633 1805 142 56 septies
737 1805 77 56 in
775 1805 90 56 die
827 1805 129 56 posset
905 1805 77 56 cele

216 1852 121 58 brare
296 1852 148 58 licite.
404 1852 188 58 consequens
551 1852 94 58 est
605 1852 188 58 inauditum:
753 1852 107 58 ergo
807 1852 161 58 anteceden-

212 1904 77 52 no
251 1904 90 52 est
302 1904 181 52 audiendum.
444 1904 219 52 consequentiam
625 1904 129 52 probo.
715 1904 90 52 sit
767 1904 155 52 sacerdos
883 1904 90 52 qui
921 1904 52 52 ce

212 1941 172 52 lebrauit
341 1941 129 52 mane:
427 1941 101 52 iam
485 1941 187 52 deferatur
628 1941 129 52 funus
714 1941 86 52 ad
758 1941 172 52 templum:
872 1941 101 52 secun

204 1985 88 46 do
248 1985 220 46 celebrabit.
424 1985 132 46 dicta
512 1985 117 46 illa
586 1985 132 46 missa
674 1985 191 46 episcopus
821 1985 132 46 forte
894 1985 88 46 acce

206 2029 113 62 det,
277 2029 99 62 iam
333 2029 128 62 debet
419 2029 199 62 celebrare:
575 2029 113 62 quia
646 2029 170 62 occurrit
773 2029 113 62 alia
830 2029 156 62 rationabi

208 2076 103 55 lis
267 2076 147 55 causa.
370 2076 147 55 postea
472 2076 191 55 occurrant
619 2076 176 55 nuptiae.
751 2076 132 55 eodem
838 2076 117 55 modo
897 2076 88 55 pono

216 2121 166 53 quatuor
337 2121 181 53 pauperes
472 2121 151 53 pagos,
578 2121 90 53 vt
623 2121 196 53 contingit
774 2121 151 53 crebro
879 2121 90 53 in
910 2121 75 53 ali

211 2171 140 47 quibus
309 2171 126 47 locis
393 2171 98 47 vbi
450 2171 154 47 distant
562 2171 197 47 parochiani
716 2171 154 47 quinque
829 2171 98 47 aut
885 2171 98 47 sex
927 2171 56 47 mi

218 2204 161 61 liaribus
338 2204 80 61 ab
378 2204 174 61 ecclesia:
512 2204 161 61 sequitur
632 2204 107 61 ergo
699 2204 107 61 quod
766 2204 174 61 presbyter
886 2204 94 61 visi-

204 2259 142 48 tabit
299 2259 142 48 pagos
393 2259 173 48 istorum
520 2259 284 48 parochianorum:
756 2259 79 48 &
788 2259 158 48 quater
882 2259 95 48 cele

213 2295 129 55 brabit.
307 2295 129 55 Insuper
400 2295 152 55 sequitur:
517 2295 94 55 quod
576 2295 105 55 esset
646 2295 70 55 in
681 2295 152 55 facultate
798 2295 140 55 alicuius
891 2295 82 55 damin

214 2340 138 54 venire
311 2340 83 54 ad
352 2340 138 54 diuina
449 2340 97 54 vel
504 2340 111 54 non.
573 2340 69 54 &
601 2340 97 54 per
656 2340 193 54 consequens
808 2340 138 54 posset
891 2340 83 54 esst

218 2381 116 48 causa
295 2381 103 48 meae
360 2381 232 48 celebrationis:
553 2381 64 48 &
579 2381 103 48 quod
644 2381 116 48 sumam
721 2381 129 48 corpus
811 2381 142 48 domini:
915 2381 64 48 &
927 2381 52 48 mi

217 2428 74 48 hi
254 2428 173 48 conferatur
390 2428 124 48 gratia
476 2428 136 48 virtute
575 2428 124 48 operis
662 2428 148 48 operati.
773 2428 62 48 â‹
798 2428 74 48 Ad
835 2428 136 48 primum,
921 2428 62 48 non

220 2472 108 46 satis
292 2472 133 46 lucidum
389 2472 84 46 est
437 2472 96 46 quid
497 2472 84 46 sit
545 2472 145 46 faciendu
654 2472 72 46 in
690 2472 96 46 illo
750 2472 108 46 casu.
822 2472 133 46 videtur
907 2472 60 46 oui

218 2517 176 55 sistendum
354 2517 95 55 sit
408 2517 81 55 in
448 2517 149 55 secunda
557 2517 230 55 celebratione,
746 2517 68 55 &
773 2517 95 55 non
814 2517 162 55 procedendi

212 2561 156 49 vlterius
329 2561 143 49 propter
432 2561 233 49 consuetudinem:
627 2561 65 49 &
653 2561 91 49 sic
705 2561 104 49 erit
770 2561 130 49 status
860 2561 78 49 in
886 2561 91 49 secin

213 2606 103 49 da.
272 2606 132 49 sicut
360 2606 220 49 theologorum
536 2606 132 49 sacra
624 2606 176 49 facultas
756 2606 220 49 Parisiensis
918 2606 73 49 dat

218 2649 262 58 baccalaureandis
439 2649 152 58 ratione
549 2649 138 58 cursus
646 2649 124 58 annum
729 2649 193 58 regentiae:
881 2649 69 58 &
894 2649 97 58 tamen

203 2706 110 60 non
266 2706 142 60 daret
361 2706 126 60 duos
440 2706 142 60 annos
535 2706 110 60 pro
598 2706 174 60 omnibus
724 2706 189 60 cursibus
850 2706 142 60 loannis

1038 293 197 67 Buridani.
1189 293 91 67 Ad
1235 293 136 67 aliud
1325 293 212 67 conceditur
1492 293 121 67 quod
1568 293 242 67 superueniens
1749 293 76 67 est

1035 344 141 59 causa
1129 344 250 59 occasionalis
1332 344 172 59 gratiae
1457 344 141 59 quare
1551 344 172 59 mereor.
1676 344 78 59 &
1708 344 109 59 hoc
1754 344 63 59 pa

1038 387 111 59 tet
1101 387 95 59 de
1149 387 142 59 dante
1244 387 111 59 sex
1307 387 158 59 paruos
1417 387 142 59 albos
1496 387 174 59 ministro.

1186 430 242 86 Vbitatur
1367 430 262 86 praerimo:
1569 430 202 86 quando
1690 430 121 86 quis

1181 482 173 78 lteneatur
1314 482 187 78 celebrare:
1461 482 67 78 &
1487 482 133 78 quando
1580 482 107 78 non.
1634 482 173 78 Respondetur

1173 543 79 61 n
1205 543 111 61 die
1268 543 222 61 parasceues
1443 543 206 61 presbyter
1601 543 111 61 non
1664 543 143 61 debet
1744 543 63 61 ce

1185 584 145 67 lebrare:
1294 584 97 67 quia
1354 584 97 67 tunc
1414 584 145 67 apostoli
1523 584 157 67 latuerunt
1644 584 133 67 propter
1728 584 85 67 metum

1039 631 200 52 iudaeorum.
1196 631 72 52 &
1225 631 114 52 quia
1296 631 129 52 missa
1382 631 186 52 instituta
1525 631 100 52 est
1582 631 86 52 ob
1625 631 172 52 memoriam
1739 631 72 52 pas

1039 676 139 48 sionis
1136 676 195 48 dominicae:
1289 676 125 48 cuius
1373 676 111 48 illo
1442 676 97 48 die
1498 676 97 48 est
1554 676 181 48 specialis
1679 676 125 48 memoria

1036 721 182 53 quaelibet
1176 721 126 53 autem
1260 721 112 53 alia
1330 721 112 53 dies
1400 721 98 53 est
1457 721 196 53 conveniens
1597 721 210 53 celebrationi.

1045 759 176 61 Celebrare
1181 759 135 61 igitur
1275 759 135 61 missam
1370 759 95 61 est
1424 759 189 61 praeceptum
1573 759 216 61 affirmatiuum
1735 759 81 61 pres

1033 809 156 54 bytero.
1146 809 71 54 &
1175 809 241 54 distinguendum
1374 809 99 54 est
1431 809 85 54 de
1473 809 213 54 presbytero:
1644 809 114 54 quia
1715 809 99 54 vel
1757 809 57 54 be

1032 854 175 41 neficium
1164 854 146 41 habet:
1266 854 73 41 &
1295 854 117 41 tunc
1368 854 102 41 est
1426 854 131 41 magis
1514 854 190 41 deuinctus
1645 854 175 41 celebrare:

1036 894 129 49 sicut
1122 894 115 49 enim
1193 894 172 49 seruiens
1322 894 143 49 altari
1422 894 86 49 de
1465 894 143 49 altari
1565 894 143 49 viuere
1666 894 143 49 debet:
1751 894 72 49 sio

1049 941 134 53 viuens
1142 941 80 53 de
1183 941 134 53 altari
1277 941 148 53 seruire
1384 941 121 53 debet
1464 941 134 53 eidem:
1558 941 67 53 &
1585 941 148 53 tenetur
1679 941 134 53 celebran

1042 985 86 51 re
1085 985 101 51 pro
1142 985 115 51 loco
1215 985 72 51 &
1243 985 173 51 tempore.
1373 985 86 51 Si
1416 985 115 51 vero
1488 985 101 51 non
1546 985 144 51 habeat
1633 985 187 51 beneficium,

1043 1032 97 49 hoc
1098 1032 138 49 potest
1195 1032 111 49 esse
1264 1032 221 49 multifariam:
1444 1032 166 49 fortasse
1568 1032 111 49 enim
1637 1032 97 49 est
1679 1032 138 49 paralyti

1033 1074 101 57 cus
1090 1074 72 57 /
1119 1074 145 57 caecus
1221 1074 72 57 /
1250 1074 101 57 vel
1307 1074 159 57 laborat
1423 1074 116 57 alio
1496 1074 145 57 morbo,
1597 1074 87 57 ob
1640 1074 101 57 que
1698 1074 101 57 non
1742 1074 72 57 pot

1041 1121 177 54 commode
1170 1121 225 54 celebrare:
1347 1121 97 54 vt
1395 1121 145 54 morbo
1492 1121 209 54 comitiali
1637 1121 177 54 laborans.

1049 1161 96 52 vel
1104 1161 164 52 effectus
1227 1161 96 52 est
1282 1161 205 52 irregularis
1446 1161 178 52 occidendo
1583 1161 164 52 hominem:
1706 1161 96 52 vel
1761 1161 82 52 in

1042 1217 114 49 alio
1113 1217 114 49 casu
1185 1217 86 49 in
1228 1217 100 49 quo
1285 1217 86 49 no
1328 1217 186 49 consueuit
1471 1217 215 49 dispensari:
1642 1217 100 49 vel
1700 1217 100 49 non
1742 1217 72 49 pot

1043 1256 129 51 adire
1129 1256 244 51 dispensantem:
1329 1256 100 51 aut
1387 1256 258 51 rationabiliter
1602 1256 186 51 praesumit
1731 1256 86 51 quod

1037 1294 129 57 secum
1122 1294 86 57 no
1165 1294 257 57 dispensabitur.
1380 1294 100 57 vel
1437 1294 100 57 est
1494 1294 86 57 ei
1537 1294 129 57 manus
1623 1294 186 57 abscissa:
1752 1294 71 57 tuc

1042 1338 96 58 est
1097 1338 192 58 excusatus.
1248 1338 165 58 alioquin
1372 1338 178 58 scandalum
1509 1338 96 58 est
1564 1338 151 58 aliorum
1674 1338 69 58 &
1687 1338 124 58 irrisio

1042 1386 172 56 assumere
1170 1386 229 56 sacerdotium,
1356 1386 72 56 &
1385 1386 129 56 nuqui
1471 1386 200 56 celebrare:
1628 1386 86 56 si
1671 1386 100 56 diu
1714 1386 100 56 viuat

1045 1428 85 58 si
1087 1428 114 58 enim
1159 1428 142 58 statim
1258 1428 114 58 post
1329 1428 213 58 sacerdotium
1500 1428 185 58 moriatur,
1642 1428 100 58 non
1685 1428 128 58 obstat.

1040 1487 135 46 potest
1135 1487 122 46 tamen
1217 1487 190 46 contingere
1366 1487 81 46 ob
1406 1487 244 46 praedicationem
1596 1487 230 46 quadragesimae:.

1039 1531 100 47 vel
1096 1531 186 47 lectionem
1239 1531 100 47 vel
1296 1531 100 47 pro
1354 1531 115 47 alio
1425 1531 157 47 officio
1540 1531 172 47 obeundo:
1669 1531 115 47 quod
1726 1531 100 47 homo.

1049 1569 90 49 diu
1101 1569 167 49 abstineat
1229 1569 64 49 a
1255 1569 206 49 celebratione
1422 1569 244 49 rationabiliter,
1627 1569 90 49 non
1679 1569 116 49 tamen
1756 1569 90 49 au-

1039 1606 133 48 derem
1128 1606 206 48 sacerdotem
1290 1606 177 48 excusare
1422 1606 74 48 a
1452 1606 177 48 peccato:
1584 1606 88 48 si
1629 1606 103 48 non
1673 1606 147 48 celebret

1040 1652 87 56 in
1083 1652 202 56 praecipuis
1242 1652 159 56 festis:
1358 1652 116 56 nisi
1430 1652 145 56 habeat
1531 1652 188 56 legitimum
1661 1652 159 56 impedimen

1033 1701 127 55 tum:
1113 1701 95 55 vt
1160 1701 95 55 in
1208 1701 143 55 festo
1303 1701 175 55 natalis
1430 1701 175 55 domini,
1557 1701 238 55 pentecoste,
1732 1701 79 55 pa-

1042 1744 139 56 scha,
1134 1744 139 56 festo
1227 1744 185 56 corporis
1366 1744 185 56 Christi,
1505 1744 154 56 omnium
1613 1744 216 56 sanctorum,
1768 1744 46 56 &

1037 1795 252 48 assumptionis
1242 1795 142 48 diuae
1337 1795 205 48 virginis.
1494 1795 79 48 &
1526 1795 142 48 illud
1620 1795 158 48 potest
1715 1795 110 48 robo-

1049 1830 116 56 rari
1121 1830 101 56 per
1179 1830 159 56 maximum
1294 1830 202 56 pontificem
1453 1830 87 56 de
1496 1830 173 56 celebra.
1626 1830 144 56 missa.
1727 1830 87 56 c.
1756 1830 58 56 Do

1042 1874 169 56 lentes.
1164 1874 92 56 S.
1210 1874 138 56 Sunt.
1302 1874 123 56 Sunt
1379 1874 169 56 (inquit
1501 1874 199 56 pontifex)
1654 1874 107 56 qui
1700 1874 123 56 missa-

1034 1929 110 52 rum
1097 1929 189 52 solennia
1239 1929 110 52 vix
1302 1929 205 52 celebrant
1460 1929 158 52 quater
1570 1929 95 52 in
1618 1929 142 52 anno.
1712 1929 79 52 &
1728 1929 79 52 hoc

1041 1966 112 64 est
1105 1966 96 64 ab
1153 1966 96 64 eo
1185 1966 224 64 reprehensum.

1034 2009 109 81 â‹
1078 2009 285 81 Dubitatur
1297 2009 263 81 secundo:
1494 2009 175 81 quis
1603 2009 219 81 possit
1734 2009 88 81 ce

1052 2075 165 57 lebrare:
1176 2075 69 57 &
1203 2075 220 57 eucharistiam
1382 2075 137 57 laicis
1478 2075 206 57 ministrare.
1629 2075 178 57 Respondetur

1046 2120 128 50 solus
1131 2120 170 50 sacerdos
1259 2120 199 50 consecrat.
1415 2120 85 50 de
1458 2120 128 50 summa
1543 2120 170 50 trinita.
1671 2120 71 50 &
1699 2120 114 50 fide
1756 2120 57 50 ca

1049 2161 172 59 tholica.
1178 2161 115 59 cap.
1249 2161 86 59 i.
1292 2161 115 59 siue
1364 2161 215 59 degradatus,
1536 2161 272 59 excommunicatus,
1751 2161 72 59 vel

1043 2205 199 58 quocumque
1196 2205 153 58 genere
1303 2205 138 58 vitii
1395 2205 214 58 irretitus.
1563 2205 168 58 Canones
1685 2205 122 58 vero
1747 2205 77 58 qui

1048 2253 166 56 videntur
1173 2253 138 56 sonare
1269 2253 111 56 quod
1338 2253 97 56 non
1394 2253 207 56 consecrant:
1559 2253 249 56 intelligantur,
1753 2253 69 56 non

1044 2297 80 50 ad
1084 2297 107 50 suam
1151 2297 161 50 salutem.
1271 2297 94 50 hoc
1325 2297 94 50 est
1379 2297 161 50 peccant.
1499 2297 94 50 vt.
1553 2297 147 50 xxiiii.
1660 2297 174 50 quaestio.
1781 2297 40 50 i

1044 2337 88 47 c.
1088 2337 206 47 Audiuimus.
1250 2337 74 47 &
1280 2337 103 47 hoc
1339 2337 88 47 si
1383 2337 191 47 intendant
1530 2337 147 47 facere
1633 2337 118 47 quod
1692 2337 118 47 eccle-

1040 2379 101 50 sia
1097 2379 173 50 intendit
1227 2379 101 50 cum
1285 2379 158 50 materia
1400 2379 158 50 debita.
1515 2379 101 50 hoc
1573 2379 115 50 enim
1645 2379 144 50 semper
1731 2379 101 50 eccle

1042 2426 96 50 sia
1097 2426 152 50 tenuit.
1208 2426 83 50 In
1249 2426 96 50 hoc
1304 2426 124 50 autem
1387 2426 110 50 erat
1456 2426 165 50 haeresis
1580 2426 165 50 magistri
1690 2426 124 50 senten-

1040 2470 154 62 tiarum,
1152 2470 70 62 &
1180 2470 182 62 Vicleffi.
1320 2470 154 62 Insuper
1432 2470 140 62 quando
1529 2470 196 62 degradatus
1669 2470 154 62 ecclesiae

1043 2514 264 50 reconciliatur
1261 2514 78 50 &
1292 2514 280 50 excommunicatus
1525 2514 233 50 absoluitur,
1696 2514 124 50 confi-

1047 2559 107 53 cit
1108 2559 76 53 &
1138 2559 213 53 consecrat:
1306 2559 76 53 &
1336 2559 137 53 tamen
1427 2559 107 53 non
1488 2559 244 53 reordinatur.
1686 2559 91 53 Et
1716 2559 107 53 sicut

1043 2606 137 53 solis
1134 2606 244 53 sacerdotibus
1332 2606 137 53 datur
1423 2606 183 53 potestas
1560 2606 228 53 consecrandi
1728 2606 91 53 cor-

1047 2651 132 57 poris
1135 2651 191 57 dominici:
1282 2651 103 57 ita
1341 2651 132 57 datur
1429 2651 103 57 eis
1487 2651 176 57 potestas
1619 2651 147 57 corpus
1707 2651 103 57 Chri-

1045 2694 106 65 sti
1105 2694 227 65 ministrandi
1287 2694 151 65 aliis.
1393 2694 151 65 Infimi
1499 2694 121 65 enim
1575 2694 182 65 secundum
1696 2694 121 65 Diony
