2362 3325
222 340 99 62 bus
279 340 170 62 temporis
406 340 156 62 dicant.
519 340 142 62 Adieci
619 340 198 62 spartibus)
774 340 156 62 propter
888 340 99 62 eum
930 340 71 62 qui

226 388 212 61 interpolate
395 388 141 61 legit.
494 388 99 61 Sed
551 388 127 61 forte
636 388 141 61 rogas:
735 388 141 61 quando
833 388 141 61 Sortes
918 388 85 61 omit

238 429 97 71 tit
294 429 139 71 dicere
391 429 139 71 horas?
488 429 69 71 &
516 429 139 71 quando
613 429 125 71 primo
697 429 125 71 verum
780 429 97 71 est
835 429 153 71 dicere,
933 429 83 71 Sor-

237 478 100 62 tes
294 478 171 62 omittit:
422 478 114 62 Dico
493 478 114 62 quod
564 478 85 62 si
607 478 142 62 potest
707 478 142 62 dicere
807 478 128 62 horas
892 478 114 62 suas
949 478 57 62 in

227 520 159 54 duabus
339 520 143 54 horis
434 520 80 54 &
466 520 112 54 non
530 520 96 54 in
578 520 159 54 minori
689 520 191 54 tempore:
833 520 112 54 non
881 520 128 54 peccat

236 565 199 60 omittendo
389 565 123 60 ante
465 565 123 60 duas
542 565 169 60 vltimas
665 565 138 60 horas
757 565 153 60 totius
848 565 169 60 temporis:

232 606 97 71 sed
288 606 180 71 quacumque
426 606 125 71 parte
509 606 152 71 illarum
620 606 138 71 duarum
716 606 152 71 labente
827 606 152 71 antequi
924 606 83 71 dice

236 655 91 64 re
281 655 198 64 incipiat,
434 655 168 64 peccat:
556 655 76 64 &
586 655 137 64 magis
678 655 91 64 ac
723 655 137 64 magis
815 655 183 64 secundum
937 655 76 64 ma-

237 694 205 73 gnitudinem
399 694 191 73 temporis.
545 694 73 73 &
575 694 117 73 dato
648 694 147 73 vltimo
751 694 176 73 instanti
883 694 103 73 non
927 694 88 73 esse

228 748 161 53 illarum
345 748 146 53 duarum
447 748 175 53 horarum,
579 748 117 53 nunc
652 748 102 53 non
710 748 161 53 omittit
813 748 204 53 culpabiliter

233 786 75 58 &
263 786 196 58 immediate
413 786 120 58 post
489 786 105 58 hoc
549 786 241 58 culpabiliter
744 786 180 58 omittet:
880 786 105 58 sed
940 786 105 58 non

240 830 147 60 tantum
343 830 88 60 si
388 830 88 60 in
432 830 147 60 vltima
535 830 118 60 hora
609 830 177 60 incipiat
741 830 162 60 dicere:
859 830 162 60 quantum
962 830 59 60 si

253 873 149 64 vtraque
362 873 108 64 hora
429 873 135 64 elapsa
524 873 135 64 dicere
618 873 176 64 incipiat.
753 873 122 64 eodem
834 873 108 64 modo
902 873 81 64 de
929 873 81 64 misi

241 919 84 63 sa
283 919 181 63 audienda,
422 919 98 63 vbi
478 919 112 63 homo
548 919 209 63 deobligatur
715 919 70 63 a
743 919 181 63 praecepto
883 919 84 63 de
910 919 112 63 audien

243 964 93 66 da
289 964 139 66 missa
381 964 185 66 audiendo
520 964 154 66 missam
628 964 123 66 quam
705 964 154 66 audire
813 964 108 66 non
860 964 154 66 tenetur.

249 1009 104 94 ⁋
291 1009 209 94 Tertio
437 1009 271 94 arguitur.
646 1009 250 94 sufficit
812 1009 209 94 cuilibet

242 1080 156 69 dicere
352 1080 219 69 medietatem
524 1080 188 69 horarum,
664 1080 188 69 audiendo
805 1080 141 69 aliam
883 1080 141 69 medieta

238 1121 110 76 tem
301 1121 78 76 a
332 1121 110 76 suo
395 1121 203 76 consocio:
551 1121 125 76 ergo
630 1121 125 76 idem
708 1121 125 76 erit
786 1121 188 76 audiendo
911 1121 110 76 reli-

252 1167 118 72 quam
326 1167 221 72 medietatem:
503 1167 191 72 sufficiet
650 1167 147 72 igitur
753 1167 147 72 audire
856 1167 118 72 duos
915 1167 103 72 dicen

239 1224 112 57 tes
303 1224 144 57 horas
399 1224 144 57 nihil
495 1224 192 57 dicendo.
639 1224 80 57 ⁋
670 1224 240 57 Respondetur
846 1224 176 57 conceden-

253 1258 85 72 do
295 1258 114 72 quod
367 1258 171 72 sufficit
495 1258 142 72 audire
594 1258 114 72 vnam
665 1258 199 72 medietatem
822 1258 114 72 ipso
879 1258 142 72 reliquam

253 1298 213 79 medietatem
420 1298 228 79 proferente:
602 1298 106 79 non
663 1298 121 79 quod
739 1298 182 79 aduertat
875 1298 91 79 ad
906 1298 121 79 quodli

259 1343 98 73 bet
315 1343 140 73 verbum
413 1343 182 73 alterius:
553 1343 112 73 quia
623 1343 98 73 sic
680 1343 98 73 non
736 1343 140 73 potest
834 1343 182 73 aduertere
974 1343 84 73 ad

245 1391 203 67 quodlibet
402 1391 156 67 verbum
511 1391 203 67 proprium:
667 1391 109 67 nec
730 1391 172 67 tenetur
855 1391 125 67 plus
918 1391 109 67 aduer

251 1434 116 69 tere
324 1434 87 69 ad
368 1434 131 69 alium
455 1434 116 69 quam
527 1434 87 69 ad
571 1434 174 69 seipsum:
702 1434 102 69 sed
760 1434 102 69 duo
818 1434 145 69 iuuant
919 1434 87 69 se
963 1434 87 69 in

256 1478 152 71 uicem.
362 1478 137 71 secus
454 1478 107 71 est
515 1478 91 71 de
560 1478 167 71 tribus:
682 1478 137 71 primo
773 1478 152 71 primam
865 1478 167 71 lectionem

248 1527 153 66 psalmi
355 1527 230 66 proferente,
538 1527 168 66 secundo
661 1527 199 66 secundam:
814 1527 77 66 &
844 1527 153 66 tertio
936 1527 92 66 ter-

254 1573 145 57 tiam.
350 1573 80 57 &
382 1573 112 57 hoc
447 1573 145 57 patet
543 1573 96 57 ex
591 1573 257 57 consuetudine
800 1573 96 57 ad
848 1573 129 57 quam
913 1573 112 57 allu-

254 1612 126 65 dunt
333 1612 189 65 carmina.
474 1612 94 65 Si
521 1612 173 65 peregre
647 1612 173 65 pergas:
773 1612 157 65 nunqui
883 1612 94 65 te
914 1612 110 65 iunge

248 1659 178 53 duobus.
377 1659 227 53 Disparibus
555 1659 130 53 raro
636 1659 194 53 trahitur
782 1659 162 53 currus
895 1659 130 53 bene
960 1659 65 53 bo

251 1700 117 68 bus.
324 1700 88 68 Si
368 1700 146 68 dicas:
470 1700 146 68 dicens
573 1700 102 68 cum
631 1700 117 68 alio
704 1700 102 68 non
762 1700 131 68 dixit
850 1700 146 68 horas:
937 1700 88 68 ergo

257 1745 88 70 no
301 1745 102 70 est
360 1745 234 70 deobligatus,
550 1745 234 70 consequentia
740 1745 102 70 est
799 1745 146 70 nulla.
887 1745 146 70 sufficit

257 1787 108 62 enim
325 1787 108 62 quod
393 1787 122 62 alter
474 1787 162 62 dimidium
596 1787 176 62 suppleat.
731 1787 149 62 Dicebam
839 1787 176 62 (sufficit
974 1787 95 62 au-

253 1841 128 52 dire)
338 1841 128 52 quare
424 1841 142 52 surdus
523 1841 100 52 non
580 1841 128 52 debet
666 1841 100 52 cum
723 1841 114 52 alio
794 1841 157 52 legere.
908 1841 85 52 Et
936 1841 100 52 licet

255 1889 107 58 sit
316 1889 169 58 vetitum
439 1889 153 58 legere
546 1889 107 58 cum
607 1889 276 58 excommunicato:
837 1889 77 58 &
852 1889 184 58 excomunica

252 1923 93 61 to
298 1923 140 61 magis
391 1923 171 61 vetitum
515 1923 109 61 sit
577 1923 155 61 legere
686 1923 109 61 cum
748 1923 109 61 non
794 1923 248 61 excommunicato:

265 1963 139 75 tamen
357 1963 139 75 horae
450 1963 124 75 sunt
527 1963 216 75 persolutae
697 1963 139 75 licet
790 1963 108 75 cum
852 1963 170 75 peccato
960 1963 77 75 di-

250 2013 138 62 cantur
347 2013 97 62 Sed
402 2013 138 62 contra
499 2013 125 62 istud
582 2013 180 62 arguitur.
721 2013 111 62 ergo
790 2013 138 62 surdus
887 2013 97 62 non
928 2013 111 62 potest

252 2061 142 64 canere
351 2061 100 64 cum
408 2061 128 64 aliis
494 2061 85 64 in
537 2061 142 64 choro.
636 2061 185 64 cosequens
779 2061 100 64 est
836 2061 157 64 falsum.
935 2061 100 64 cose-

248 2095 180 74 quentia
378 2095 163 74 patet.
492 2095 131 74 quia
574 2095 196 74 nonaudit
721 2095 163 74 alios.
819 2095 212 74 Respondetur

245 2142 178 60 negando
374 2142 292 60 consequentiam:
618 2142 113 60 vix
682 2142 130 60 enim
763 2142 146 60 dabis
861 2142 113 60 ita
909 2142 130 60 surdum

248 2186 117 66 quin
322 2186 146 66 audiat
424 2186 205 66 cantantes.
585 2186 73 66 &
614 2186 132 66 licet
702 2186 117 66 male
775 2186 161 66 audiat,
893 2186 102 66 per
937 2186 102 66 visum

243 2231 127 71 socio
328 2231 99 71 rum
384 2231 156 71 lateris
497 2231 99 71 sui
554 2231 71 71 &
582 2231 184 71 oppositi,
724 2231 198 71 apertionem
879 2231 113 71 oris
936 2231 99 71 perci

245 2288 131 68 piet:
333 2288 73 68 &
362 2288 87 68 ex
406 2288 102 68 hoc
464 2288 204 68 intelliget
624 2288 146 68 quando
726 2288 146 68 canere
813 2288 175 68 oportebit.

246 2320 110 86 ⁋
290 2320 221 86 Quarto
444 2320 287 86 arguitur.
665 2320 221 86 quando
819 2320 176 86 homo
930 2320 154 86 de-

248 2388 149 63 cantat
353 2388 90 63 in
397 2388 134 63 choro
487 2388 104 63 cum
547 2388 149 63 aliis,
651 2388 179 63 interdum
785 2388 239 63 praetermisso
964 2388 75 63 vno

252 2426 154 68 psalmo
359 2426 246 68 sufficienter
559 2426 139 68 dicit
652 2426 154 68 horas:
760 2426 123 68 ergo
837 2426 139 68 prior
913 2426 139 68 conclu-

247 2475 109 64 sio
310 2475 156 64 falsa.
419 2475 219 64 Antecedens
591 2475 156 64 patet.
701 2475 109 64 isi
763 2475 125 64 dato
842 2475 156 64 vltimo
936 2475 109 64 signo

244 2516 196 62 campanae
391 2516 98 62 ad
440 2516 147 62 horas
538 2516 213 62 canonicas
702 2516 196 62 disponat
849 2516 98 62 se
881 2516 164 62 clericus

246 2560 230 63 secundum
419 2560 173 63 modum
534 2560 250 63 consuetum
726 2560 211 63 adeundi
879 2560 192 63 horas,
994 2560 58 63 &

248 2609 140 55 hebdo
342 2609 187 55 madarius
482 2609 156 55 citius
591 2609 233 55 inchoauerit
777 2609 124 55 quam
855 2609 93 55 in
902 2609 124 55 alio
964 2609 78 55 die

243 2645 115 64 ita
308 2645 99 64 vt
358 2645 132 64 vnus
440 2645 181 64 psalmus
572 2645 115 64 sit
638 2645 214 64 absolutus
802 2645 132 64 ante
868 2645 181 64 ingressum

245 2695 185 53 canonici
384 2695 93 53 in
430 2695 170 53 chorum:
554 2695 124 53 tunc
631 2695 124 53 ipse
708 2695 185 53 cantando
847 2695 108 53 cum
909 2695 139 53 aliis
986 2695 62 53 ex

249 2750 110 56 vna
312 2750 141 56 parte
406 2750 141 56 chori
501 2750 236 56 satisfacit.
689 2750 110 56 Hoc
752 2750 126 56 idem
831 2750 189 56 probatur
957 2750 94 56 alia

1078 324 127 60 via.
1158 324 96 60 si
1205 324 239 60 ingrediatur
1396 324 175 60 templum
1524 324 127 60 ante
1603 324 159 60 primum
1699 324 159 60 psalmum:

1077 369 106 59 sed
1137 369 166 59 aliquis
1258 369 91 59 in
1303 369 136 59 causa
1394 369 211 59 necessaria
1560 369 106 59 eum
1621 369 211 59 alloquatur
1787 369 91 59 in

1072 414 127 68 naui
1152 414 207 68 ecclesiae
1311 414 191 68 quousque
1454 414 191 68 finiatur
1597 414 159 68 primus
1693 414 159 68 psalmus:

1074 463 111 53 vel
1138 463 175 53 aliquis
1265 463 111 53 eum
1328 463 223 53 alloquatur
1503 463 95 53 in
1551 463 159 53 choro:
1662 463 111 53 vel
1710 463 143 53 emittat

1076 504 197 55 sanguinem
1227 504 106 55 per
1288 504 136 55 nares
1379 504 106 55 vel
1440 504 152 55 habeat
1546 504 152 55 tussim
1652 504 106 55 vel
1713 504 167 55 aliquid

1067 552 231 51 huiusmodi:
1248 552 181 51 interea
1380 552 148 51 aliis
1479 552 247 51 cantantibus
1677 552 132 51 vnum
1743 552 115 51 psal-

1076 593 121 60 mumn
1152 593 106 60 vel
1212 593 136 60 duos:
1303 593 106 60 iam
1363 593 106 60 non
1424 593 167 60 tenetur
1545 593 136 60 illos
1636 593 151 60 dicere
1727 593 136 60 seorsum

1068 639 113 56 tum
1132 639 178 56 propter
1262 639 291 56 consuetudinem:
1504 639 113 56 tum
1568 639 129 56 quia
1649 639 194 56 cantando
1778 639 81 56 cum

1074 689 132 49 aliis
1162 689 103 49 non
1221 689 161 49 tenetur
1338 689 191 49 quamlibet
1485 689 191 49 lectionem
1631 689 191 49 recitare.
1778 689 73 49 ⁋
1793 689 73 49 Re-

1071 725 234 56 spondetur:
1255 725 100 56 in
1305 725 184 56 casibus
1439 725 150 56 istis
1539 725 117 56 vel
1606 725 217 56 similibus
1756 725 100 56 homo

1078 770 251 59 sufficienter
1283 770 204 59 persoluit
1440 770 141 59 horas
1534 770 173 59 quamuis
1660 770 173 59 psalmum
1770 770 94 59 vnum

1077 815 104 63 vel
1136 815 118 63 duos
1210 815 104 63 nec
1270 815 89 63 in
1314 815 133 63 parte
1403 815 104 63 nec
1462 815 89 63 in
1507 815 118 63 toto
1581 815 148 63 dicat:
1684 815 104 63 non
1729 815 133 63 propter

1087 856 165 62 vinculum
1211 856 193 62 charitatis
1363 856 83 62 in
1404 856 193 62 canonicis:
1556 856 110 62 stat
1625 856 110 62 enim
1694 856 110 62 quod
1749 856 110 62 quili-

1077 909 104 51 bet
1136 909 133 51 eorum
1225 909 104 51 sit
1285 909 89 51 in
1329 909 163 51 peccato
1447 909 178 51 mortali:
1581 909 104 51 sed
1640 909 163 51 propter
1744 909 118 51 vincu-

1075 944 114 59 lum
1140 944 229 59 societatis
1320 944 98 59 in
1369 944 114 59 qua
1434 944 245 59 depromuntur
1630 944 114 59 dei
1696 944 163 59 laudes
1794 944 65 59 pu

1086 991 151 57 blice:
1191 991 121 57 quod
1267 991 106 57 est
1327 991 241 57 rationabile.
1523 991 75 57 &
1553 991 196 57 propterea
1704 991 136 57 nullo
1780 991 90 57 iure

1079 1035 127 62 sunt
1158 1035 190 62 obligati
1301 1035 158 62 facere
1411 1035 174 62 praeter
1538 1035 190 62 communem
1680 1035 158 62 cursum
1775 1035 95 62 homi

1078 1080 126 54 nibus
1162 1080 239 54 contingentem.
1359 1080 98 54 hic
1415 1080 140 54 itaque
1513 1080 168 54 sufficit
1639 1080 112 54 quod
1710 1080 112 54 tota
1766 1080 98 54 multi

1086 1124 117 55 tudo
1159 1124 132 55 nihil
1247 1124 161 55 omittat
1364 1124 88 55 de
1408 1124 175 55 officio:
1539 1124 73 55 &
1569 1124 117 55 quod
1642 1124 146 55 nullus
1729 1124 132 55 notabi-

1086 1165 126 59 liter
1170 1165 168 59 deficiat
1296 1165 84 59 in
1338 1165 98 59 sua
1394 1165 140 59 parte:
1491 1165 140 59 modicu
1589 1165 126 59 autem
1673 1165 168 59 defectum
1785 1165 84 59 alii

1088 1213 171 64 supplent.
1219 1213 158 64 secundum
1338 1213 158 64 cosilium
1456 1213 171 64 apostoli.
1588 1213 118 64 Alter
1667 1213 158 64 alterius
1772 1213 92 64 onera

1086 1254 169 69 portate.
1213 1254 99 69 Sic
1269 1254 127 69 multi
1354 1254 127 69 parui
1438 1254 127 69 casus
1523 1254 211 69 contingunt:
1692 1254 141 69 vtpote
1776 1254 85 69 isti

1096 1297 166 63 recitati
1221 1297 69 63 &
1248 1297 166 63 similes,
1373 1297 83 63 in
1414 1297 138 63 quibus
1511 1297 152 63 sapiens
1622 1297 152 63 diceret
1733 1297 125 63 istos
1802 1297 69 63 non

1089 1342 187 58 obligari:
1233 1342 216 58 quemadmodum
1405 1342 144 58 quando
1506 1342 101 58 duo
1564 1342 144 58 dicunt
1664 1342 144 58 horas,
1765 1342 72 58 &
1780 1342 86 58 vnus

1091 1392 160 56 supplet
1208 1392 116 56 vnam
1280 1392 218 56 medietatem.
1455 1392 102 56 hic
1513 1392 131 56 autem
1600 1392 102 56 vbi
1658 1392 102 56 est
1717 1392 131 56 maior
1789 1392 73 56 nu-

1085 1429 156 69 merus:
1194 1429 124 69 magi
1272 1429 78 69 s
1303 1429 171 69 omissum
1428 1429 93 69 ab
1474 1429 109 69 vno
1537 1429 202 69 suppletur
1692 1429 78 69 a
1708 1429 171 69 multitudi

1083 1472 109 68 ne.
1146 1472 78 68 &
1177 1472 109 68 sic
1239 1472 124 68 homo
1317 1472 109 68 cum
1379 1472 233 68 negligenter
1565 1472 186 68 interdum
1705 1472 140 68 audit
1783 1472 93 68 vnam

1089 1522 180 69 lectionem
1228 1522 97 69 vel
1283 1522 111 69 duas
1352 1522 97 69 sui
1408 1522 139 69 socii:
1505 1522 125 69 adhuc
1588 1522 222 69 sufficienter
1754 1522 111 69 persol

1087 1566 111 66 uit:
1157 1566 111 66 quia
1226 1566 97 66 non
1282 1566 167 66 oportet,
1407 1566 84 66 vt
1449 1566 167 66 diximus,
1575 1566 111 66 quod
1644 1566 139 66 semper
1728 1566 139 66 aduertat

1087 1609 85 63 ad
1129 1609 169 63 propriam
1256 1609 197 63 lectionem.
1411 1609 183 63 Similiter
1552 1609 141 63 surdus
1651 1609 99 63 vel
1707 1609 113 63 alio
1763 1609 113 63 distra

1101 1664 110 61 ctus
1170 1664 178 61 decantans
1307 1664 82 61 in
1348 1664 124 61 choro
1431 1664 96 61 cum
1486 1664 178 61 caeteris,
1623 1664 151 61 dummodo
1733 1664 165 61 secundum

1102 1708 258 50 possibilitatem
1317 1708 158 50 humanam
1431 1708 172 50 rotundam
1561 1708 158 50 faciat,
1675 1708 100 50 hoc
1718 1708 158 50 sufficit.

1094 1744 240 65 Dixi(rotundam)
1293 1744 106 65 quia
1360 1744 93 65 non
1413 1744 186 65 requiritur
1560 1744 106 65 quod
1626 1744 146 65 clerici
1733 1744 93 65 ita
1773 1744 106 65 exacte

1086 1785 170 62 faciant
1209 1785 93 62 vt
1255 1785 108 62 est
1317 1785 108 62 eis
1379 1785 216 62 possibile:
1549 1785 108 62 sed
1611 1785 247 62 consideranda
1796 1785 77 62 est

1098 1834 153 63 humana
1205 1834 214 63 fragilitas
1373 1834 92 63 in
1419 1834 184 63 dicente.
1557 1834 107 63 vbi
1619 1834 138 63 tamen
1710 1834 138 63 esset
1787 1834 92 63 non-

1090 1874 171 62 tabilis
1214 1874 171 62 omissio
1338 1874 109 62 vel
1400 1874 171 62 cognita
1524 1874 248 62 negligentia:
1710 1874 171 62 canonicus

1095 1926 182 66 deberet
1228 1926 116 66 sup
1294 1926 149 66 plere
1377 1926 166 66 omissum.

1101 1979 102 93 ⁋
1141 1979 204 93 Quinto
1284 1979 265 93 arguitur:
1488 1979 204 93 posito
1631 1979 163 93 quod
1713 1979 163 93 Sortes

1099 2051 260 66 beneficiatus
1310 2051 163 66 habeat
1424 2051 293 66 dispensationem
1668 2051 81 66 a
1700 2051 163 66 Romano
1798 2051 81 66 pon

1101 2101 148 58 tifice
1205 2101 89 58 ne
1250 2101 134 58 dicat
1339 2101 134 58 horas
1428 2101 208 58 canonicas.
1591 2101 104 58 sic
1650 2101 148 58 Sortes
1754 2101 104 58 non
1799 2101 89 58 tene

1109 2142 100 55 tur
1166 2142 143 55 dicere
1266 2142 143 55 horas:
1366 2142 71 55 &
1394 2142 129 55 tamen
1480 2142 129 55 habet
1566 2142 214 55 beneficium.
1737 2142 114 55 ergo
1794 2142 86 55 con-

1107 2184 152 59 clusio
1213 2184 152 59 falsa.
1320 2184 76 59 ⁋
1350 2184 244 59 Respondetur.
1548 2184 167 59 aliquid
1670 2184 107 59 est
1731 2184 107 59 hic
1776 2184 107 59 posi-

1097 2227 143 71 tiuum
1192 2227 190 71 humanum:
1335 2227 143 71 aliud
1430 2227 111 71 est
1493 2227 174 71 diuinum
1620 2227 79 71 &
1651 2227 206 71 naturale.
1810 2227 95 71 in

1112 2276 144 66 primo
1208 2276 193 66 pontifex
1353 2276 225 66 dispensare
1529 2276 176 66 potest.
1657 2276 112 66 ius
1722 2276 128 66 enim
1786 2276 96 66 huma

1098 2317 105 67 num
1158 2317 105 67 est
1218 2317 150 67 dicere
1323 2317 90 67 de
1368 2317 105 67 hoc
1428 2317 105 67 vsu
1488 2317 105 67 vel
1549 2317 135 67 illo.
1639 2317 135 67 Circa
1714 2317 165 67 quemlibet

1103 2358 134 65 autem
1192 2358 119 65 vsum
1267 2358 208 65 dispensare
1431 2358 164 65 potest:
1550 2358 104 65 sic
1609 2358 134 65 etiam
1698 2358 89 65 vt
1743 2358 119 65 homo
1803 2358 74 65 non

1109 2408 189 59 teneatur
1251 2408 158 59 dicere
1361 2408 95 59 de
1409 2408 158 59 aliquo
1519 2408 110 59 vsu
1582 2408 95 59 in
1629 2408 158 59 mundo.
1724 2408 158 59 Confirmo

1109 2454 110 57 hoc
1172 2454 173 57 dictum.
1298 2454 157 57 potest
1408 2454 204 57 diminuere
1565 2454 157 57 partem
1676 2454 173 57 horarum
1786 2454 94 57 vsus

1114 2491 132 72 sancti
1206 2491 211 72 Bespondicti:
1378 2491 106 72 ergo
1444 2491 66 72 &
1470 2491 185 72 cuiustibet
1615 2491 119 72 vsus.
1681 2491 198 72 consequentiam

1102 2535 185 71 relinquo
1241 2535 154 71 notam.
1349 2535 216 71 Antecedens
1518 2535 154 71 patet.
1627 2535 124 71 Nam.
1704 2535 108 71 xv.
1750 2535 139 71 psalmos

1110 2580 227 64 matutinarum
1292 2580 152 64 sancti
1398 2580 227 64 Bespondicti
1580 2580 182 64 diminuit
1716 2580 91 64 ad
1747 2580 136 64 numerum

1108 2626 205 74 psalmorum
1266 2626 126 74 vsus
1345 2626 174 74 Romani.
1471 2626 111 74 hoc
1535 2626 126 74 enim
1614 2626 111 74 est
1677 2626 126 74 iure
1740 2626 142 74 decisum

1111 2679 86 56 de
1154 2679 173 56 celebra.
1283 2679 144 56 missa.
1384 2679 115 56 cap.
1456 2679 158 56 secundo
1571 2679 86 56 in
1614 2679 115 56 cle.
1686 2679 101 56 vbi
1744 2679 130 56 datur
1816 2679 72 56 fa-

1115 2715 153 84 cultas
1222 2715 214 84 religiosis
1389 2715 229 84 cardinalium
1573 2715 290 84 contubernalibus
1801 2715 92 84 dice
