2294 3310
428 306 94 65 re
475 306 188 65 secundum
617 306 267 65 consuetudinem
836 306 235 65 cardinalium
1025 306 173 65 quamdiu
1135 306 78 65 cum

441 353 107 57 eis
502 353 137 57 sunt.
593 353 92 57 Et
639 353 92 57 si
685 353 153 57 potest
792 353 168 57 romanus
914 353 183 57 pontifex
1036 353 168 57 dispensa-

439 401 88 49 re
483 401 88 49 in
528 401 133 49 parte
616 401 162 49 horarum
734 401 88 49 de
778 401 103 49 hoc
837 401 118 49 vsu:
911 401 147 49 potest
1014 401 133 49 etiam
1102 401 88 49 de
1132 401 88 49 toto

448 444 120 53 vsu.
523 444 150 53 lterum
628 444 105 53 hoc
688 444 195 53 confirmo.
839 444 210 53 religiosus
1004 444 90 53 ad
1049 444 135 53 curam
1124 444 90 53 ani-

431 487 138 51 marum
523 487 230 51 saecularium
706 487 184 51 perpetuo
844 487 199 51 assumptus
997 487 153 51 potest
1089 487 122 51 dicere

432 535 136 56 horas
522 535 136 56 iuxta
613 535 121 56 vsum
688 535 166 56 illorum
809 535 151 56 quibus
914 535 196 56 conuiuit.
1050 535 166 56 Praeterea

442 581 123 49 ante
518 581 138 49 omnem
610 581 123 49 vsum
687 581 215 49 celebrandi
855 581 92 49 ab
901 581 184 49 ecclesia
1024 581 184 49 institutum

434 628 137 47 nemo
519 628 256 47 obligabatur
724 628 171 47 dicere
844 628 205 47 secundum
998 628 188 47 aliquem
1117 628 103 47 vsum

436 669 119 50 suas
510 669 148 50 horas:
614 669 119 50 ergo
688 669 119 50 vsus
762 669 163 50 dicendi
881 669 104 50 est
940 669 89 50 ab
985 669 178 50 ecclesia
1103 669 104 50 insti

428 708 159 53 tutus:
539 708 79 53 &
571 708 95 53 ab
619 708 95 53 ea
667 708 238 53 approbatus:
857 708 111 53 sed
921 708 143 53 istam
1000 708 223 53 obligationem

431 763 212 48 positiuam
594 763 163 48 potest
708 763 196 48 pontifex
854 763 114 48 pro
920 763 244 48 rationabili
1099 763 114 48 causa

442 798 173 50 tollere.
572 798 159 50 igitur.
687 798 130 50 Forte
774 798 231 50 rationabilis
961 798 130 50 causa
1048 798 101 50 non
1091 798 116 50 dicend

442 847 104 51 est
502 847 164 51 studium
621 847 89 51 in
666 847 149 51 iuuene
770 847 89 51 ad
815 847 164 51 literas
934 847 134 51 apto,
1023 847 89 51 vt
1068 847 89 51 in
1098 847 119 51 erudi-

437 888 117 49 tum
504 888 150 49 virum
604 888 184 49 euadat.
738 888 201 49 Naturale
889 888 150 49 autem
989 888 84 49 &
1022 888 184 49 diuinum
1139 888 84 49 est

439 933 139 47 aliud,
536 933 167 47 scilicet
661 933 97 47 deo
717 933 167 47 seruire.
842 933 97 47 Nam
898 933 125 47 sicut
981 933 181 47 alligatus
1106 933 111 47 altari

429 976 131 48 debet
517 976 87 48 de
561 976 87 48 eo
604 976 160 48 viuere:
721 976 102 48 sic
779 976 87 48 de
823 976 87 48 eo
866 976 146 48 viuens
968 976 160 48 tenetur
1085 976 117 48 illi
1143 976 73 48 de-

430 1021 180 47 seruire:
565 1021 150 47 orando
669 1021 105 47 pro
729 1021 209 47 fundatore,
894 1021 75 47 &
924 1021 105 47 pro
984 1021 105 47 his
1043 1021 150 47 quorum
1133 1021 90 47 fru-

439 1067 108 47 ctus
507 1067 162 47 recipit:
629 1067 108 47 quia
696 1067 95 47 est
750 1067 203 47 colligantia
913 1067 189 47 reciproca.
1061 1067 81 47 ab
1102 1067 108 47 ista
1156 1067 54 47 au

438 1109 107 59 tem
499 1109 184 59 oratione
637 1109 107 59 non
698 1109 153 59 potest
806 1109 184 59 pontifex
944 1109 199 59 absoluere
1082 1109 138 59 benefi-

430 1150 154 52 ciatum.
542 1150 98 52 cum
598 1150 112 52 enim
667 1150 98 52 sit
723 1150 84 52 de
765 1150 112 52 iure
835 1150 154 52 naturae
947 1150 70 52 &
975 1150 154 52 diuino:
1086 1150 84 52 ad
1128 1150 126 52 illud

434 1198 110 49 est
497 1198 204 49 obligatus
654 1198 126 49 ante
733 1198 126 49 omne
811 1198 173 49 humanum
937 1198 126 49 ius:
1016 1198 79 49 &
1047 1198 94 49 eo
1079 1198 141 49 secluso

435 1251 107 48 per
496 1251 276 48 dispensationem
726 1251 153 48 Romani
833 1251 230 48 pontificis,
1017 1251 138 48 manet
1109 1251 92 48 ad
1139 1251 77 48 hoc

443 1290 200 50 obligatus:
600 1290 115 50 puta
672 1290 86 50 ad
715 1290 158 50 aliquas
829 1290 172 50 praeces:
958 1290 115 50 quas
1030 1290 86 50 ad
1058 1290 158 50 discretio

440 1328 91 49 nem
492 1328 104 49 viri
557 1328 169 49 prudentis
687 1328 130 49 dicet:
778 1328 91 49 vel
830 1328 78 49 ad
868 1328 143 49 aliquid
972 1328 169 49 praecibus
1102 1328 143 49 aequiua

440 1376 122 50 lens,
522 1376 81 50 vt
562 1376 217 50 eleemosynam,
738 1376 176 50 ieiunium,
874 1376 95 50 vel
928 1376 149 50 simile.
1036 1376 135 50 Dicis.
1118 1376 108 50 potest

442 1422 183 52 pontifex
579 1422 214 52 dispensare
747 1422 107 52 cum
808 1422 153 52 iuuene
915 1422 92 52 ne
961 1422 137 52 dicat
1052 1422 137 52 horas
1128 1422 92 52 cano

443 1465 130 45 nicas
529 1465 145 45 gratia
630 1465 159 45 studii:
746 1465 116 45 ergo
818 1465 72 45 &
847 1465 101 45 cum
905 1465 188 45 sacerdote
1050 1465 159 45 erudito
1151 1465 72 45 iam

444 1508 141 49 viro:
538 1508 94 49 vt
586 1508 173 49 fructus
711 1508 110 49 sui
774 1508 157 49 studii
884 1508 110 49 iam
947 1508 173 49 amplius
1072 1508 94 49 in
1103 1508 126 49 vulgus

439 1559 182 52 proferat,
579 1559 70 52 &
607 1559 98 52 non
663 1559 196 52 impediatur
817 1559 84 52 in
858 1559 126 52 horis
942 1559 182 52 canonicis
1068 1559 154 52 legendis.

435 1600 238 56 Respondetur
626 1600 238 56 concedendo,
816 1600 111 56 non
880 1600 143 56 tamen
975 1600 143 56 decet
1070 1600 143 56 senem
1150 1600 79 56 cir

428 1646 94 47 ca
475 1646 204 47 huiusmodi
633 1646 283 47 dispensationem
868 1646 220 47 obtinendam
1025 1646 189 47 insistere:

444 1689 104 55 est
503 1689 118 55 enim
577 1689 163 55 peritus
696 1689 89 55 in
740 1689 104 55 vsu
799 1689 178 55 dicendi:
933 1689 74 55 &
962 1689 89 55 in
1007 1689 133 55 breui
1081 1689 133 55 tempore

436 1740 167 47 potest
553 1740 201 47 imponere
704 1740 151 47 finem
805 1740 201 47 dicendis
955 1740 167 47 horis.
1072 1740 100 47 si
1106 1740 117 47 tamen

437 1784 128 40 esset
522 1784 128 40 multu
608 1784 185 40 impeditus
750 1784 100 40 pro
807 1784 85 40 re
850 1784 199 40 spirituali
1006 1784 71 40 &
1035 1784 128 40 vtili
1120 1784 100 40 sic
1163 1784 57 40 vt

441 1823 105 48 non
501 1823 150 48 posset
606 1823 165 48 commode
726 1823 150 48 dicere
831 1823 135 48 horas
920 1823 120 48 illi
995 1823 105 48 rei
1040 1823 180 48 spirituali

442 1870 164 51 vacando:
565 1870 95 51 est
620 1870 68 51 a
647 1870 164 51 dicendis
769 1870 123 51 horis
851 1870 177 51 canonicis
987 1870 191 51 relaxatus,
1124 1870 95 51 sicut

438 1910 67 49 a
464 1910 148 49 ieiunio
572 1910 242 49 quadragesimae.
774 1910 94 49 sed
827 1910 175 49 strictius
962 1910 94 49 hic
1015 1910 188 49 obligatur.
1150 1910 67 49 ie-

437 1954 151 52 iunium
543 1954 121 52 enim
618 1954 136 52 totum
709 1954 106 52 est
769 1954 121 52 pure
845 1954 197 52 positiuum
996 1954 166 52 humanum
1117 1954 91 52 vt
1147 1954 76 52 ca-

434 1994 95 56 ro
482 1994 111 56 sit
545 1994 174 56 domita:
671 1994 79 56 &
703 1994 174 56 impedit
829 1994 142 56 virum
924 1994 190 56 interdum
1066 1994 158 56 multum
1161 1994 63 56 a-

441 2044 169 47 studio:
564 2044 123 47 quia
641 2044 108 47 per
702 2044 139 47 ipsum
795 2044 231 47 attenuantur
980 2044 139 47 vires
1057 2044 169 47 corporis.

432 2084 140 51 secus
526 2084 109 51 est
588 2084 93 51 de
634 2084 140 51 horis
712 2084 171 51 dicendis.

476 2130 190 95 Sexto
602 2130 190 95 capto
729 2130 190 95 sorte
855 2130 147 95 qui
939 2130 147 95 non
1024 2130 190 95 dixit
1129 2130 84 95 ho

438 2216 113 46 ras
503 2216 210 46 canonicas
664 2216 97 46 ex
713 2216 113 46 sua
777 2216 146 46 culpa
874 2216 129 46 isto
955 2216 162 46 mense:
1052 2216 162 46 Arguitur

430 2259 118 58 sic.
504 2259 148 58 Sortes
607 2259 103 58 non
666 2259 162 58 tenetur
784 2259 148 58 dicere
888 2259 133 58 horas
976 2259 162 58 omissas
1094 2259 103 58 sub
1138 2259 74 58 poe

436 2303 84 49 na
478 2303 168 49 peccati.
604 2303 98 49 sed
660 2303 84 49 si
702 2303 154 49 fuisset
814 2303 182 49 obligatus
954 2303 98 49 eas
1010 2303 154 49 dicere,
1122 2303 84 49 ad
1150 2303 70 49 eas

447 2349 183 59 teneretur.
591 2349 118 59 sicut
669 2349 79 59 si
709 2349 131 59 debeam
800 2349 105 59 tibi
866 2349 131 59 centum
957 2349 79 59 in
997 2349 144 59 pascha,
1101 2349 92 59 non
1140 2349 79 59 sol-

429 2396 124 46 uens
506 2396 93 46 ea
552 2396 93 46 in
598 2396 154 46 pascha
706 2396 170 46 elapso,
830 2396 139 46 adhuc
923 2396 154 46 centum
1031 2396 170 46 soluere
1139 2396 77 46 te-

448 2441 136 48 neor:
538 2441 120 48 ergo
614 2441 196 48 conclusio
764 2441 151 48 falsa.
900 2441 241 48 Respondetur.
1096 2441 90 48 in
1126 2441 90 48 argu

445 2477 134 55 mento
535 2477 209 55 implicatur
698 2477 238 55 difficultas,
892 2477 209 55 communiter
1056 2477 89 55 ab
1086 2477 134 55 omnibus

447 2522 147 52 dicitur
553 2522 107 52 quod
620 2522 80 52 si
660 2522 107 52 quis
727 2522 120 52 horas
807 2522 213 52 culpabiliter
980 2522 147 52 omisit:
1087 2522 93 52 non
1127 2522 93 52 tene-

443 2568 100 57 tur
500 2568 100 57 eas
557 2568 157 57 dicere:
671 2568 100 57 sed
728 2568 171 57 sufficit
856 2568 85 57 de
898 2568 214 57 negligentia
1055 2568 171 57 poenitere:

449 2614 72 58 &
477 2614 158 58 aliquam
592 2614 230 58 poenitentiam
779 2614 172 58 assumere
908 2614 101 58 pro
966 2614 129 58 horis
1052 2614 172 58 omissis:
1167 2614 57 58 vt

448 2662 115 49 puta
519 2662 187 49 ieiunium,
663 2662 201 49 orationes,
821 2662 100 49 vel
878 2662 201 49 huiusmodi.
1036 2662 86 49 Et
1065 2662 143 49 probatur

450 2697 102 64 haec
514 2697 178 64 responsio:
654 2697 102 64 quia
718 2697 102 64 dato
781 2697 165 64 opposito,
909 2697 153 64 sequitur
1023 2697 102 64 quod
1087 2697 76 64 in
1112 2697 102 64 pascha

1276 295 74 71 &
1306 295 89 71 in
1350 295 163 71 tempore
1468 295 192 71 laetitiae
1616 295 103 71 ego
1675 295 148 71 tenear
1779 295 148 71 dicere
1882 295 133 71 horas
1956 295 118 71 canoni

1270 366 100 45 cas
1327 366 200 45 hebdomadae
1484 366 171 45 sanctae,
1612 366 71 45 &
1640 366 214 45 tristitiae:
1811 366 114 45 quod
1883 366 100 45 est
1925 366 143 45 inconue-

1275 402 159 44 niens.
1387 402 111 44 Sed
1450 402 127 44 haec
1530 402 143 44 ratio
1625 402 111 44 non
1689 402 175 44 vincit.
1816 402 111 44 Nam
1880 402 159 44 crebro
1975 402 96 44 dico

1278 445 105 50 lam
1338 445 135 50 lucis
1428 445 120 50 orto
1503 445 165 50 sydere.
1623 445 105 50 diu
1683 445 120 50 ante
1757 445 135 50 ortum
1847 445 135 50 lucis
1937 445 105 50 vel
1997 445 105 50 ho-

1276 496 84 51 ra
1318 496 181 51 vndecima:
1457 496 98 51 sed
1513 496 98 51 non
1569 496 98 51 pro
1625 496 112 51 illo
1694 496 139 51 tpore:
1792 496 98 51 sed
1848 496 84 51 ad
1890 496 126 51 ortum
1959 496 98 51 solis

1277 536 156 52 refero.
1390 536 99 52 sic
1447 536 128 52 dicam
1532 536 85 52 in
1575 536 99 52 die
1631 536 156 52 paschae
1745 536 128 52 horas
1830 536 199 52 moestitiae
1972 536 85 52 omis

1272 580 98 57 sas,
1333 580 86 57 pro
1382 580 135 57 tempore
1480 580 171 57 tristitiae
1614 580 61 57 &
1639 580 86 57 non
1688 580 171 57 laetitiae.
1847 580 86 57 Sed
1896 580 122 57 contra
1981 580 86 57 hoc
2018 580 49 57 ar

1275 632 148 45 guitur
1379 632 118 45 sic.
1453 632 178 45 sequitur
1586 632 118 45 quod
1660 632 148 45 teneor
1764 632 148 45 dicere
1868 632 178 45 secundum
1986 632 74 45 ex-

1288 668 137 61 remum
1379 668 198 61 potentiae
1532 668 122 61 meae
1608 668 91 61 in
1654 668 107 61 die
1714 668 168 61 paschae
1836 668 137 61 horas
1913 668 152 61 omissas.

1276 712 213 48 consequens
1443 712 106 48 est
1504 712 258 48 inconveniens.
1716 712 167 48 igitur.
1853 712 213 48 Respondetur.

1286 756 97 48 nec
1342 756 111 48 haec
1411 756 125 48 ratio
1495 756 153 48 vincit.
1606 756 84 48 si
1648 756 111 48 enim
1718 756 139 48 debeam
1815 756 125 48 sorti
1899 756 139 48 centum
1982 756 84 48 sol-

1284 802 163 46 uenda,
1398 802 163 46 teneor
1512 802 98 46 ei
1561 802 179 46 soluere
1691 802 196 46 secundum
1838 802 147 46 bonam
1919 802 147 46 possibi

1281 846 176 46 litatem:
1413 846 132 46 tamen
1501 846 102 46 non
1560 846 146 46 teneor
1662 846 146 46 facere
1765 846 176 46 extremam
1882 846 190 46 diligentiam

1269 890 124 45 mihi
1346 890 232 45 possibilem.
1531 890 108 45 sic
1593 890 170 45 dicetur
1716 890 93 45 in
1763 890 216 45 proposito.
1917 890 139 45 Secundo

1275 940 175 49 arguitur
1407 940 88 49 ad
1451 940 132 49 idem.
1539 940 205 49 sequeretur
1699 940 117 49 quod
1773 940 117 49 ille
1846 940 102 49 qui
1904 940 146 49 omisit
1992 940 73 49 di-

1279 980 120 55 cere
1354 980 134 55 horas
1443 980 90 55 ex
1488 980 134 55 culpa
1578 980 105 55 sua
1638 980 134 55 ferme
1727 980 120 55 tota
1802 980 120 55 vita
1877 980 120 55 sua,
1951 980 75 55 &
1966 980 90 55 nunc

1272 1023 91 49 in
1317 1023 136 49 senio
1408 1023 91 49 ad
1454 1023 106 49 cor
1514 1023 152 49 redit:
1620 1023 197 49 teneretur
1772 1023 136 49 totum
1863 1023 152 49 tempus
1954 1023 106 49 vitae

1272 1069 206 45 transigere
1434 1069 88 45 in
1478 1069 176 45 dicendis
1610 1069 132 45 horis
1699 1069 176 45 omissis.
1831 1069 103 45 hoc
1890 1069 147 45 statim
1993 1069 103 45 ad-

1282 1108 191 60 uersarius
1429 1108 220 60 concederet.
1605 1108 147 60 Tertio
1708 1108 191 60 arguitur.
1855 1108 176 60 omittens
1972 1108 88 60 ieiu

1269 1156 122 56 nium
1345 1156 199 56 ecclesiae
1498 1156 107 56 pro
1559 1156 153 56 certis
1666 1156 153 56 diebus
1773 1156 260 56 determinatis,
1987 1156 107 56 non

1269 1199 168 48 tenetur
1391 1199 168 48 iterato
1513 1199 137 48 illos
1604 1199 122 48 dies
1681 1199 198 48 ieiunare:
1833 1199 122 48 ergo
1894 1199 168 48 similiter

1277 1243 186 50 omittens
1417 1243 155 50 dicere
1526 1243 140 50 horas
1619 1243 109 50 non
1681 1243 171 50 tenetur
1805 1243 109 50 &c.
1867 1243 109 50 sed
1929 1243 109 50 hic
1976 1243 93 50 nega

1277 1288 95 57 to
1325 1288 237 57 antecedente
1514 1288 142 57 nihil
1609 1288 237 57 colligeres.
1798 1288 158 57 Quarto
1892 1288 174 57 arguitur.

1277 1331 204 61 omittens
1430 1331 153 61 leges
1532 1331 136 61 pure
1617 1331 187 61 humanas
1752 1331 289 61 culpabiliter,
1973 1331 85 61 non

1278 1375 166 47 tenetur
1399 1375 106 47 eas
1459 1375 226 47 praeteritas
1640 1375 211 47 adimplere:
1806 1375 121 47 quia
1882 1375 136 47 solum
1957 1375 106 47 obli-

1286 1420 126 56 gant
1365 1420 174 56 homines
1492 1420 111 56 sub
1555 1420 142 56 poena
1649 1420 174 56 peccati
1776 1420 111 56 vel
1839 1420 158 56 poenae
1949 1420 95 56 vt
1981 1420 79 56 ser

1275 1466 176 54 uentur,
1403 1466 112 54 non
1467 1466 96 54 ad
1515 1466 144 54 aliam
1611 1466 256 54 impletionem.
1852 1466 176 54 Concedo
1964 1466 96 54 hanc

1267 1511 220 50 suasionem
1436 1511 271 50 sufficientem
1657 1511 119 50 cum
1724 1511 186 50 communi
1860 1511 135 50 modo
1928 1511 135 50 dicen-

1283 1554 85 53 di
1325 1554 71 53 &
1354 1554 185 53 aequitate
1496 1554 114 53 quod
1567 1554 171 53 omittens
1695 1554 228 53 culpabiliter
1880 1554 142 53 dicere
1965 1554 100 53 horas

1278 1598 109 46 non
1341 1598 171 46 tenetur
1465 1598 140 46 illas
1559 1598 171 46 iterato
1683 1598 171 46 dicere.
1808 1598 78 46 &
1839 1598 140 46 eodem
1932 1598 125 46 modo
1995 1598 62 46 de

1275 1646 181 58 ieiunio.
1411 1646 136 58 Secus
1501 1646 106 58 est
1562 1646 91 58 de
1607 1646 151 58 centum
1713 1646 151 58 scutis
1818 1646 211 58 promissis,
1969 1646 91 58 quae

1283 1689 86 48 de
1326 1689 115 48 iure
1398 1689 158 48 naturae
1513 1689 144 48 debeo:
1614 1689 130 48 licet
1700 1689 173 48 adiectus
1830 1689 101 48 sit
1887 1689 144 48 certus
1974 1689 86 48 ter-

1268 1727 148 63 minus
1366 1727 230 63 positiuus:
1547 1727 115 63 quo
1613 1727 263 63 praetermisso
1826 1727 99 63 ad
1875 1727 148 63 illud
1957 1727 99 63 quod

1276 1776 107 53 est
1337 1776 138 53 legis
1429 1776 169 53 naturae
1551 1776 214 53 deuincior.
1720 1776 92 53 Et
1751 1776 306 53 proportionabiliter

1281 1819 145 52 dicas
1378 1819 97 52 de
1426 1819 210 52 aliquibus
1588 1819 194 52 precibus
1733 1819 129 52 quas
1814 1819 258 52 beneficiatus
2007 1819 65 52 de

1279 1865 103 53 bet
1338 1865 147 53 dicere
1441 1865 88 53 de
1485 1865 117 53 iure
1558 1865 176 53 naturae.
1720 1865 147 53 Contra
1822 1865 132 53 illud
1896 1865 161 53 arguitur.

1284 1909 90 46 ex
1329 1909 196 46 solutione
1479 1909 180 46 sequitur
1615 1909 120 46 quod
1690 1909 180 46 omittens
1825 1909 196 46 confiteri
1976 1909 90 46 in
2006 1909 60 46 pa

1278 1955 125 48 scha
1356 1955 109 48 non
1419 1955 234 48 obligaretur
1606 1955 203 48 confiteri
1762 1955 94 48 in
1809 1955 125 48 toto
1887 1955 125 48 illo
1950 1955 109 48 anno:

1282 1996 122 58 quia
1358 1996 198 58 positiuum
1511 1996 168 58 humanum
1633 1996 107 58 est
1694 1996 198 58 confiteri
1846 1996 107 58 pro
1907 1996 122 58 illo
1968 1996 92 58 tem-

1294 2039 126 51 pore.
1406 2039 224 51 Respondetur:
1588 2039 154 51 quamuis
1701 2039 224 51 concederetur
1883 2039 168 51 illatum:
1995 2039 70 51 dif

1275 2088 178 58 ficulter
1408 2088 104 58 hoc
1468 2088 222 58 impugnares.
1645 2088 104 58 sed
1705 2088 118 58 nego
1779 2088 193 58 sequelam:
1927 2088 118 58 quia
1986 2088 74 58 non

1284 2130 112 48 est
1348 2130 144 48 solum
1444 2130 128 48 vnus
1523 2130 255 48 determinatus
1731 2130 128 48 dies
1811 2130 96 48 in
1859 2130 112 48 quo
1922 2130 128 48 homo
1986 2130 64 48 te

1270 2177 124 52 netur
1353 2177 193 52 confiteri:
1504 2177 96 52 sed
1559 2177 83 52 in
1600 2177 165 52 quolibet
1724 2177 151 52 illorum
1834 2177 138 52 dierum
1917 2177 138 52 confiten

1272 2219 93 48 do
1318 2219 247 48 sufficienter
1519 2219 185 48 adimplet
1658 2219 232 48 praeceptum:
1843 2219 201 48 videlicet
1997 2219 93 48 in

1285 2263 189 46 hebdomada
1431 2263 160 46 sancta,
1547 2263 102 46 vel
1606 2263 87 46 in
1649 2263 160 46 octauis
1766 2263 233 46 paschalibus,
1941 2263 116 46 quaere

1273 2305 103 48 non
1332 2305 103 48 est
1391 2305 161 48 simile.
1537 2305 161 48 Secundo
1654 2305 191 48 arguitur.
1801 2305 88 48 ex
1845 2305 147 48 dictis
1933 2305 117 48 sequi-

1272 2348 123 61 tur:
1349 2348 92 61 si
1395 2348 154 61 sortes
1503 2348 139 61 sciat
1595 2348 92 61 se
1641 2348 154 61 habere
1749 2348 139 61 solum
1841 2348 123 61 vnam
1903 2348 154 61 dimidiam

1278 2396 138 60 horam
1369 2396 138 60 huius
1461 2396 122 60 diei
1537 2396 92 60 in
1583 2396 107 60 qua
1644 2396 183 60 teneatur
1782 2396 153 60 dicere
1889 2396 153 60 horas:
1981 2396 76 60 cum

1279 2446 101 51 non
1336 2446 145 51 possit
1438 2446 101 51 eas
1496 2446 159 51 dicere,
1611 2446 116 51 nisi
1684 2446 87 51 in
1727 2446 101 51 vna
1785 2446 159 51 integra
1901 2446 130 51 hora:
1973 2446 87 51 quod

1275 2482 192 56 sufficiat
1423 2482 89 56 ei
1467 2482 148 56 dicere
1571 2482 133 56 horas
1660 2482 118 56 illa
1734 2482 163 56 dimidia
1852 2482 133 56 hora.
1926 2482 133 56 durante

1285 2534 102 52 qua
1344 2534 131 52 lapsa
1431 2534 102 52 non
1490 2534 160 52 amplius
1606 2534 175 52 teneatur
1738 2534 146 52 dicere
1840 2534 146 52 horas:
1942 2534 117 52 quod
2000 2534 73 52 est

1276 2573 185 46 absonum.
1414 2573 169 46 Declaro
1537 2573 261 46 exemplariter.
1752 2573 154 46 Sortes
1860 2573 138 46 habet
1937 2573 123 46 dicere

1286 2616 152 53 tertiam,
1400 2616 139 53 sextam,
1501 2616 126 53 nonam,
1589 2616 63 53 &
1615 2616 152 53 vesperas
1728 2616 88 53 cum
1779 2616 202 53 completorio,
1930 2616 114 53 acceden

1278 2664 95 56 te
1326 2664 206 56 duodecima
1484 2664 127 56 hora
1563 2664 143 56 nocti
1658 2664 143 56 iuxta
1753 2664 222 56 horologium
1927 2664 95 56 ad
1959 2664 95 56 amus

1287 2707 88 58 sim
1338 2707 126 58 aequum
1426 2707 75 58 vt
1463 2707 151 58 palatii:
1576 2707 151 58 sequitur
1690 2707 101 58 quod
1752 2707 176 58 quamprimum
1891 2707 151 58 audierit
1991 2707 63 58 duo
