2322 3301
478 308 225 64 virtualiter.
661 308 84 64 Et
703 308 127 64 licet
788 308 113 64 sint
858 308 127 64 casus
942 308 84 64 in
985 308 141 64 quibus
1083 308 113 64 homo
1139 308 99 64 horas

477 361 132 59 possit
569 361 250 59 praetermittere:
779 361 79 59 si
819 361 118 59 tamen
898 361 145 59 commode
1003 361 92 59 eas
1056 361 132 59 dicere
1135 361 118 59 possit:

465 400 103 52 non
524 400 191 52 assuescat
671 400 88 52 ad
715 400 118 52 hoc:
789 400 88 52 ne
833 400 88 52 in
877 400 235 52 inconveniens
1068 400 88 52 de
1112 400 88 52 no
1141 400 103 52 dicen

471 444 104 54 dis
531 444 134 54 horis
620 444 134 54 extra
710 444 239 54 excusationem
904 444 194 54 legitimam
1053 444 179 54 incidat.
1172 444 75 54 cum

469 491 108 52 hoc
530 491 138 52 tamen
622 491 108 52 non
684 491 154 52 faciat
792 491 246 52 conscientiam
992 491 92 52 de
1038 491 138 52 horis
1130 491 108 52 non
1176 491 77 52 di-

484 532 113 54 ctis,
559 532 125 54 quando
646 532 150 54 consilio
759 532 163 54 sapientum
884 532 138 54 dicitur
984 532 100 54 esse
1046 532 200 54 rationabilis
1196 532 50 54 ex

475 580 164 53 cusatio.
599 580 178 53 Conuertat
736 580 123 53 etiam
818 580 82 53 se
859 580 110 53 homo
927 580 151 53 quantum
1037 580 151 53 poterit
1146 580 82 53 in
1188 580 96 53 ho-

481 622 103 55 ris
540 622 191 55 dicendis,
687 622 88 55 ad
731 622 205 55 memorialia
892 622 191 55 passionis
1039 622 176 55 Christi:
1156 622 88 55 quia

471 668 90 50 ob
516 668 105 50 hoc
576 668 210 50 institutae
741 668 135 50 sunt:
831 668 90 50 vt
877 668 150 50 dicens
982 668 210 50 matutinas,
1147 668 90 50 in
1177 668 75 50 men

483 718 92 47 te
529 718 169 47 recolat
651 718 169 47 quomodo
774 718 169 47 Chrstus
897 718 107 47 pro
958 718 169 47 nostris
1066 718 184 47 sceleribus

472 756 179 54 damnatus
606 756 119 54 est.
681 756 75 54 &
711 756 104 54 ita
770 756 89 54 in
815 756 134 54 aliis
904 756 179 54 secundum
1038 756 164 54 carmina
1143 756 104 54 assi-

484 802 133 48 gnata.
577 802 133 48 Quando
670 802 120 48 autem
750 802 146 48 iudicat
856 802 80 48 se
896 802 213 48 probabiliter
1069 802 146 48 aliquas
1162 802 93 48 horas

482 845 164 55 dixisse:
605 845 137 55 pergat
701 845 218 55 consequenter
878 845 96 55 non
933 845 164 55 faciendo
1042 845 205 55 conscientiam:

485 888 76 54 vt
523 888 127 54 quando
612 888 89 54 est
663 888 76 54 in
701 888 114 54 medio
777 888 139 54 tertiae
878 888 76 54 si
916 888 165 54 percipiat
1030 888 228 54 certitudinaliter

474 930 88 58 se
518 930 103 58 non
577 930 162 58 dixisse
695 930 162 58 primam,
813 930 177 58 compleat
946 930 118 58 suam
1019 930 162 58 tertiam
1137 930 103 58 cum
1181 930 74 58 se-

474 980 107 47 xta
535 980 76 47 &
565 980 122 47 nona
642 980 92 47 si
688 980 199 47 voluerit:
840 980 76 47 &
871 980 92 47 in
917 980 122 47 fine
993 980 153 47 redeat
1100 980 92 47 ad
1131 980 122 47 primam

467 1030 245 44 supreplendo
663 1030 196 44 omissum:
810 1030 82 44 &
843 1030 115 44 ita
908 1030 98 44 de
957 1030 115 44 vno
1023 1030 115 44 vel
1088 1030 98 44 de
1121 1030 131 44 duobus

474 1068 171 59 psalmis
598 1068 93 59 si
629 1068 171 59 voluerit.

1098 1253 172 80 hac

1080 1321 92 60 ione.
1141 1321 92 60 xiii.
1192 1321 71 60 quae-

1100 1371 139 52 omnicati,
1197 1371 53 52 hae

1087 1414 175 57 degradati

1096 1458 166 56 possint.

1098 1502 129 51 non:
1178 1502 81 51 &
1195 1502 64 51 ma

1096 1546 111 56 atuit
1157 1546 99 56 distin

1064 1587 203 54 raecedenti.

1040 1634 159 59 erea
1120 1634 139 59 Magro

1048 1679 211 59 psequendo

994 1725 177 55 ateriam
1106 1725 161 55 euchari-

944 1770 157 57 stiae,
1054 1770 173 57 quaeram
1164 1770 94 57 qua-

804 1814 217 53 secratione
974 1814 93 53 in
1020 1814 139 53 aximo
1113 1814 77 53 &
1128 1814 124 53 fermen

787 1860 88 58 so
831 1860 133 58 inter
920 1860 162 58 latinos
1038 1860 74 58 &
1067 1860 177 58 graecos.
1185 1860 74 58 Se-

671 1904 92 57 lem
723 1904 157 57 inquiram
841 1904 157 57 secundum
959 1904 118 57 aliam
1038 1904 197 57 positionem.
1182 1904 79 57 Ter-

491 1947 102 48 tio
550 1947 87 48 an
593 1947 145 48 laicus
695 1947 145 48 debeat
796 1947 218 48 communicare
971 1947 102 48 sub
1029 1947 160 48 vtraque
1130 1947 131 48 specie.

493 1993 173 48 Quarto
614 1993 104 48 de
666 1993 139 48 modo
753 1993 260 48 celebrandi.
995 1993 121 48 Pro
1064 1993 156 48 primi
1151 1993 104 48 expe

489 2041 167 45 ditione
610 2041 167 45 quaero:
731 2041 91 45 an
777 2041 182 45 sequendo
913 2041 273 45 consecrationem
1126 2041 136 45 Christi

482 2081 206 54 debeamus
636 2081 103 54 in
687 2081 240 54 fermentato
876 2081 103 54 an
927 2081 103 54 in
979 2081 154 54 aximo
1082 2081 137 54 pane
1150 2081 120 54 conse

488 2126 156 50 crare.
597 2126 187 50 Quaestio
738 2126 125 50 ista
815 2126 187 50 supponit
956 2126 156 50 dubium
1065 2126 140 50 esse:
1158 2126 93 50 in
1189 2126 78 50 quo

489 2168 116 57 pane
561 2168 174 57 Christus
691 2168 260 57 consecrauerit.
908 2168 72 57 &
937 2168 159 57 secundo
1053 2168 159 57 quaerit
1168 2168 87 57 an
1197 2168 58 57 de

496 2214 151 57 beamus
601 2214 105 57 eum
662 2214 166 57 imitari
782 2214 90 57 in
827 2214 120 57 tali
903 2214 120 57 pane
978 2214 241 57 consecrando.
1159 2214 105 57 Circa

489 2258 176 50 materiam
622 2258 132 50 autem
710 2258 206 50 propositam
871 2258 103 50 non
930 2258 206 50 conueniunt
1092 2258 132 50 omnes
1165 2258 103 50 fide,

487 2304 114 54 les.
558 2304 185 54 Propterea
700 2304 99 54 qui
757 2304 85 54 de
799 2304 85 54 ea
842 2304 170 54 vidimus,
970 2304 142 54 paucis
1055 2304 213 54 recensebimus.

500 2346 147 57 Recitat
607 2346 200 57 venerabilis
767 2346 120 57 Beda.
847 2346 107 57 iii.
914 2346 120 57 libro
994 2346 174 57 historiae
1114 2346 147 57 ecclesiae

488 2392 162 57 gentis
601 2392 195 57 Anglorum
748 2392 97 57 de
796 2392 130 57 modo
877 2392 114 57 quo
942 2392 162 57 nostri
1056 2392 146 57 Scoti
1137 2392 130 57 Britam

489 2439 91 50 ni
534 2439 106 50 vsi
595 2439 137 50 sunt,
686 2439 106 50 qui
747 2439 137 50 erant
838 2439 91 50 ad
884 2439 152 50 Anglos
990 2439 91 50 in
1036 2439 122 50 fide
1097 2439 167 50 instruen-

490 2484 94 61 dos
543 2484 134 61 missi:
637 2484 107 61 quod
704 2484 80 61 a.
744 2484 134 61 xiiii.
837 2484 107 61 luna
904 2484 80 61 ad
944 2484 174 61 vigesimam
1078 2484 174 61 inclusiue
1198 2484 67 61 ser

494 2525 163 57 uabant
608 2525 179 57 pascha:
738 2525 81 57 &
770 2525 211 57 vigesimus
933 2525 163 57 primus
1046 2525 130 57 dies
1128 2525 114 57 qui
1176 2525 98 57 apud

494 2572 164 56 Hebraeos
617 2572 96 56 est
672 2572 233 56 celeberrimus,
864 2572 82 56 ab
905 2572 96 56 eis
959 2572 96 56 non
1014 2572 205 56 seruabatur.
1178 2572 82 56 Et
1206 2572 68 56 de-

501 2617 103 45 cimo
566 2617 129 45 capite
656 2617 116 45 libri
733 2617 168 45 praefati:
862 2617 90 45 cum
914 2617 193 45 venerabilis
1069 2617 103 45 Beda
1120 2617 142 45 praeconia

488 2661 79 47 &
520 2661 157 47 laudes
630 2661 157 47 patris
740 2661 267 47 Aidancumulate
960 2661 236 47 recitasset:
1132 2661 126 47 paucis

501 2706 210 61 concludens
666 2706 105 61 sic
726 2706 120 61 ait.
801 2706 120 61 Quae
876 2706 105 61 (vt
935 2706 180 61 breuiter
1070 2706 135 61 multa
1145 2706 120 61 compre

1300 292 160 67 hendam)
1417 292 160 67 quantum
1533 292 87 67 ab
1576 292 102 67 eis
1634 292 102 67 qui
1692 292 102 67 eum
1750 292 174 67 nouerunt
1881 292 203 67 didicimus:
2026 292 58 67 ni

1315 357 102 54 hil
1374 357 88 54 in
1418 357 161 54 omnibus
1535 357 102 54 qua
1593 357 88 54 in
1637 357 234 54 euangelicis,
1827 357 117 54 siue
1885 357 205 54 apostolicis,

1309 400 108 45 siue
1377 400 203 45 propheticis
1539 400 149 45 literis
1647 400 162 45 facienda
1769 400 203 45 cognouerat,
1918 400 162 45 praetermit

1309 444 128 62 tere:
1394 444 99 62 sed
1451 444 142 62 cuncta
1550 444 99 62 pro
1607 444 114 62 suis
1678 444 156 62 viribus
1792 444 213 62 operibusque
1948 444 142 62 parabat.

1312 489 119 46 Haec
1386 489 89 46 in
1431 489 178 46 praefato
1564 489 193 46 antistite
1713 489 148 46 multum
1817 489 208 46 complector
1980 489 74 46 &
1995 489 89 46 amo:

1313 534 115 62 quia
1385 534 158 62 nimirum
1500 534 101 62 hoc
1557 534 101 62 deo
1615 534 187 62 placuisse
1759 534 101 62 non
1816 534 158 62 ambigo.
1932 534 115 62 quod
1989 534 101 62 autem

1310 579 159 53 pascha
1421 579 111 53 non
1485 579 111 53 suo
1548 579 174 53 tempore
1675 579 238 53 obseruabat:
1865 579 111 53 vel
1913 579 174 53 canonicum

1318 627 123 46 eius
1394 627 153 46 tempus
1502 627 199 46 ignorans,
1655 627 107 46 vel
1716 627 123 46 suae
1793 627 153 46 gentis
1885 627 199 46 auctoritate

1309 667 81 46 ne
1350 667 149 46 agnitum
1458 667 203 46 sequeretur,
1621 667 122 46 fuit.
1702 667 81 46 Ex
1743 667 95 46 his
1797 667 122 46 patet
1878 667 108 46 quod
1946 667 108 46 huic
2000 667 81 46 san-

1319 711 101 61 cto
1376 711 130 61 patri
1463 711 116 61 fuit
1535 711 159 61 protunc
1651 711 202 61 ignorantia
1810 711 246 61 inuincibilis:
1997 711 87 61 quia

1312 757 276 47 ecclesiasticae
1541 757 230 47 traditiones
1725 757 77 47 &
1756 757 199 47 positiuae
1909 757 138 47 adhuc
2001 757 123 47 apud

1318 805 103 53 eos
1377 805 103 53 non
1436 805 132 53 erant
1524 805 235 53 sufficienter
1714 805 220 53 publicatae.
1890 805 117 53 Haec
1949 805 132 53 dixerim

1319 846 87 50 ne
1362 846 116 50 quis
1435 846 131 50 putet
1522 846 131 50 huius
1609 846 145 50 sancti
1710 846 145 50 patris
1812 846 102 50 vel
1870 846 189 50 sequacium
2000 846 87 50 eius

1323 896 137 55 vitam
1414 896 107 55 per
1475 896 122 55 hanc
1551 896 198 55 positiuam
1703 896 244 55 obseruantiam
1886 896 198 55 denigratam.

1347 936 191 57 Praeterea
1494 936 132 57 scito
1582 936 118 57 quod
1656 936 147 57 varius
1759 936 103 57 est
1817 936 132 57 modus
1906 936 177 57 opinandi
2023 936 74 57 im-

1311 978 115 51 ter
1376 978 229 51 theologos:
1556 978 98 51 in
1605 978 115 51 quo
1671 978 131 51 pane
1752 978 196 51 Christus
1883 978 213 51 confecerit.

1326 1021 149 49 Graeci
1431 1021 119 49 enim
1505 1021 149 49 dicunt
1610 1021 179 49 Christum
1744 1021 90 49 in
1789 1021 119 49 pane
1863 1021 209 49 fermentato
2012 1021 75 49 con

1321 1064 182 49 fecisse.
1457 1064 76 49 &
1487 1064 197 49 propterea
1639 1064 167 49 hodiemo
1760 1064 106 49 die
1820 1064 136 49 adhuc
1911 1064 91 49 in
1957 1064 121 49 pane
2017 1064 76 49 fer

1318 1115 154 49 mentato
1430 1115 197 49 cosecrant.
1585 1115 84 49 et
1627 1115 154 49 recitat
1739 1115 126 49 glos.
1823 1115 140 49 margi.
1922 1115 126 49 loan.
1992 1115 98 49 xiii.

1312 1157 81 48 c.
1353 1157 108 48 sic.
1421 1157 135 48 Graeci
1515 1157 108 48 vero
1583 1157 108 48 diem
1650 1157 95 48 qua
1704 1157 176 48 immolatur
1839 1157 122 48 agnus
1920 1157 135 48 dicunt
2001 1157 95 48 solum

1310 1202 125 47 modo
1388 1202 156 47 vocari
1498 1202 172 47 pascha:
1622 1202 78 47 &
1653 1202 125 47 illa
1731 1202 156 47 dicunt
1841 1202 187 47 Christum
1965 1202 125 47 fuisse

1320 1246 210 54 crucifixum
1485 1246 90 54 ad
1530 1246 195 54 meridien.
1680 1246 75 54 &
1710 1246 150 54 dicunt
1814 1246 180 54 Christum
1934 1246 165 54 anticipas

1316 1286 108 57 se
1370 1286 143 57 vnum
1460 1286 143 57 diem
1549 1286 161 57 ante,
1657 1286 233 57 comedendo
1836 1286 161 57 agnum
1926 1286 161 57 pascha-

1319 1332 132 48 lem.
1401 1332 115 48 Hoc
1467 1332 181 48 aliquot
1599 1332 231 48 auctoribus
1780 1332 231 48 confirmare
1945 1332 148 48 student

1326 1377 182 44 dicentes
1462 1377 121 44 tres
1538 1377 151 44 primos
1644 1377 242 44 euangelistas
1841 1377 91 44 in
1886 1377 106 44 hoc
1947 1377 167 44 errare:
2053 1377 45 44 &

1310 1422 174 45 loannem
1437 1422 111 45 eos
1500 1422 95 45 in
1547 1422 111 45 hoc
1610 1422 237 45 castigasse.
1800 1422 158 45 Latini
1910 1422 126 45 vero
1973 1422 111 45 Chri-

1323 1465 129 53 stum
1403 1465 193 53 asserunt
1548 1465 96 53 in
1596 1465 129 53 pane
1677 1465 145 53 aximo
1757 1465 225 53 consecrasse.

1358 1512 142 93 His
1439 1512 202 93 paucis
1581 1512 283 93 trelibatis
1803 1512 243 93 ponuntur
1965 1512 121 93 duae

1324 1604 262 42 conclusiones.
1570 1604 138 42 Prior
1662 1604 123 42 est.
1739 1604 185 42 Christus
1878 1604 92 42 in
1924 1604 154 42 vltima
2016 1604 77 42 coe

1319 1639 98 48 na
1368 1639 245 48 consecrauit
1564 1639 98 48 in
1613 1639 131 48 pane
1695 1639 163 48 aximo.
1842 1639 163 48 Altera
1940 1639 147 48 conclu-

1317 1682 117 49 sio.
1390 1682 175 49 quilibet
1522 1682 161 49 fidelis
1639 1682 175 49 Christum
1770 1682 161 49 imitari
1887 1682 88 49 in
1931 1682 102 49 hoc
1975 1682 117 49 volens

1319 1727 144 52 debet
1415 1727 96 52 in
1463 1727 128 52 pane
1543 1727 144 52 aximo
1639 1727 240 52 consecrare.
1830 1727 144 52 Prior
1910 1727 176 52 conclusio

1318 1775 185 53 probatur.
1460 1775 99 53 Nam
1517 1775 142 53 Matth.
1616 1775 128 53 xxvi.
1701 1775 199 53 scribitur.
1858 1775 99 53 Vbi
1914 1775 99 53 vis
1957 1775 142 53 paremus.

1330 1817 121 49 tibi
1405 1817 181 49 comedere
1541 1817 166 49 pascha?
1662 1817 90 49 Et
1707 1817 211 49 paulopost.
1873 1817 90 49 Et
1918 1817 181 49 fecerunt
2039 1817 60 49 di

1328 1859 154 49 scipuli
1440 1859 126 49 sicut
1524 1859 196 49 constituit
1678 1859 126 49 illis
1763 1859 140 49 lesus:
1861 1859 70 49 &
1889 1859 196 49 parauerunt
2029 1859 70 49 pa-

1323 1903 134 50 scha.
1412 1903 104 50 sed
1472 1903 119 50 tali
1546 1903 104 50 die
1605 1903 119 50 fuit
1679 1903 208 50 prohibitum
1843 1903 148 50 habere
1947 1903 134 50 panem
2021 1903 74 50 fer

1325 1949 195 49 mentatum
1471 1949 98 49 in
1520 1949 179 49 domibus
1650 1949 228 49 ludaeorum.
1829 1949 130 49 vnde
1910 1949 163 49 Exodi.
2008 1949 81 49 xii

1329 1992 220 50 scribitur.
1502 1992 157 50 Septem
1612 1992 157 50 diebus
1722 1992 141 50 axima
1816 1992 220 50 comedetis.
1989 1992 94 50 In
2020 1992 79 50 die

1331 2038 141 56 primo
1425 2038 110 56 non
1488 2038 125 56 erit
1566 2038 204 56 fermentum
1723 2038 94 56 in
1770 2038 172 56 domibus
1895 2038 188 56 vestris.
2021 2038 78 56 qui

1334 2080 132 56 cumque
1426 2080 172 56 comederit
1558 2080 185 56 fermentum:
1703 2080 145 56 peribit
1809 2080 119 56 anima
1888 2080 106 56 illa
1954 2080 79 56 de
1980 2080 119 56 Israel:

1328 2131 80 48 a
1360 2131 144 48 primo
1456 2131 112 48 die
1520 2131 144 48 vsque
1617 2131 96 48 ad
1665 2131 128 48 diem
1745 2131 209 48 septimum.
1905 2131 96 48 ad
1938 2131 160 48 insinuan

1331 2171 98 44 dum
1387 2171 112 44 quod
1457 2171 98 44 cum
1513 2171 154 44 egressi
1625 2171 112 44 sunt
1695 2171 84 44 de
1737 2171 168 44 aegypto:
1863 2171 98 44 non
1919 2171 168 44 poterant
2031 2171 56 44 mo

1336 2216 101 44 ram
1393 2216 158 44 trahere
1508 2216 86 44 vt
1552 2216 130 44 panis
1638 2216 259 44 fermentaretur.
1854 2216 101 44 Sed
1912 2216 173 44 Christus
2027 2216 72 44 con

1321 2262 155 47 fecit
1424 2262 104 47 in
1476 2262 138 47 pane
1562 2262 173 47 qualem
1683 2262 104 47 in
1735 2262 138 47 domo
1821 2262 242 47 Hebraeorum
1994 2262 104 47 inue

1333 2303 108 47 nit:
1401 2303 68 47 &
1428 2303 135 47 aximum
1523 2303 162 47 reperit:
1644 2303 81 47 vt
1685 2303 81 47 ex
1726 2303 135 47 dictis
1820 2303 149 47 liquet.
1928 2303 149 47 igitur.
2023 2303 81 47 Con-

1328 2348 163 53 firmatur
1451 2348 109 53 hoc.
1518 2348 136 53 Lucae.
1613 2348 122 53 xxii.
1695 2348 190 53 scribitur.
1844 2348 122 53 Venit
1926 2348 109 53 dies
1980 2348 122 53 azximo-

1332 2398 111 54 rum
1396 2398 95 54 in
1443 2398 111 54 quo
1507 2398 175 54 necesse
1634 2398 127 54 erat
1714 2398 159 54 occidi
1825 2398 175 54 pascha.
1952 2398 95 54 Et
1984 2398 111 54 paulo

1335 2446 119 47 post
1410 2446 194 47 sequitur.
1559 2446 209 47 Parauerunt
1723 2446 164 47 pascha.
1842 2446 164 47 Insania
1961 2446 134 47 autem
2035 2446 75 47 est

1328 2483 204 51 graecorum
1485 2483 157 51 dicere
1595 2483 126 51 tres
1674 2483 157 51 primos
1784 2483 251 51 euangelistas
1972 2483 126 51 erras-

1329 2526 104 48 se:
1389 2526 75 48 &
1419 2526 164 48 loannem
1538 2526 104 48 eos
1598 2526 224 48 castigasse,
1777 2526 224 48 conuenerunt
1956 2526 104 48 eni
2001 2526 104 48 omnes

1329 2569 88 50 in
1373 2569 133 50 vnum:
1462 2569 118 50 quia
1535 2569 88 50 in
1580 2569 103 50 vno
1639 2569 162 50 spiritu
1756 2569 162 50 loquuti
1874 2569 133 50 sunt.
1962 2569 88 50 In
1992 2569 103 50 super

1324 2616 209 45 secundum
1480 2616 157 45 legem
1585 2616 157 45 agnus
1689 2616 191 45 typicus
1828 2616 191 45 debebat
1950 2616 139 45 comedi

1330 2660 150 55 xiiii.
1435 2660 120 55 luna
1510 2660 150 55 mensis
1615 2660 135 55 primi
1705 2660 90 55 ad
1751 2660 195 55 vesperam.
1901 2660 105 55 sed
1946 2660 150 55 Christus

1335 2703 182 75 seruauit
1471 2703 167 75 legalia
1592 2703 91 75 ad
1638 2703 151 75 mortem
1744 2703 151 75 vsque:
1850 2703 106 75 nec
1910 2703 121 75 iuit
1971 2703 136 75 Hieroso
