2312 3352
242 314 153 67 lymam
344 314 102 67 ad
395 314 238 67 comedendum
582 314 153 67 agnum
684 314 136 67 nisi
769 314 102 67 vt
803 314 204 67 praeceptum

239 374 145 57 legis
335 374 209 57 impleret:
496 374 112 57 non
560 374 145 57 solum
657 374 112 57 quo
721 374 96 57 ad
769 374 129 57 esum
849 374 145 57 agni:
930 374 80 57 sed

238 428 136 46 etiam
328 428 105 46 quo
389 428 90 46 ad
434 428 151 46 tempus
539 428 166 46 edendi.
660 428 105 46 Hoc
720 428 120 46 enim
795 428 151 46 nostri
886 428 120 46 latini

244 471 133 46 omnes
333 471 192 46 tenuerunt
481 471 74 46 &
510 471 163 46 tenent.
629 471 74 46 â‹
658 471 163 46 Secunda
776 471 192 46 conclusio
910 471 103 46 patet

242 514 86 55 ex
285 514 157 55 priori,
399 514 86 55 si
442 514 129 55 modum
527 514 157 55 Christi
642 514 157 55 imitari
756 514 171 55 voluerit
870 514 143 55 aliquis.

250 558 107 53 Sed
311 558 107 53 cum
372 558 138 53 panis
464 558 230 53 fermentatus
648 558 107 53 sit
709 558 169 53 eiusdem
832 558 169 53 speciei
939 558 77 53 cum

241 600 125 49 aximo
324 600 180 49 realiter:
463 600 139 49 graeci
560 600 83 49 in
601 600 111 49 illo
671 600 194 49 consecrant
823 600 125 49 sicut
906 600 97 49 nos
962 600 83 49 in

248 648 145 46 azimo,
349 648 101 46 nec
407 648 87 46 in
450 648 101 46 hoc
508 648 203 46 peccarent:
667 648 87 46 si
711 648 174 46 ecclesia
841 648 101 46 eos
899 648 87 46 in
928 648 72 46 hor

246 693 159 45 sineret:
365 693 106 45 quia
432 693 120 45 licet
511 693 93 45 sit
565 693 186 45 praeceptum
711 693 146 45 diuinum
817 693 186 45 consecrare
950 693 53 45 in

236 731 121 60 pane
311 731 196 60 triticeo:
462 731 166 60 humanum
583 731 136 60 tamen
674 731 106 60 est
734 731 211 60 consecrare
900 731 91 60 in
931 731 76 60 pa-

245 779 81 52 ne
286 779 162 52 triticeo
408 779 108 52 tali
475 779 68 52 /
502 779 108 52 puta
570 779 122 52 aximo
651 779 95 52 vel
705 779 122 52 tali.
787 779 81 52 In
827 779 135 52 signum
908 779 95 52 cuius

244 821 185 56 ecclesia
382 821 154 56 primum
490 821 93 56 in
537 821 123 56 pane
614 821 139 56 aximo
706 821 247 56 consecrauit.
892 821 123 56 postea

249 862 151 54 exorta
355 862 166 54 haeresi
475 862 227 54 Ebionitarum
657 862 227 54 asserentium
823 862 196 54 necessarium

250 909 120 52 esse
325 909 165 52 seruare
445 909 165 52 legalia
565 909 75 52 &
595 909 210 52 iudaizare:
761 909 75 52 &
791 909 105 52 per
836 909 180 52 consequens

244 960 150 47 pascha
349 960 90 47 in
394 960 135 47 aximo
484 960 210 47 conficere,
650 960 135 47 sicut
740 960 150 47 ludaei
845 960 165 47 quonoda
950 960 60 47 ex

238 1002 118 46 lege
312 1002 221 46 tenebantur:
489 1002 118 46 hunc
562 1002 162 46 errorem
680 1002 177 46 ecclesia
813 1002 192 46 eradicare
945 1002 74 46 vo-

244 1042 126 49 lens,
328 1042 167 49 iusserat
453 1042 126 49 omnes
537 1042 84 49 in
579 1042 112 49 pane
648 1042 195 49 fermentato
802 1042 195 49 conficere.
941 1042 70 49 Sed

249 1091 150 56 paucis
354 1091 150 56 diebus
459 1091 165 56 durauit
579 1091 135 56 error
670 1091 120 56 ille
745 1091 135 56 inter
820 1091 195 56 Christianos

243 1136 119 53 quod
318 1136 224 53 necessarium
497 1136 119 53 erat
571 1136 164 53 seruare
691 1136 179 53 legalia:
825 1136 104 53 quo
870 1136 149 53 extincto

240 1182 200 46 redierunt
393 1182 154 46 Latini
501 1182 92 46 ad
547 1182 185 46 antiquum
686 1182 138 46 ritum
778 1182 231 46 conficiendi
947 1182 62 46 in

244 1228 138 45 acimo.
341 1228 138 45 Graeci
437 1228 124 45 autem
520 1228 138 45 redire
616 1228 179 45 nolebant,
753 1228 165 45 dicentes
877 1228 83 45 se
905 1228 110 45 redire

250 1268 106 46 non
310 1268 136 46 posse
401 1268 90 46 ad
446 1268 121 46 hoc:
521 1268 121 46 quia
597 1268 121 46 erat
672 1268 106 46 lex
732 1268 106 46 dei
793 1268 121 46 noui
853 1268 166 46 testamen-

245 1306 94 53 ti
292 1306 220 53 consecrare
465 1306 94 53 in
512 1306 235 53 fermentato.
700 1306 110 53 Sed
763 1306 141 53 licet
857 1306 110 53 hoc
904 1306 110 53 proba

242 1355 154 57 uerint:
354 1355 98 57 non
410 1355 182 57 propterea
550 1355 140 57 habent
649 1355 84 57 ex
691 1355 224 57 institutione
859 1355 154 57 Christi.-

241 1398 119 66 Pro
309 1398 119 66 eis
377 1398 153 66 tamen
462 1398 170 66 arguitur

236 1443 110 87 â‹
280 1443 220 87 Contra
434 1443 242 87 priorem
610 1443 352 87 conclusionem
896 1443 154 87 ad-

244 1521 186 59 ducentur
383 1521 155 59 motiua
491 1521 217 59 Graecorum,
661 1521 186 59 probando
800 1521 124 59 quod
862 1521 155 59 Christus

242 1567 145 50 xiii.
339 1567 129 50 luna
419 1567 161 50 mensis
532 1567 145 50 primi
628 1567 145 50 agnum
725 1567 193 50 paschale
854 1567 161 50 comedit:

255 1618 100 49 quia
317 1618 75 49 si
354 1618 87 49 hoc
404 1618 162 49 probetur,
529 1618 137 49 perinde
629 1618 87 49 est
679 1618 75 49 ac
716 1618 75 49 si
754 1618 200 49 ostenderetur
904 1618 112 49 immedi-

255 1662 102 45 ate
314 1662 116 45 quod
386 1662 175 45 Christus
517 1662 87 45 in
561 1662 116 45 pane
634 1662 204 45 fermentato
779 1662 233 45 consecrauerit:

242 1699 125 51 quia
321 1699 94 51 in
367 1699 125 51 illa
446 1699 125 51 luna
524 1699 156 51 ludaei
633 1699 203 51 vtebantur
790 1699 172 51 panibus
899 1699 125 51 fermen

250 1745 137 52 tatis.
346 1745 96 52 sed
401 1745 82 52 vt
442 1745 150 52 dicitur
551 1745 82 52 in
592 1745 191 52 probatione
743 1745 232 52 conclusionis:
920 1745 96 52 Chri-

248 1789 129 47 stus
328 1789 241 47 consecrauit
521 1789 96 47 in
569 1789 129 47 tali
650 1789 129 47 pane
730 1789 161 47 qualem
842 1789 96 47 in
874 1789 145 47 domibus

254 1833 169 46 ludaeorum
384 1833 169 46 repperit.
513 1833 91 46 in.
565 1833 117 46 xiii.
643 1833 117 46 autem
721 1833 104 46 luna
786 1833 117 46 solum
850 1833 169 46 fermentatum

249 1881 180 52 repperit
384 1881 90 52 in
429 1881 165 52 domibus
549 1881 210 52 ludaeorum.
715 1881 150 52 Restat
820 1881 135 52 solum
895 1881 120 52 proba-

240 1922 102 55 re.
299 1922 132 55 xiii.
387 1922 117 55 luna
460 1922 132 55 ipsum
547 1922 190 55 comedisse
693 1922 132 55 agnum
781 1922 205 55 paschalem,
927 1922 88 55 quod

248 1964 96 50 sic
303 1964 178 50 probatur.
440 1964 150 50 ludaei.
549 1964 137 50 xiiii.
644 1964 109 50 luna
713 1964 137 50 mensis
808 1964 123 50 primi
876 1964 137 50 debeban-

242 2011 198 53 comedere
391 2011 149 53 agnum
490 2011 231 53 paschalem:
672 2011 99 53 vt
722 2011 149 53 patet
821 2011 165 53 Exodi.
920 2011 99 53 xii.

256 2054 77 49 &
286 2054 199 49 Leuitici.
440 2054 153 49 xxiii.
547 2054 107 49 vbi
608 2054 107 49 sic
669 2054 215 49 scribitur.
838 2054 138 49 Mense
915 2054 107 49 primo

248 2099 256 50 quartadecima
456 2099 112 50 die
520 2099 160 50 mensis
632 2099 96 50 ad
679 2099 192 50 vesperum
823 2099 144 50 phase
903 2099 112 50 damin

249 2144 124 52 est:
327 2144 78 52 &
358 2144 248 52 quintadecima
560 2144 109 52 die
622 2144 155 52 mensis
731 2144 155 52 huius,
824 2144 186 52 solennita:

252 2188 191 48 azimorum
395 2188 159 48 domini
507 2188 127 48 est.
586 2188 159 48 Septem
698 2188 159 48 diebus
809 2188 143 48 axima
889 2188 127 48 comede

253 2232 123 50 tis.
329 2232 123 50 Dies
406 2232 154 50 primus
514 2232 123 50 erit
591 2232 138 50 vobis
683 2232 261 50 celeberrimus:
883 2232 138 50 sanctus

258 2278 138 51 quod.
350 2278 123 51 ldem
427 2278 169 51 habetur
549 2278 215 51 Numerorum.
718 2278 169 51 xxviii.
841 2278 138 51 ludei
918 2278 92 51 ergo

248 2319 156 46 xiiii.
358 2319 125 46 luna
436 2319 156 46 mensis
546 2319 141 46 primi
640 2319 94 46 ad
686 2319 188 46 vesperam
827 2319 188 46 comedere
952 2319 63 46 ha

253 2363 146 46 bebant
355 2363 131 46 agnum
443 2363 204 46 paschalem:
603 2363 102 46 sed
661 2363 116 46 illo
734 2363 102 46 die
792 2363 175 46 Christus
909 2363 116 46 passus

252 2408 87 45 est
301 2408 137 45 mortem,
401 2408 99 45 quod
463 2408 161 45 probatur:
587 2408 99 45 quia
649 2408 149 45 loannis.
760 2408 124 45 xviii.
847 2408 174 45 scribitur.
971 2408 50 45 Et

255 2451 105 57 ipsi
320 2451 91 57 non
373 2451 196 57 introierunt
529 2451 78 57 in
569 2451 183 57 praetorium
712 2451 78 57 vt
752 2451 91 57 non
791 2451 235 57 contaminarentur:

255 2495 107 48 sed
316 2495 92 48 vt
362 2495 229 48 manducarent
545 2495 168 48 pascha.
667 2495 122 48 ergo
743 2495 122 48 illo
820 2495 107 48 die
865 2495 153 48 debebant

249 2543 151 45 agnum
350 2543 218 45 paschalem
518 2543 202 45 comedere
669 2543 118 45 quo
736 2543 202 45 Christus
888 2543 118 45 est
938 2543 84 45 cru

255 2587 182 55 cifixus.
391 2587 106 55 sed
452 2587 121 55 ipsi
527 2587 182 55 debebant
664 2587 91 55 ex
709 2587 121 55 lege
785 2587 136 55 agnum
860 2587 167 55 paschalem

255 2631 153 56 xiiii.
362 2631 122 56 luna
438 2631 92 56 ad
484 2631 183 56 vesperam
621 2631 198 56 comedere:
774 2631 122 56 ergo
835 2631 183 56 quartadeci

253 2674 100 54 ma
303 2674 133 54 luna
386 2674 199 54 Christus
536 2674 166 54 passus
652 2674 133 54 est.
735 2674 116 54 sed
802 2674 133 54 ante
868 2674 150 54 comedii

258 2718 136 69 agnum
348 2718 211 69 paschalem:
515 2718 136 69 ergo.
605 2718 136 69 xiii.
696 2718 121 69 luna
771 2718 151 69 mensis
877 2718 136 69 primi
953 2718 76 69 vel

1067 312 99 65 die
1123 312 212 65 praecedente
1293 312 155 65 comedit
1406 312 127 65 agnum
1491 312 198 65 paschalem,
1646 312 113 65 quod
1703 312 141 65 restabat

1077 373 216 57 probandum.
1247 373 77 57 â‹
1278 373 247 57 Respondetur.
1478 373 124 57 haec
1556 373 186 57 obiectio
1679 373 155 57 soluitur

1067 416 115 57 per
1132 416 313 57 aequiuocationem
1396 416 181 57 termini
1527 416 181 57 pascha.
1659 416 115 57 gl.
1708 416 132 57 margi.

1068 468 190 41 Matthaei.
1215 468 132 41 xxvi.
1303 468 102 41 sic
1361 468 146 41 dicit.
1464 468 146 41 Pascha
1566 468 161 41 proprie
1683 468 132 41 solus
1756 468 88 41 dies

1073 510 145 50 dicitur
1178 510 92 50 quo
1231 510 119 50 agnus
1310 510 79 50 ad
1350 510 158 50 vesperam
1469 510 211 50 occidebatur.
1640 510 79 50 id
1680 510 106 50 est.
1732 510 106 50 xiiii.

1078 553 113 44 luna
1149 553 128 44 primi
1234 553 156 44 mensis.
1347 553 99 44 Sed
1404 553 241 44 indifferenter
1602 553 85 44 in
1645 553 184 44 scriptura
1772 553 57 44 pa

1066 595 120 54 scha
1141 595 105 54 pro
1201 595 149 54 diebus
1305 595 179 54 aximorum
1440 595 209 54 accipitur:
1604 595 75 54 &
1634 595 120 54 dies
1694 595 149 54 aximorum

1064 641 113 55 pro
1129 641 178 55 pascha:
1258 641 97 55 vt
1307 641 146 55 patet
1404 641 162 55 Lucae.
1517 641 113 55 ax.
1566 641 275 55 Appropinquabat.

1066 684 110 57 dies
1135 684 138 57 festus
1232 684 179 57 azximorum
1369 684 96 57 qui
1425 684 152 57 dicitur
1535 684 152 57 pascha.
1645 684 152 57 loannes
1742 684 96 57 autem

1072 728 198 53 loquebatur
1227 728 85 53 de
1269 728 155 53 panibus
1382 728 169 53 azximis.
1509 728 113 53 ipsi
1580 728 113 53 enim
1651 728 99 53 non
1693 728 141 53 introie-

1067 774 110 49 runt
1136 774 83 49 in
1177 774 193 49 praetorium
1329 774 151 49 hominis
1439 774 165 49 gentilis
1563 774 83 49 ne
1590 774 248 49 contaminarentur:

1064 816 111 46 hoc
1128 816 111 46 est
1191 816 95 46 ne
1238 816 222 46 peccarent:
1413 816 111 46 sed
1476 816 95 46 vt
1523 816 238 46 manducarent
1698 816 143 46 pascha:

1071 855 109 62 hoc
1134 855 109 62 est
1196 855 140 62 panes
1289 855 156 62 azimos
1398 855 171 62 solitos
1522 855 124 62 tunc
1600 855 156 62 comedi
1693 855 156 62 secundum

1074 906 150 47 legem.
1179 906 105 47 Vel
1239 906 90 47 vt
1283 906 150 47 aliqui
1388 906 150 47 dicunt
1493 906 105 47 non
1553 906 284 47 improbabiliter:
1777 906 75 47 su-

1078 951 175 52 periores
1210 951 132 52 erant
1298 951 161 52 intenti
1415 951 132 52 circa
1502 951 146 52 mortem
1605 951 175 52 Christi:
1736 951 88 52 et
1780 951 102 52 ad-

1074 992 109 55 huc
1137 992 109 55 non
1199 992 217 55 comederant
1369 992 140 55 agnum
1462 992 217 55 paschalem:
1633 992 109 55 sed
1695 992 155 55 tempus
1788 992 62 55 de

1071 1033 118 59 bitum
1150 1033 158 59 secundum
1268 1033 118 59 legem
1347 1033 237 59 relinquambant,
1544 1033 210 59 existimantes
1715 1033 79 59 se
1742 1033 105 59 excusa

1068 1080 103 55 tos
1127 1080 266 55 praetermittere
1349 1080 118 55 vnam
1423 1080 148 55 noctem
1527 1080 192 55 occasione
1674 1080 148 55 habita
1763 1080 74 55 pro

1067 1130 203 45 occidendo
1224 1130 188 45 Christo:
1364 1130 234 45 intendentes
1552 1130 109 45 in.
1615 1130 109 45 xv.
1677 1130 125 45 luna
1740 1130 109 45 come-

1071 1177 129 46 dere
1151 1177 145 46 agnum
1248 1177 225 46 paschalem.
1425 1177 80 46 &
1457 1177 193 46 secundum
1602 1177 113 46 hoc
1650 1177 193 46 argumentum

1068 1214 125 53 sine
1147 1214 282 53 aequiuocatione
1382 1214 204 53 soluitur.
1539 1214 78 53 â‹
1570 1214 110 53 Sed
1633 1214 157 53 contra
1742 1214 141 53 illud

1070 1270 186 47 arguitur.
1213 1270 129 47 dies.
1298 1270 100 47 xv.
1355 1270 114 47 erat
1427 1270 186 47 celebris,
1569 1270 86 47 vt
1612 1270 129 47 patet
1698 1270 86 47 ex
1727 1270 129 47 dictis:

1074 1306 84 50 &
1108 1306 169 50 ludaei
1226 1306 202 50 timebant
1378 1306 186 50 schisma
1513 1306 186 50 populi:
1648 1306 152 50 cuius
1732 1306 118 50 magna

1081 1349 134 58 pars
1165 1349 251 58 existimabat
1365 1349 201 58 Christum
1516 1349 184 58 Messiam
1649 1349 100 58 in
1700 1349 134 58 lege
1766 1349 84 58 pro

1078 1400 167 46 missum.
1199 1400 198 46 propterea
1351 1400 122 46 enim
1427 1400 198 46 pontifex,
1579 1400 182 46 scribae,
1716 1400 76 46 &
1731 1400 122 46 phari-

1072 1434 132 51 saei:
1160 1434 132 51 prout
1248 1434 191 51 scribitur
1395 1434 191 51 Matthaei.
1542 1434 132 51 xxvi.
1630 1434 191 51 dicebant.
1777 1434 103 51 Non

1083 1488 154 44 supple
1190 1488 216 44 occidatur)
1360 1488 92 44 in
1406 1488 108 44 die
1468 1488 154 44 festo:
1576 1488 92 44 ne
1622 1488 139 44 forte
1699 1488 154 44 tumultus

1077 1520 149 56 fieret
1182 1520 90 56 in
1226 1520 164 56 populo.
1346 1520 119 56 ergo
1420 1520 104 56 non
1480 1520 209 56 occiderunt
1644 1520 104 56 eum
1704 1520 90 56 in
1734 1520 119 56 festo:

1080 1573 108 47 sed
1141 1573 155 47 festum
1250 1573 263 47 praeuenerunt.
1466 1573 77 47 â‹
1497 1573 248 47 Respondetur.
1698 1573 108 47 hoc
1745 1573 108 47 primo

1079 1609 217 54 statuerunt:
1252 1609 87 54 vt
1295 1609 101 54 non
1353 1609 188 54 raperetur
1497 1609 87 54 ab
1541 1609 101 54 eis
1598 1609 144 54 populo
1700 1609 101 54 eum
1743 1609 101 54 defen

1074 1653 150 51 dente:
1179 1653 105 51 sed
1239 1653 150 51 oblata
1344 1653 195 51 occasione
1493 1653 75 51 a
1523 1653 120 51 luda
1598 1653 195 51 traditore
1748 1653 135 51 ipsum

1081 1698 179 60 vendente
1215 1698 179 60 mutarunt
1349 1698 209 60 consilium:
1513 1698 149 60 quando
1618 1698 179 60 viderunt
1752 1698 89 60 se
1781 1698 75 60 pos

1078 1745 88 57 se
1122 1745 102 57 eum
1181 1745 248 57 comprehendere
1385 1745 146 57 furtim
1487 1745 73 57 &
1516 1745 161 57 occulte
1633 1745 88 57 in
1677 1745 146 57 nocte:
1764 1745 88 57 quod

1076 1786 79 55 &
1108 1786 205 55 fecerunt:
1265 1786 95 55 vt
1313 1786 142 55 dicit
1407 1786 252 55 Chrysostomus
1612 1786 95 55 in
1660 1786 205 55 Homiliis,
1802 1786 47 55 &

1078 1834 120 74 Leo
1147 1834 137 74 papa
1232 1834 103 74 in
1284 1834 189 74 sermone
1404 1834 172 74 paschali

1083 1903 100 81 â‹
1123 1903 220 81 Secundo
1283 1903 240 81 arguitur
1463 1903 160 81 sic.
1564 1903 140 81 xv.
1644 1903 160 81 luna
1724 1903 120 81 erat

1081 1960 162 58 celebre
1199 1960 147 58 festum
1302 1960 88 58 in
1346 1960 118 58 lege
1420 1960 88 58 vt
1464 1960 147 58 dictum
1567 1960 118 58 est:
1640 1960 74 58 &
1670 1960 118 58 tunc
1743 1960 103 58 non
1787 1960 74 58 li-

1078 2007 118 57 cuit
1152 2007 177 57 operari:
1285 2007 133 57 cuius
1374 2007 192 57 oppositum
1522 2007 177 57 fecerunt
1655 2007 148 57 ludaei
1744 2007 103 57 Chri-

1081 2051 124 59 stum
1158 2051 263 59 condemnantes.
1374 2051 77 59 â‹
1405 2051 108 59 Sed
1467 2051 139 59 dicis
1559 2051 77 59 &
1590 2051 139 59 bene.
1683 2051 154 59 ludaei
1776 2051 77 59 ra-

1081 2090 115 58 bidi
1153 2090 101 58 non
1210 2090 173 58 curarunt
1340 2090 115 58 diem
1412 2090 144 58 festum
1513 2090 216 58 infringere:
1686 2090 101 58 cum
1729 2090 130 58 innocen

1077 2142 114 52 tem
1142 2142 163 52 inique
1256 2142 228 52 studuerint
1435 2142 98 52 ad
1484 2142 163 52 mortem
1598 2142 196 52 damnare:
1729 2142 130 52 haben-

1085 2183 95 58 tes
1140 2183 203 58 sophisticas
1302 2183 95 58 pro
1356 2183 81 58 se
1397 2183 217 58 defensiones:
1573 2183 81 58 vt
1614 2183 149 58 liceret
1722 2183 108 58 sibi
1776 2183 68 58 per

1077 2229 178 52 uersorem
1211 2229 74 52 &
1241 2229 238 52 destructorem
1434 2229 134 52 legis
1523 2229 134 52 etiam
1612 2229 89 52 in
1657 2229 134 52 festo
1746 2229 89 52 de
1776 2229 74 52 me-

1088 2274 100 50 dio
1145 2274 172 50 tollere.
1274 2274 158 50 Contra.
1389 2274 158 50 sanctae
1504 2274 172 50 mulieres
1633 2274 115 50 tunc
1690 2274 158 50 operaban-

1084 2313 112 59 tur.
1154 2313 98 59 Nam
1210 2313 140 59 Lucae.
1308 2313 140 59 xxiii.
1406 2313 182 59 scribitur
1545 2313 112 59 quod
1615 2313 154 59 sanctae
1713 2313 140 59 mulieres

1081 2363 134 58 viso
1165 2363 218 58 monumento
1333 2363 101 58 in
1383 2363 117 58 quo
1450 2363 168 58 positu
1568 2363 134 58 fuit
1652 2363 168 58 corpus
1769 2363 117 58 do-

1086 2408 139 55 mini,
1178 2408 232 55 reuertentes
1364 2408 217 55 parauerunt
1534 2408 170 55 aromata
1658 2408 77 55 &
1674 2408 170 55 vnguenta.

1079 2457 113 50 modo
1150 2457 99 50 non
1206 2457 141 50 licuit
1305 2457 155 50 operari
1418 2457 85 50 in
1460 2457 99 50 die
1517 2457 141 50 festo.
1616 2457 226 50 Respondetur.
1785 2457 71 50 Li-

1089 2495 101 55 cuit
1153 2495 101 55 illo
1216 2495 89 55 die
1267 2495 114 55 opera
1343 2495 190 55 spiritualia
1495 2495 139 55 facere:
1596 2495 101 55 quae
1660 2495 152 55 fecerunt
1761 2495 89 55 bonae

1087 2540 180 46 mulieres
1222 2540 105 46 non
1282 2540 180 46 obstante
1416 2540 150 46 festo.
1521 2540 165 46 Sabbatu
1641 2540 135 46 tamen
1715 2540 135 46 hebdoma

1088 2586 114 46 dale
1159 2586 114 46 erat
1230 2586 128 46 maius
1315 2586 142 46 festum
1415 2586 71 46 &
1443 2586 199 46 celebrius:
1600 2586 128 46 quam.
1685 2586 100 46 xv.
1742 2586 128 46 luna:
1813 2586 43 46 &

1078 2630 114 49 xxi.
1149 2630 128 49 luna:
1234 2630 100 49 qui
1291 2630 128 49 erant
1377 2630 114 49 dies
1448 2630 214 49 celeberrimi
1619 2630 128 49 inter
1704 2630 142 49 illos.
1790 2630 71 49 pro

1092 2675 146 52 pterea
1195 2675 88 52 ab
1239 2675 132 52 opere
1327 2675 88 52 in
1371 2675 161 52 sabbato
1488 2675 205 52 quieuerunt
1649 2675 190 52 mulieres:
1795 2675 88 52 in

1088 2720 148 70 sabbato
1195 2720 108 70 enim
1263 2720 94 70 non
1317 2720 148 70 licebat
1425 2720 189 70 praeparare
1573 2720 135 70 cibum,
1667 2720 94 70 nec
1721 2720 94 70 ire
1762 2720 94 70 vltra
