2349 3322
522 470 273 88 cquamErtio
736 470 175 88 circa
853 470 156 88 hanc
931 470 97 88 di-

509 535 77 82 &
539 535 261 82 aestinctionem
754 535 215 82 quaeritur.
922 535 92 82 An
953 535 92 82 lai-

584 586 112 59 cus
648 586 191 59 teneatur
791 586 112 59 sub
855 586 175 59 vtraque
966 586 80 59 spe

587 626 113 62 cie
651 626 258 62 communicare.
861 626 145 62 Mouet
942 626 97 62 haec

491 654 283 77 cataalquaestio
727 654 94 77 ob
775 654 189 77 Bohemos:
916 654 110 77 qui
963 654 79 77 con

529 714 235 60 himunicant
714 714 134 60 suis
798 714 168 60 laicis
899 714 134 60 corpus

293 718 148 100 ⁋gER.
391 718 99 100 A,
441 718 165 100 gesqu.
556 718 198 100 Ccuristi
704 718 115 100 sub
770 718 181 100 vtraque
886 718 148 100 specie-

258 818 84 43 ⁋
292 818 252 43 Respondetur
493 818 101 43 ad
544 818 252 43 quaestionem
745 818 118 43 per
796 818 235 43 conclusiones

263 857 228 52 sequentes.
442 857 146 52 Prima
539 857 130 52 est.
620 857 146 52 Valde
718 857 195 52 indecens
864 857 114 52 est
913 857 130 52 habere

268 905 159 53 aliquam
383 905 130 53 legem
470 905 159 53 humanam
585 905 246 53 praecipientem
787 905 188 53 quemlibet
917 905 116 53 laicum

266 947 254 48 communicare
470 947 119 48 sub
537 947 187 48 vtraque
673 947 187 48 specie.
809 947 220 48 Probatur.
961 947 85 48 Nam

261 990 138 49 illud
353 990 107 49 est
414 990 215 49 inductiuum
583 990 169 49 plurium
706 990 291 49 inconuenientium
951 990 92 49 in
982 990 61 49 re

259 1028 162 60 ligione
377 1028 221 60 Christiana:
554 1028 118 60 ergo
628 1028 103 60 lex
686 1028 133 60 super
775 1028 103 60 hoc
834 1028 177 60 faciendo
952 1028 88 60 lata

268 1075 86 45 no
311 1075 101 45 est
368 1075 158 45 decens:
484 1075 72 45 &
512 1075 101 45 per
570 1075 202 45 consequens
729 1075 101 45 non
786 1075 158 45 meretur
901 1075 115 45 dici
959 1075 72 45 lex

271 1113 106 59 Haec
337 1113 120 59 autem
417 1113 239 59 inconvenientia
616 1113 186 59 sequuntur.
763 1113 133 59 facile
856 1113 106 59 enim
909 1113 133 59 effunde,

271 1160 125 61 retur
354 1160 125 61 super
438 1160 153 61 terram,
549 1160 167 61 haerbas,
674 1160 97 61 vel
730 1160 139 61 vestes
827 1160 153 61 sanguis
924 1160 125 61 Christi

267 1208 75 56 a
297 1208 136 56 tanta
388 1208 181 56 laicorum
524 1208 242 56 multitudine,
720 1208 91 56 in
765 1208 106 56 qua
826 1208 136 56 multi
916 1208 121 56 sunt
977 1208 75 56 im-

262 1253 208 55 prudentes
422 1253 80 55 &
454 1253 160 55 rudes.
566 1253 176 55 Insuper
693 1253 208 55 oporteret
853 1253 96 55 in
901 1253 144 55 magna
981 1253 64 55 pa

265 1293 154 56 rochia
373 1293 154 56 habere
481 1293 154 56 multas
589 1293 170 56 species
713 1293 124 56 vini
790 1293 108 56 pro
852 1293 154 56 populo
944 1293 93 56 con-

277 1335 185 58 municando
419 1335 171 58 paratas:
547 1335 114 58 quae
618 1335 142 58 facile
718 1335 185 58 acesceret
860 1335 71 58 &
889 1335 85 58 in
917 1335 128 58 acetosi

281 1390 121 49 tatem
361 1390 256 49 converterentur.
577 1390 135 49 muscae
671 1390 121 49 etiam
752 1390 67 49 &
779 1390 108 49 alia
846 1390 162 49 animalia
967 1390 67 49 a
981 1390 67 49 deo

284 1431 185 53 crearentur
429 1431 119 53 aeque
508 1431 79 53 vt
548 1431 79 53 ad
587 1431 211 53 corruptionem
759 1431 106 53 vini
825 1431 79 53 si
864 1431 92 53 hic
917 1431 132 53 esset:
996 1431 40 53 i

277 1465 162 59 nauseam
395 1465 147 59 magnam
498 1465 206 59 sumentium.
660 1465 147 59 quando
763 1465 118 59 item
837 1465 206 59 deferretur
984 1465 59 59 Eu

280 1512 189 53 charistia
425 1512 87 53 de
468 1512 116 53 loco
541 1512 87 53 in
584 1512 145 53 locum:
686 1512 189 53 facillime
831 1512 145 53 fieret
918 1512 131 53 effusio

272 1556 206 49 sanguinis
431 1556 190 49 Christi:
573 1556 127 49 siue
652 1556 190 49 deferens
795 1556 143 49 pedes
890 1556 111 49 vel
937 1556 111 49 eques

271 1599 179 63 deferat.
405 1599 193 63 Praeterea
554 1599 89 63 in
599 1599 149 63 pascha
703 1599 104 63 pro
762 1599 223 63 multitudine
926 1599 119 63 commu-

268 1659 169 43 nicanda
391 1659 123 43 opus
468 1659 138 43 esset
560 1659 138 43 magno
652 1659 138 43 vase,
744 1659 123 43 quod
821 1659 185 43 inueniri
944 1659 108 43 faci-

275 1693 80 49 le
315 1693 93 49 non
368 1693 147 49 potest.
475 1693 80 49 Ex
515 1693 107 49 isto
581 1693 160 49 sequitur
701 1693 107 49 quod
768 1693 120 49 nulla
848 1693 93 49 est
901 1693 93 49 lex
941 1693 107 49 humana

278 1737 90 57 hoc
330 1737 206 57 praecipiens.
497 1737 64 57 &
523 1737 116 57 patet
601 1737 103 57 hoc:
665 1737 103 57 quia
729 1737 129 57 nescis
820 1737 116 57 illam
897 1737 116 57 legem
962 1737 77 57 doce

281 1779 88 56 re.
331 1779 75 56 De
368 1779 88 56 his
418 1779 113 56 autem
493 1779 100 56 quae
556 1779 88 56 non
606 1779 100 56 sunt
668 1779 63 56 &
693 1779 88 56 non
743 1779 163 56 apparent,
868 1779 100 56 idem
931 1779 88 56 est
968 1779 75 56 iudi

280 1831 138 47 cium.
372 1831 77 47 ⁋
403 1831 169 47 Secunda
526 1831 215 47 conclusio:
695 1831 154 47 laicum
803 1831 231 47 communicare
972 1831 77 47 sub

290 1870 145 47 vtraque
395 1870 131 47 specie
487 1870 92 47 non
540 1870 92 47 est
592 1870 79 47 de
632 1870 105 47 iure
697 1870 145 47 diuino.
802 1870 171 47 probatur.
934 1870 105 47 quia
986 1870 53 47 da

286 1913 88 53 to
330 1913 190 53 opposito,
476 1913 175 53 sequitur
608 1913 117 53 haec
681 1913 205 53 conclusio.
841 1913 117 53 Tota
900 1913 146 53 ecclesia

280 1956 171 60 demptis
405 1956 171 60 Bohemis
529 1956 187 60 aberrat:
669 1956 78 60 &
700 1956 93 60 in
747 1956 171 60 mortali
871 1956 171 60 peccato
980 1956 62 60 de

276 2001 131 56 cedit
364 2001 190 56 continuo,
510 2001 73 56 &
539 2001 175 56 decessit
671 2001 73 56 a
700 2001 102 56 tot
758 2001 146 56 diebus
860 2001 88 56 vt
889 2001 161 56 nesciatur

284 2044 87 59 de
328 2044 204 59 principio:
488 2044 73 59 &
517 2044 145 59 nullus
619 2044 160 59 adultus
735 2044 174 59 decedens
866 2044 160 59 fuisset
968 2044 87 59 sal-

284 2088 131 53 uatus,
376 2088 105 53 quae
442 2088 118 53 nefas
520 2088 92 53 est
573 2088 184 53 concedere.
717 2088 105 53 Quia
783 2088 158 53 sequatur
901 2088 118 53 patet
967 2088 79 53 sic.

288 2135 106 55 per
348 2135 242 55 aduersarios,
545 2135 167 55 homines
666 2135 182 55 tenentur
803 2135 227 55 communicare
969 2135 76 55 sub

295 2187 135 46 vtraque
393 2187 135 46 specie:
491 2187 98 46 quod
552 2187 110 46 tamen
626 2187 86 46 non
675 2187 159 46 fecerunt.
797 2187 98 46 quod
859 2187 86 46 hoc
908 2187 61 46 a
920 2187 135 46 longissi-

280 2222 97 57 mis
336 2222 125 57 annis
419 2222 97 57 sit
475 2222 209 57 obseruatum,
642 2222 139 57 patet.
740 2222 111 57 quia
809 2222 97 57 hoc
865 2222 97 57 non
907 2222 139 57 legitur:

288 2264 96 50 nec
343 2264 82 50 de
384 2264 110 50 modo
453 2264 206 50 seruandarum
617 2264 178 50 specierum
754 2264 164 50 dandarum
878 2264 151 50 laicis,
973 2264 69 50 ne-

290 2315 164 49 cessarium
416 2315 113 49 tamen
492 2315 139 49 fuisset
593 2315 164 49 ecclesiae
719 2315 113 49 super
794 2315 88 49 hoc
845 2315 164 49 prouidere
958 2315 88 49 aeque

282 2357 85 55 ac
324 2357 127 55 super
409 2357 184 55 ministris
551 2357 71 55 &
579 2357 127 55 aliis
664 2357 99 55 hoc
720 2357 212 55 sacramentum
876 2357 184 55 contingenti

284 2401 107 51 bus:
351 2401 107 51 quod
418 2401 121 51 nullo
498 2401 107 51 modo
565 2401 161 51 legitur.
686 2401 147 51 Secundo
793 2401 174 51 arguitur.
927 2401 121 51 nihil
994 2401 67 51 de-

279 2449 95 51 bet
334 2449 136 51 asseri
429 2449 109 51 esse
497 2449 82 51 de
538 2449 109 51 iure
606 2449 136 51 diuino
702 2449 109 51 nisi
770 2449 150 51 constet
879 2449 95 51 per
933 2449 109 51 quem
988 2449 54 51 mo

288 2484 88 57 dum
339 2484 88 57 sit
389 2484 76 57 de
427 2484 101 57 iure
490 2484 139 57 diuino:
591 2484 88 57 sed
641 2484 88 57 non
692 2484 139 57 constat
792 2484 101 57 quod
855 2484 113 57 laico
931 2484 88 57 sit
969 2484 88 57 prae-

296 2528 132 60 ceptum
388 2528 132 60 sumere
481 2528 93 60 sub
534 2528 146 60 vtraque
640 2528 146 60 specie,
746 2528 106 60 quod
812 2528 172 60 probatur:
945 2528 106 60 quia
998 2528 66 60 non

286 2585 102 49 ex
337 2585 153 49 facto
439 2585 187 49 Curisti
575 2585 221 49 apostolos
746 2585 289 49 communicantis
967 2585 85 49 sub

290 2619 150 59 vtraque
399 2619 150 59 specie.
508 2619 95 59 Nam
563 2619 123 59 primo
645 2619 68 59 /
672 2619 109 59 illi
740 2619 123 59 erant
822 2619 204 59 sacerdotes.
972 2619 95 59 Secun

276 2661 89 50 do
321 2661 74 50 /
350 2661 207 50 sacerdotes
513 2661 104 50 non
572 2661 148 50 habent
676 2661 133 50 illud
765 2661 89 50 ex
809 2661 193 50 praecepto
943 2661 118 50 diuino

286 2710 111 65 plus
355 2710 111 65 quam
425 2710 125 65 alii:
508 2710 97 65 sed
563 2710 125 65 solum
646 2710 180 65 praecepto
784 2710 152 65 humano:
895 2710 83 65 vt
936 2710 125 65 patet
1006 2710 55 65 de

1099 313 187 74 consecra.
1243 313 130 74 dist.
1329 313 101 74 ii.
1387 313 86 74 c.
1430 313 216 74 Comperimus.
1603 313 159 74 Tertio.
1718 313 101 74 hoc
1762 313 115 74 potest

1107 378 173 55 admitti
1233 378 110 55 vel
1296 378 157 55 imponi
1406 378 157 55 paruae
1516 378 79 55 &
1547 378 189 55 prudenti
1673 378 204 55 multitudini

1098 427 245 45 quemadmodum
1293 427 147 45 erant
1391 427 212 45 apostoli,
1554 427 82 45 &
1587 427 114 45 non
1652 427 179 45 omnibus
1766 427 98 45 nunc

1113 466 175 56 Quarto.
1240 466 143 56 facta
1335 466 175 56 Christi
1462 466 111 56 non
1526 466 127 56 sunt
1605 466 111 56 lex
1653 466 222 56 obligatoria:

1101 510 186 56 alioquin
1240 510 170 56 essemus
1364 510 186 56 obligati
1503 510 155 56 facere
1612 510 201 56 miracula.
1751 510 124 56 Postre

1096 556 101 52 mo.
1153 556 159 52 Actuum.
1269 556 101 52 ii.
1327 556 159 52 legimus
1442 556 87 52 de
1485 556 188 52 conversis
1630 556 87 52 ad
1673 556 130 52 fidem
1760 556 101 52 per
1803 556 72 52 apo

1108 594 157 52 stolos.
1222 594 129 52 Erant
1308 594 129 52 autem
1393 594 243 52 perseuerantes
1593 594 86 52 in
1636 594 171 52 doctrina
1750 594 129 52 aposto-

1093 636 153 58 lorum
1195 636 85 58 &
1229 636 307 58 communicatione
1485 636 85 58 &
1519 636 222 58 fractione
1690 636 170 58 panis.
1792 636 85 58 vbi

1101 679 137 62 nulla
1192 679 106 62 est
1253 679 152 62 mentio
1359 679 91 62 de
1405 679 198 62 speciebus
1542 679 106 62 vini.

1100 725 99 83 ⁋
1140 725 197 83 Contra
1278 725 217 83 priorem
1435 725 315 83 conclusionem
1672 725 217 83 arguitur.

1103 789 222 54 Presbyteri
1277 789 222 54 comunicant
1452 789 111 54 sub
1515 789 174 54 vtraque
1642 789 174 54 specie:
1768 789 127 54 ergo
1832 789 48 54 &

1107 834 131 50 laici
1195 834 102 50 sub
1253 834 160 50 vtraque
1369 834 145 50 specie
1470 834 218 50 communicare
1645 834 160 50 possunt
1761 834 102 50 per
1804 834 73 50 le-

1110 883 93 55 gem
1163 883 146 55 aliquam
1269 883 172 55 statutam.
1401 883 66 55 ⁋
1428 883 212 55 Respondetur.
1600 883 212 55 consequentia
1773 883 93 55 est
1812 883 80 55 nul-

1105 926 105 50 la.
1165 926 210 50 Presbyteri
1330 926 120 50 enim
1405 926 120 50 sunt
1480 926 150 50 cultui
1586 926 150 50 diuino
1691 926 210 50 mancipati:
1841 926 45 50 &

1099 970 86 52 le
1142 970 130 52 multi
1228 970 115 52 mali
1300 970 130 52 sint:
1387 970 173 52 plurimum
1516 970 130 52 tamen
1602 970 115 52 sunt
1674 970 130 52 plebe
1746 970 130 52 pruden-

1104 1019 165 50 tiores:
1224 1019 75 50 &
1254 1019 120 50 vasa
1329 1019 105 50 sua
1389 1019 90 50 ad
1434 1019 105 50 hoc
1494 1019 180 50 officium
1630 1019 150 50 habent
1720 1019 165 50 deputata:

1099 1057 84 62 vt
1141 1057 112 62 sunt
1211 1057 168 62 calices.
1338 1057 112 62 ista
1408 1057 126 62 autem
1492 1057 98 62 non
1548 1057 154 62 possunt
1660 1057 168 62 reperiti
1787 1057 84 62 in
1815 1057 70 62 to-

1108 1099 85 62 ta
1150 1099 226 62 multitudine:
1334 1099 99 62 nec
1391 1099 127 62 esset
1475 1099 212 62 rationabile
1645 1099 113 62 dare
1716 1099 127 62 legem
1786 1099 85 62 quod

1096 1138 221 68 prudentes
1266 1138 153 68 omnes
1368 1138 119 68 sub
1436 1138 187 68 vtraque
1573 1138 170 68 specie
1675 1138 204 68 communica-

1104 1192 136 55 rent:
1194 1192 106 55 nam
1255 1192 181 55 quilibet
1391 1192 166 55 putaret
1512 1192 91 55 se
1557 1192 106 55 tam
1617 1192 196 55 prudentem
1768 1192 121 55 quam
1829 1192 60 55 so

1092 1231 167 69 cium
1176 1231 146 69 suum.

1094 1273 110 78 ⁋
1138 1273 220 78 Contra
1292 1273 264 78 secundam
1490 1273 352 78 conclusionem
1776 1273 154 78 ar-

1114 1338 137 61 guitur
1210 1338 96 61 per
1265 1338 123 61 illud
1347 1338 110 61 quod
1416 1338 165 61 loannis.
1539 1338 96 61 vi.
1594 1338 192 61 scribitur.
1745 1338 110 61 Amen
1800 1338 82 61 amen

1104 1382 118 53 dico
1178 1382 148 53 vobis.
1282 1382 118 53 Nisi
1356 1382 267 53 manducaueritis
1578 1382 148 53 carnem
1682 1382 133 53 filii
1756 1382 133 53 hominis

1108 1430 71 47 &
1136 1430 185 47 biberitis
1278 1430 114 47 eius
1350 1430 199 47 sanguinem:
1506 1430 100 47 non
1563 1430 185 47 habebitis
1705 1430 128 47 vitam
1791 1430 85 47 in
1819 1430 57 47 vo

1116 1476 119 50 bis.
1191 1476 75 50 ⁋
1220 1476 238 50 Respondetur.
1414 1476 134 50 sermo
1504 1476 104 50 est
1563 1476 134 50 illic
1653 1476 89 50 de
1682 1476 209 50 manducatione

1113 1520 198 59 spirituali.
1271 1520 145 59 Secundo
1377 1520 145 59 dicitur
1483 1520 66 59 /
1509 1520 106 59 quod
1575 1520 79 59 si
1615 1520 106 59 quis
1681 1520 119 59 sumit
1760 1520 92 59 sub
1800 1520 79 59 spe-

1114 1568 107 52 cie
1175 1568 153 52 panis:
1282 1568 184 52 manducat
1420 1568 138 52 carne
1512 1568 77 52 &
1543 1568 215 52 sanguinem.
1711 1568 77 52 ⁋
1742 1568 169 52 Secundo

1115 1604 174 55 arguitur.
1248 1604 187 55 sequeretur
1395 1604 107 55 quod
1462 1604 134 55 Bohemi
1555 1604 67 55 /
1582 1604 147 55 Graeci,
1689 1604 67 55 &
1715 1604 107 55 alii
1769 1604 120 55 communi

1102 1656 139 48 cantes
1200 1656 111 48 suis
1269 1656 139 48 laicis
1367 1656 223 48 Eucharistiam
1548 1656 97 48 sub
1603 1656 153 48 vtraque
1715 1656 153 48 specie:
1826 1656 84 48 in

1107 1697 93 48 hoc
1160 1697 160 48 tenerent
1280 1697 173 48 haeresim:
1413 1697 67 48 &
1440 1697 93 48 per
1493 1697 186 48 consequens
1639 1697 133 48 essent
1719 1697 160 48 haeretici.

1119 1742 59 60 ⁋
1143 1742 189 60 Respondetur.
1296 1742 71 60 si
1331 1742 94 60 isti
1390 1742 142 60 praefati
1497 1742 118 60 dicant
1579 1742 94 60 esse
1638 1742 71 60 de
1674 1742 94 60 iure
1732 1742 118 60 diuino
1803 1742 71 60 quod

1125 1787 180 55 quilibet
1260 1787 150 55 laicus
1366 1787 135 55 sumat
1456 1787 241 55 Eucharistiam
1651 1787 105 55 sub
1712 1787 165 55 vtraque
1817 1787 75 55 spe

1110 1828 106 50 cie:
1176 1828 92 50 iam
1229 1828 132 50 tenent
1321 1828 172 50 haeresim.
1453 1828 66 50 &
1480 1828 79 50 si
1519 1828 92 50 cum
1572 1828 185 50 pertinacia
1717 1828 92 50 hoc
1757 1828 132 50 tueantur

1111 1874 115 46 sunt
1182 1874 187 46 heretici,
1326 1874 101 46 non
1383 1874 115 46 enim
1455 1874 129 46 minor
1541 1874 101 46 est
1599 1874 172 46 haeresis
1728 1874 144 46 dicere
1814 1874 72 46 ali

1118 1921 114 59 quid
1189 1921 114 59 esse
1260 1921 86 59 de
1303 1921 114 59 iure
1374 1921 157 59 diuino:
1489 1921 114 59 quod
1560 1921 100 59 non
1617 1921 100 59 est
1674 1921 86 59 de
1717 1921 114 59 iure
1774 1921 114 59 diuino

1111 1959 100 60 qui
1168 1959 143 60 negare
1268 1959 157 60 aliquid
1382 1959 114 60 esse
1453 1959 86 60 de
1496 1959 114 60 iure
1567 1959 143 60 diuino
1667 1959 114 60 quod
1738 1959 100 60 est
1795 1959 86 60 de
1824 1959 71 60 iu-

1109 2015 98 48 re
1158 2015 180 48 diuino.
1288 2015 98 48 Et
1337 2015 212 48 propterea
1500 2015 180 48 loannes
1631 2015 131 48 Hus,
1712 2015 82 48 &
1729 2015 163 48 Hierony-

1112 2049 113 52 mus
1176 2049 97 52 de
1225 2049 161 52 Praga,
1338 2049 97 52 in
1386 2049 194 52 concilio
1531 2049 274 52 Constantiensi
1741 2049 145 52 cremati

1114 2096 122 49 sunt.
1196 2096 109 49 Esto
1264 2096 122 49 etiam
1345 2096 109 49 quod
1413 2096 95 49 non
1468 2096 136 49 dicant
1563 2096 122 49 illud
1644 2096 109 49 esse
1712 2096 82 49 de
1753 2096 109 49 iure
1807 2096 82 49 diui

1112 2143 101 45 no:
1169 2143 115 45 quia
1241 2143 130 45 tamen
1328 2143 144 45 nolunt
1428 2143 173 45 recipere
1558 2143 216 45 traditionem
1716 2143 173 45 rationabi-

1120 2185 99 57 lem
1176 2185 198 57 ecclesiae:
1332 2185 99 57 sed
1388 2185 141 57 inniti
1487 2185 141 57 volunt
1586 2185 155 57 proprio
1699 2185 155 57 sensui:
1797 2185 85 57 sunt

1105 2226 270 59 inobedientes
1324 2226 84 59 &
1341 2226 236 59 schismatici.

1374 2413 144 99 sam
1457 2413 247 99 Vaeritur
1642 2413 206 99 vltimo
1766 2413 124 99 quis

1400 2491 126 68 dsit
1479 2491 142 68 modus
1574 2491 237 68 celebrandi.
1748 2491 126 68 Respon

1399 2535 187 65 udetur.
1535 2535 153 65 multa
1637 2535 102 65 de
1687 2535 136 65 modo
1755 2535 119 65 cele-

1390 2579 141 62 rbrandi
1492 2579 166 62 tanguntur
1620 2579 77 62 de
1659 2579 141 62 consec.
1761 2579 128 62 disti.
1838 2579 38 62 i

1414 2620 96 72 In
1462 2620 177 72 primis:
1591 2620 145 72 sicut
1687 2620 161 72 nullus
1784 2620 96 72 nisi

1364 2659 100 72 Qu
1414 2659 201 72 sacerdos
1565 2659 167 72 potest
1665 2659 218 72 consecrare:

1386 2718 114 71 ita
1451 2718 114 71 non
1516 2718 146 71 debet
1613 2718 130 71 esse
1678 2718 195 71 celebratio
