2314 3313
456 294 114 60 nisi
527 294 85 60 in
570 294 128 60 locis
655 294 228 60 consecratis:
840 294 114 60 nisi
911 294 128 60 summa
997 294 171 60 coegerit
1110 294 100 60 neces

462 351 120 60 sitas.
546 351 72 60 vt
582 351 132 60 dicitur
678 351 72 60 in
714 351 72 60 c.
750 351 108 60 Sicut
822 351 84 60 non
871 351 108 60 alii.
943 351 96 60 ista
1003 351 108 60 autem
1063 351 144 60 necessitas

452 396 181 55 exponitur
592 396 84 55 in
633 396 98 55 ca.
689 396 209 55 Concedimus.
856 396 98 55 Ibi
912 396 112 55 enim
982 396 153 55 dicitur
1094 396 84 55 ex
1121 396 98 55 conci

451 444 109 55 lio
514 444 249 55 Triburiensi.
716 444 218 55 Concedimus
887 444 140 55 etiam
981 444 93 55 vt
1027 444 156 55 sicubi
1121 444 93 55 &c.-

454 479 179 62 ecclesiae
592 479 151 62 fuerint
702 479 165 62 incensae
826 479 69 62 &
853 479 193 62 combustae:
1005 479 83 62 in
1046 479 165 62 capellis
1156 479 69 62 cum

453 526 138 64 tabula
550 526 194 64 consecrata
702 526 138 64 missas
799 526 138 64 iterum
896 526 180 64 celebrari
1020 526 194 64 permittimus:

443 572 134 51 donec
533 572 194 51 ecclesiae
682 572 134 51 ipsae
771 572 209 51 restaurari
935 572 164 51 queant.
1055 572 90 51 In
1085 572 134 51 itinere

465 616 107 62 vero
532 616 148 62 positis
639 616 81 62 si
680 616 161 62 ecclesia
800 616 175 62 defuerit,
935 616 94 62 sub
989 616 121 62 diuo,
1069 616 94 62 seu
1123 616 81 62 in
1150 616 67 62 tem

453 658 146 60 toriis:
559 658 80 60 si
599 658 133 60 tabula
692 658 146 60 altaris
798 658 199 60 consecrata,
958 658 186 60 caeteraque
1104 658 120 60 sacra
1171 658 53 60 mi

445 705 163 51 nisteria
568 705 81 51 ad
608 705 81 51 id
649 705 163 51 officium
771 705 204 51 pertinentia
934 705 95 51 ibi
988 705 190 51 affuerint:
1124 705 95 51 missa

451 751 105 55 rum
511 751 180 55 solemnia
646 751 194 55 celebrari
795 751 224 55 concedimus.
975 751 90 55 Et
1020 751 135 55 istud
1094 751 135 55 permit-

451 788 133 53 titur
540 788 177 53 secundum
672 788 133 53 legem
761 788 192 53 communem,
908 788 103 53 non
967 788 162 53 videtur
1085 788 118 53 idem
1144 788 74 53 fa-

447 835 165 55 ciendum
567 835 90 55 in
612 835 120 55 naui
687 835 120 55 quae
762 835 105 55 est
822 835 90 55 in
868 835 120 55 mari
943 835 195 55 quocumque
1078 835 135 55 tempore

458 881 109 51 Cum
521 881 140 51 autem
614 881 109 51 non
677 881 140 51 patet
770 881 187 51 accessus
911 881 250 51 rationabilis
1114 881 94 51 ad
1145 881 78 51 ter

446 922 114 53 ram:
517 922 129 53 tales
603 922 200 53 excusantur
760 922 86 53 ab
803 922 186 53 auditione
946 922 157 53 missae.
1060 922 129 53 esset
1131 922 86 53 enim

445 963 202 68 periculum
601 963 217 68 effusionis
772 963 202 68 sanguinis
927 963 186 68 Christi:
1067 963 78 68 a
1098 963 109 68 quo
1144 963 78 68 vbi

446 1008 193 56 caueretur,
598 1008 138 56 posset
695 1008 193 56 celebrari.
846 1008 110 56 Dixi
915 1008 110 56 (cum
984 1008 97 56 non
1040 1008 124 56 patet
1109 1008 110 56 accesi

449 1062 105 48 sus
509 1062 240 48 rationabilis
704 1062 90 48 ad
749 1062 165 48 terram)
868 1062 90 48 ob
913 1062 165 48 piratas
1033 1062 75 48 &
1063 1062 150 48 tales:
1153 1062 75 48 qui

437 1099 108 57 non
498 1099 216 57 excusantur
668 1099 77 57 a
698 1099 293 57 sanctificatione
945 1099 123 57 diei
1022 1099 200 57 dominicae
1160 1099 62 57 in

444 1153 194 45 audienda
589 1153 162 45 missa:
703 1153 129 45 nisi
783 1153 162 45 quando
897 1153 162 45 habent
994 1153 226 45 rationabilem

447 1193 158 62 causam
558 1193 110 62 ibi
621 1193 189 62 manendi:
762 1193 126 62 quia
841 1193 189 62 fortasse
983 1193 236 62 descendendo
1156 1193 63 62 in

448 1239 151 51 terram
553 1239 211 51 caperentur
719 1239 105 51 aut
779 1239 256 51 occiderentur.
990 1239 196 51 Corporale
1126 1239 105 51 debet

454 1272 120 65 esse
529 1272 90 65 ex
574 1272 120 65 puro
650 1272 136 65 lineo
740 1272 105 65 vel
800 1272 151 65 linteo
906 1272 90 65 ab
951 1272 181 65 episcopo
1071 1272 151 65 consecra

452 1336 100 39 to,
509 1336 72 39 &
538 1336 100 39 non
595 1336 86 39 ex
638 1336 143 39 serico
738 1336 100 39 vel
795 1336 115 39 alio
867 1336 143 39 panno.
967 1336 86 39 vt
1010 1336 158 39 habetur
1125 1336 86 39 in
1153 1336 72 39 ca.

457 1367 184 53 Consulto
594 1367 168 53 omnium.
717 1367 107 53 hoc
778 1367 122 53 enim
855 1367 214 53 significat
1023 1367 184 53 sindonem
1145 1367 77 53 mun

456 1413 133 50 dam:
540 1413 117 50 qua
606 1413 200 50 Christus
756 1413 217 50 inuolutus
923 1413 133 50 fuit
1006 1413 100 50 in
1040 1413 183 50 sepulcro.

457 1455 122 53 Calix
539 1455 95 53 sit
593 1455 82 53 ex
634 1455 109 53 auro
702 1455 68 53 /
729 1455 150 53 argento
838 1455 68 53 /
865 1455 95 53 vel
920 1455 136 53 stano.
1015 1455 95 53 aes
1069 1455 109 53 enim
1137 1455 68 53 &
1151 1455 68 53 ori

447 1505 169 50 chalcum
569 1505 199 50 rubiginem
722 1505 230 50 contrahunt:
906 1505 77 50 &
937 1505 169 50 vomitum
1044 1505 184 50 prouocant.

444 1545 103 49 ca.
503 1545 88 49 Vt
547 1545 147 49 calix.
650 1545 132 49 quare
738 1545 103 49 nec
796 1545 161 49 lignum,
914 1545 103 49 nec
973 1545 161 49 vitrum,
1090 1545 103 49 nec
1134 1545 88 49 alia

448 1588 165 52 materia
568 1588 90 52 ab
613 1588 135 52 illis
703 1588 150 52 tribus
808 1588 225 52 enumeratis,
988 1588 105 52 est
1033 1588 195 52 sufficiens.

456 1632 90 54 Et
501 1632 135 54 licet
591 1632 135 54 calix
680 1632 194 54 sepulcrum
830 1632 180 54 Christi,
965 1632 75 54 &
995 1632 150 54 patena
1084 1632 135 54 lapidem

453 1679 122 59 supra
534 1679 149 59 positum
642 1679 203 59 significet:
804 1679 122 59 tamen
885 1679 122 59 lapis
966 1679 95 59 non
1020 1679 95 59 est
1060 1679 162 59 sufficiens

455 1722 181 56 materia:
591 1722 106 56 nec
651 1722 166 56 oportet
772 1722 166 56 figuram
893 1722 91 56 in
938 1722 166 56 omnibus
1044 1722 181 56 respondere

446 1776 185 49 figurato.
617 1776 128 49 Licet
702 1776 128 49 autem
788 1776 85 49 in
830 1776 85 49 ca
873 1776 100 49 Hoc
930 1776 157 49 quoque.
1044 1776 157 49 dicatur
1144 1776 85 49 quod

465 1813 168 51 duodebent
594 1813 168 51 interesse
724 1813 220 51 celebrationi:
905 1813 103 51 quia
969 1813 155 51 dicitur:
1086 1813 142 51 dominus
1176 1813 52 51 vo

454 1858 151 49 biscum,
564 1858 69 49 &
592 1858 124 49 orate
674 1858 96 49 pro
730 1858 96 49 me:
785 1858 193 49 consuetudo
936 1858 124 49 tamen
1019 1858 124 49 iuris
1087 1858 138 49 positiui

451 1900 166 59 humani
568 1900 166 59 optima
684 1900 199 59 interpss
833 1900 116 59 hoc
900 1900 233 59 euacuauit.
1083 1900 133 59 Sine
1149 1900 83 59 sa-

460 1947 123 51 cris
537 1947 185 51 vestibus
675 1947 108 51 non
737 1947 138 51 debet
829 1947 215 51 celebrari.
998 1947 92 51 c.
1029 1947 200 51 Vestimenta.

498 1987 152 61 Gratia
605 1987 137 61 cuius
696 1987 152 61 notato
802 1987 122 61 quod
878 1987 106 61 sex
939 1987 122 61 sunt
1015 1987 213 61 vestimenta
1167 1987 61 61 sa

456 2033 164 56 cerdotis
579 2033 191 56 simplicis.
730 2033 96 56 hoc
784 2033 96 56 est
839 2033 96 56 non
894 2033 178 56 episcopi,
1031 2033 150 56 amictus
1126 2033 96 56 sicic

459 2077 134 53 alba,
549 2077 194 53 cingulum,
698 2077 209 53 manipulus,
862 2077 149 53 stola,
966 2077 164 53 planeta
1086 2077 119 53 siue
1145 2077 90 53 casu

464 2130 89 48 la:
515 2130 101 48 quae
578 2130 114 48 omnia
654 2130 190 48 representat
807 2130 165 48 passionem
933 2130 139 48 Christi
1035 2130 152 48 secundum
1136 2130 89 48 illud

460 2170 182 49 Apostoli.
600 2170 98 49 ii.
656 2170 84 49 ad
697 2170 168 49 Corinth.
823 2170 98 49 xi.
879 2170 251 49 Quotienscumque
1074 2170 154 49 manducabi

471 2214 90 53 tis
522 2214 115 53 panem
599 2214 103 53 hunc
664 2214 64 53 &
689 2214 141 53 calicem
792 2214 154 53 bibetis:
907 2214 128 53 mortem
997 2214 128 53 domini
1074 2214 154 53 annunciabi

462 2258 113 53 tis
526 2258 145 53 donec
623 2258 177 53 veniat.
751 2258 177 53 Amictus
880 2258 129 53 enim
961 2258 113 53 quo
1025 2258 145 53 caput
1105 2258 129 53 sacer-

458 2304 131 53 dotis
545 2304 174 53 tegitur,
675 2304 203 53 significat
835 2304 160 53 velamen
951 2304 102 53 quo
1009 2304 145 53 ludaei
1110 2304 87 53 in
1139 2304 87 53 domo

462 2340 155 63 Caiphae
575 2340 141 63 faciem
673 2340 155 63 Curisti
786 2340 183 63 velabant,
927 2340 225 63 percutientes
1110 2340 70 63 &
1124 2340 113 63 dicen-

476 2384 107 56 tes:
543 2384 188 56 Prophetiza
690 2384 121 56 nobis
771 2384 148 56 Christe
878 2384 107 56 quis
946 2384 94 56 est
999 2384 94 56 qui
1053 2384 81 56 te
1080 2384 161 56 percussit.

463 2430 142 53 Matth.
562 2430 128 53 xxvi.
648 2430 114 53 Alba
719 2430 142 53 vestem
819 2430 128 53 albam
904 2430 71 53 &
933 2430 199 53 irrisoriam
1090 2430 100 53 qui
1132 2430 100 53 velut

468 2475 166 50 stultus
589 2475 91 50 ab
634 2475 151 50 Herode
740 2475 166 50 illusus
861 2475 181 50 remissus
996 2475 106 50 est
1057 2475 91 50 ad
1087 2475 151 50 Pilatum.

471 2518 150 61 Lucae.
576 2518 150 61 xxiii.
681 2518 165 61 Planeta
801 2518 120 61 siue
877 2518 150 61 casula
982 2518 150 61 vestem
1072 2518 165 61 purpurean

460 2568 230 52 representat:
647 2568 101 52 qua
704 2568 216 52 circundatus
877 2568 86 52 in
920 2568 187 52 praetorio
1064 2568 144 52 Pilati
1151 2568 86 52 post

458 2611 269 57 flagellationem,
684 2611 71 57 a
713 2611 184 57 militibus
855 2611 170 57 irrisus,
982 2611 198 57 percussus,
1138 2611 71 57 &
1152 2611 85 57 ini-

471 2664 135 43 micis
561 2664 180 43 ostensus
696 2664 120 43 est:
771 2664 165 43 dicente
890 2664 165 43 Pilato:
1010 2664 120 43 Ecce
1085 2664 135 43 homo.
1160 2664 75 43 Io.

466 2704 124 67 xix.
543 2704 139 67 Tona,
635 2704 154 67 stola,
744 2704 77 67 &
775 2704 216 67 manipulus,
944 2704 139 67 funes
1037 2704 154 67 quibus
1130 2704 108 67 Chri

1276 303 119 49 stus
1351 303 164 49 ligatus
1470 303 104 49 est
1529 303 89 49 in
1574 303 179 49 captione
1708 303 75 49 &
1738 303 253 49 flagellatione
1932 303 119 49 signi-

1279 349 161 53 ficant.
1397 349 147 53 Sensum
1499 349 132 53 autem
1587 349 176 53 mysticum
1720 349 161 53 istorum
1837 349 176 53 prosequi
1954 349 103 53 inane

1281 401 147 44 censeo:
1387 401 147 44 quoniam
1494 401 160 44 quilibet
1614 401 93 44 pro
1667 401 93 44 suo
1721 401 160 44 arbittio
1841 401 120 44 talem
1907 401 147 44 fabricat.

1309 437 111 54 Non
1372 437 143 54 debet
1467 437 206 54 celebrati
1626 437 127 54 sine
1705 437 158 54 lumine
1816 437 79 54 &
1847 437 143 54 igne.
1942 437 111 54 Nam
1990 437 63 54 ob

1273 480 89 48 id
1318 480 148 48 quidam
1421 480 177 48 sacerdos
1554 480 118 48 fuit
1628 480 177 48 priuatus
1761 480 207 48 beneficio.
1923 480 89 48 de
1953 480 103 48 cele.

1287 527 120 46 mii.
1362 527 105 46 ca.
1422 527 165 46 vltimo.
1543 527 135 46 Ignis
1633 527 90 46 in
1678 527 150 46 altari
1783 527 105 46 meo
1843 527 150 46 semper
1934 527 135 46 ardebit

1288 573 185 48 Leuitici.
1430 573 100 48 vi.
1487 573 214 48 Eucharistia
1658 573 128 48 etiam
1744 573 128 48 debet
1829 573 157 48 seruari
1943 573 85 48 in
1972 573 85 48 loco

1280 616 146 51 mundo
1377 616 81 51 &
1409 616 178 51 honesto
1539 616 194 51 firmiter
1685 616 162 51 clauso
1798 616 113 51 cum
1863 616 178 51 lampade
1976 616 81 51 vel

1279 664 148 40 caereo
1383 664 178 40 ardente.
1517 664 104 40 Qui
1576 664 178 40 sequitur
1710 664 89 40 me
1754 664 104 40 non
1814 664 163 40 ambulat
1932 664 89 40 in
1962 664 104 40 tene-

1285 704 129 47 bris:
1370 704 100 47 sed
1428 704 157 47 habebit
1542 704 129 47 lumen
1628 704 143 47 vitae.
1727 704 100 47 Io.
1785 704 129 47 viii.
1899 704 143 47 Altare
1985 704 71 47 sit

1288 749 167 48 lapideum
1413 749 209 48 consecratum
1581 749 97 48 non
1636 749 181 48 enormiter
1775 749 167 48 fractum.
1901 749 84 48 de
1929 749 125 48 consec-

1283 794 132 60 disti.
1375 794 79 60 i.
1415 794 79 60 c.
1454 794 145 60 Altaria
1560 794 158 60 placuit.
1679 794 132 60 eisdem
1771 794 92 60 ves
1824 794 211 60 congruentiis
1983 794 79 60 qui-

1287 838 93 58 bus
1340 838 120 58 decet
1420 838 173 58 ecclesiam
1553 838 106 58 esse
1619 838 213 58 consecratam.
1792 838 80 58 si
1832 838 93 58 aut
1885 838 93 58 non
1938 838 93 58 sit
1978 838 80 58 lapi

1282 883 131 53 deum,
1370 883 116 53 vngi
1443 883 102 53 non
1501 883 146 53 debet.
1603 883 131 53 lapis
1690 883 116 53 enim
1763 883 102 53 est
1821 883 175 53 communis
1952 883 73 53 &
1967 883 87 53 dura

1280 925 134 46 bilis:
1373 925 94 46 nec
1427 925 134 46 semper
1521 925 148 46 habetur
1628 925 148 46 episcos
1736 925 80 46 ad
1776 925 228 46 consecrandum.
1964 925 67 46 &
1977 925 94 46 signi

1295 970 124 47 ficat
1378 970 179 47 Christum.
1515 970 82 47 i.
1556 970 82 47 ad
1598 970 151 47 Corith.
1708 970 82 47 x.
1749 970 124 47 Petra
1831 970 124 47 autem
1914 970 110 47 erat
1969 970 96 47 Chri-

1291 1017 131 47 stus.
1379 1017 73 47 &
1408 1017 145 47 Matth.
1510 1017 116 47 xvi.
1582 1017 131 47 Super
1669 1017 116 47 hanc
1742 1017 145 47 petram
1844 1017 204 47 aedificabo
1989 1017 73 47 ec-

1293 1058 156 57 clesiam
1406 1058 128 57 meam.
1491 1058 170 57 Christus
1619 1058 114 57 enim
1690 1058 99 57 est
1747 1058 213 57 fundamentum
1903 1058 156 57 ecclesiae

1284 1104 74 47 &
1314 1104 147 47 fidei.
1417 1104 88 47 i.
1461 1104 88 47 ad
1505 1104 177 47 Corinth.
1638 1104 118 47 iii.
1711 1104 221 47 Eundamentum
1888 1104 133 47 aliud
1962 1104 88 47 nemo

1299 1149 124 47 potest
1386 1149 124 47 ponere
1472 1149 137 47 praeter
1572 1149 75 47 id
1609 1149 99 47 quod
1671 1149 137 47 positum
1770 1149 99 47 est,
1833 1149 99 47 quod
1895 1149 87 47 est
1932 1149 124 47 Christus

1298 1191 135 47 lesus.
1393 1191 81 47 Et
1434 1191 122 47 licet
1515 1191 81 47 in
1555 1191 135 47 veteri
1650 1191 189 47 testamento
1799 1191 149 47 fiebant
1907 1191 149 47 altaria
2002 1191 54 47 ex

1284 1240 196 46 diuersis
1430 1240 163 46 rebus:
1545 1240 163 46 vtpote
1659 1240 163 46 lignis
1773 1240 179 46 Sethim.
1903 1240 163 46 Exodi.
2001 1240 49 46 A

1299 1282 133 50 auro.
1388 1282 118 50 iii.
1461 1282 147 50 Regum.
1565 1282 118 50 vii.
1638 1282 162 50 Salomon
1756 1282 133 50 fecit
1845 1282 147 50 altare
1933 1282 133 50 aureum.

1291 1324 85 52 ex
1333 1324 141 52 terra.
1432 1324 141 52 Exodi.
1530 1324 99 52 xx.
1587 1324 127 52 tamen
1671 1324 99 52 non
1728 1324 99 52 est
1784 1324 113 52 idem
1855 1324 85 52 in
1897 1324 113 52 nouo
1953 1324 113 52 testa-

1292 1372 136 46 mento:
1387 1372 109 46 quia
1455 1372 95 46 pro
1510 1372 149 46 tempore
1618 1372 122 46 legis
1700 1372 136 46 tantum
1795 1372 109 46 vnum
1862 1372 109 46 fuit
1930 1372 136 46 altare
2012 1372 54 46 ho

1290 1412 199 54 locausti.
1443 1412 77 54 &
1473 1412 122 54 quia
1550 1412 92 54 in
1596 1412 168 54 deserto
1718 1412 153 54 mobile
1825 1412 122 54 erat
1902 1412 107 54 cum
1948 1412 122 54 taber-

1291 1457 168 52 naculo:
1413 1457 122 52 ideo
1489 1457 214 52 congruebat
1657 1457 122 52 esse
1733 1457 183 52 ligneum.
1855 1457 214 52 Hierosolymis

1288 1504 128 51 autem
1373 1504 114 51 erat
1444 1504 185 51 immobile.
1587 1504 142 51 potuit
1687 1504 85 51 ee
1729 1504 85 51 ex
1772 1504 128 51 auro:
1858 1504 100 51 tum
1915 1504 100 51 nim
1957 1504 100 51 abun-

1283 1542 150 51 dabat
1384 1542 167 51 opibus
1501 1542 201 51 Salomon,
1651 1542 100 51 vt
1701 1542 167 51 patet.
1818 1542 134 51 iii.
1902 1542 167 51 Regum.
2002 1542 67 51 x.

1291 1590 86 47 Et
1334 1590 143 47 vnicum
1434 1590 115 47 erat
1506 1590 158 47 altare,
1620 1590 100 47 non
1678 1590 100 47 sic
1735 1590 100 47 est
1793 1590 129 47 inter
1864 1590 201 47 Christianos.

1327 1637 97 48 De
1375 1637 193 48 tempore:
1520 1637 209 48 celebrare
1681 1637 145 48 potes
1778 1637 97 48 ad
1826 1637 225 48 duodecimam
1987 1637 81 48 in-

1285 1684 174 53 clusiue:
1416 1684 131 53 paulo
1503 1684 116 53 post
1576 1684 131 53 nihil
1663 1684 160 53 refert.
1779 1684 160 53 hocest:
1895 1684 102 53 non
1938 1684 131 53 oportet

1286 1721 241 55 punctaliter
1479 1721 161 55 oculum
1591 1721 161 55 habere
1704 1721 96 55 ad
1752 1721 241 55 duodecimam.
1945 1721 129 55 ltem
2010 1721 80 55 sit

1294 1767 120 59 homo
1369 1767 105 59 non
1429 1767 135 59 nimis
1518 1767 150 59 longus
1623 1767 90 59 in
1668 1767 135 59 missa
1758 1767 120 59 quam
1833 1767 135 59 multi
1922 1767 180 59 audiunt:
2042 1767 45 59 )

1284 1811 91 54 ne
1329 1811 107 54 pro
1390 1811 107 54 sua
1451 1811 137 54 parua
1542 1811 198 54 deuorione
1695 1811 213 54 ariditatem
1862 1811 76 54 &
1892 1811 167 54 nauseam
1999 1811 76 54 det

1284 1859 138 55 aliis.
1381 1859 152 55 talibus
1491 1859 110 55 enim
1560 1859 221 55 sacerdotibus
1740 1859 138 55 dicere
1836 1859 138 55 potest
1919 1859 138 55 populus.

1294 1899 151 48 inquit
1399 1899 211 48 Guilielmus
1565 1899 226 48 Parisiensis
1746 1899 90 48 in
1792 1899 151 48 diuina
1882 1899 181 48 rhetorica.

1300 1942 167 55 Dederunt
1425 1942 83 55 in
1467 1942 125 55 escam
1550 1942 111 55 meam
1620 1942 111 55 fel.
1690 1942 125 55 secus
1773 1942 97 55 est
1829 1942 83 55 de
1870 1942 139 55 missis
1968 1942 83 55 in
1995 1942 70 55 se-

1300 1985 123 61 creto
1382 1985 218 61 celebrandis.
1587 1985 137 61 Duplex
1683 1985 123 61 autem
1765 1985 96 61 est
1819 1985 137 61 missa:
1915 1985 137 61 quadam
1997 1985 68 61 com

1299 2031 173 53 uentualis
1432 2031 66 53 &
1458 2031 186 53 popularis,
1604 2031 106 53 quae
1671 2031 146 53 tamquam
1777 2031 186 53 principale
1923 2031 106 53 diei
1976 2031 93 53 offi-

1294 2075 112 50 cium
1364 2075 84 50 in
1406 2075 167 50 conventu
1531 2075 139 50 totius
1629 2075 139 50 populi
1726 2075 209 50 celebratur:
1894 2075 112 50 quae
1963 2075 70 50 &
1977 2075 98 50 paro-

1291 2123 160 59 chialis
1408 2123 145 59 missa,
1509 2123 189 59 solennis,
1654 2123 102 59 vel
1712 2123 160 59 publica
1828 2123 218 59 appellatur.
1988 2123 87 59 Alia

1297 2167 98 57 est
1353 2167 126 57 missa
1437 2167 154 57 priuata
1549 2167 98 57 vel
1605 2167 196 57 peculiaris
1758 2167 98 57 vel
1814 2167 154 57 votiua:
1926 2167 112 57 quae
1996 2167 70 57 a
2010 2167 56 57 sa

1305 2210 205 48 cerdotibus
1466 2210 88 48 ex
1510 2210 175 48 speciali
1641 2210 248 48 institutione,
1846 2210 205 48 beneficio,
1992 2210 73 48 vel

1294 2254 202 56 deuotione:
1452 2254 72 56 &
1481 2254 101 56 non
1539 2254 101 56 pro
1596 2254 115 56 toto
1668 2254 144 56 populo
1769 2254 216 56 celebratur.
1928 2254 144 56 Caeterum

1301 2301 143 46 missa
1396 2301 238 46 celebranda,
1587 2301 159 46 quando
1697 2301 111 46 est
1761 2301 95 46 ex
1808 2301 206 46 praecepto
1951 2301 127 46 audire

1302 2338 160 54 missam,
1419 2338 131 54 debet
1506 2338 116 54 esse
1578 2338 87 54 de
1622 2338 131 54 festo
1709 2338 131 54 diei.
1796 2338 87 54 de
1840 2338 131 54 cele.
1927 2338 145 54 missa.
2014 2338 58 54 c.

1303 2392 171 41 Quidam
1422 2392 171 41 laici.
1542 2392 85 41 &
1576 2392 239 41 potissimum
1764 2392 171 41 quando
1883 2392 119 41 est
1934 2392 137 41 festum

1294 2426 115 53 quod
1365 2426 172 53 secundum
1494 2426 244 53 consuetudinem
1695 2426 86 53 in
1738 2426 186 53 matutinis
1882 2426 100 53 non
1925 2426 143 53 transfer

1304 2470 104 59 tur.
1369 2470 117 59 Laici
1447 2470 117 59 tamen
1525 2470 169 59 audientes
1655 2470 117 59 aliam
1734 2470 130 59 quibus
1825 2470 91 59 est
1877 2470 182 59 ignorantia
2007 2470 65 59 in-

1302 2516 227 54 uincibilis,
1484 2516 227 54 excusantur.
1696 2516 106 54 Sed
1756 2516 151 54 contra
1862 2516 91 54 id
1907 2516 121 54 quod
1983 2516 91 54 de
2013 2516 61 54 sa

1307 2559 101 49 cris
1370 2559 151 49 vestibus
1484 2559 126 49 dictum
1572 2559 88 49 est
1623 2559 126 49 potest
1711 2559 139 49 obiici:
1812 2559 139 49 quoniam
1913 2559 114 49 stola
1976 2559 101 49 potest

1302 2610 119 55 esse
1377 2610 104 55 non
1436 2610 209 55 benedicta.
1600 2610 134 55 patet
1690 2610 119 55 sic.
1764 2610 164 55 ponatur
1883 2610 134 55 stola
1958 2610 119 55 quintu

1307 2649 195 56 pedalis.
1453 2649 114 56 iam
1518 2649 114 56 vna
1583 2649 211 56 pedalitas
1746 2649 130 56 quae
1827 2649 211 56 vetustate
1973 2649 98 56 con-

1301 2693 174 71 sumitur
1428 2693 158 71 potest
1539 2693 222 71 resarciri:
1713 2693 79 71 &
1745 2693 127 71 tota
1824 2693 127 71 erit
1887 2693 190 71 benedicta.
