2326 3325
468 307 96 51 haec
528 307 120 51 propon
612 307 84 51 est
660 307 96 51 vera
720 307 72 51 si
756 307 168 51 inferatur,
887 307 120 51 reatus
971 307 132 51 peccati
1067 307 96 51 erit
1127 307 72 51 in
1151 307 84 51 caelo

477 360 120 47 patet.
561 360 84 47 hic
609 360 96 47 homo
669 360 96 47 erit
728 360 72 47 in
764 360 120 47 caelo:
848 360 84 47 hic
896 360 96 47 homo
956 360 84 47 est
1004 360 84 47 vel
1052 360 96 47 erit
1111 360 120 47 reatus
1183 360 60 47 cul

468 403 106 56 pae:
534 403 106 56 ergo
600 403 132 56 reatus
692 403 132 56 culpae
784 403 106 56 erit
850 403 79 56 in
890 403 132 56 caelo:
982 403 79 56 de
1022 403 106 56 lege
1088 403 92 56 iam
1127 403 106 56 posita

477 444 61 55 &
501 444 86 55 hoc
550 444 86 55 non
599 444 86 55 est
648 444 110 55 aliud
722 444 122 55 dicere
807 444 98 55 quam
869 444 86 55 hic
918 444 98 55 homo
979 444 135 55 peccati
1077 444 98 55 reus
1138 444 98 55 erit
1187 444 49 55 in

465 492 128 50 caelo:
555 492 64 50 &
580 492 89 50 hoc
631 492 89 50 est
682 492 128 50 verum.
772 492 89 50 sed
823 492 102 50 illa
887 492 89 50 non
938 492 89 50 est
989 492 192 50 concedenda,
1130 492 102 50 reatus

464 537 137 51 peccati
563 537 87 51 est
613 537 75 51 in
651 537 125 51 caelo.
738 537 137 51 Simiter
838 537 100 51 ista
901 537 87 51 est
951 537 187 51 concedenda,
1101 537 125 51 reatus
1176 537 62 51 cul

471 580 91 54 pae
523 580 157 54 actualis
641 580 105 54 fuit
706 580 157 54 antequam
824 580 105 54 erat
889 580 131 54 reatus
981 580 131 54 culpae
1072 580 157 54 actualis
1177 580 52 54 in

458 621 125 51 sorte,
546 621 100 51 quia
609 621 125 51 sortes
696 621 100 51 fuit
759 621 150 51 antequam
872 621 113 51 esset
947 621 125 51 reatus
1035 621 125 51 culpae
1110 621 125 51 actualis

460 658 109 62 Dico
528 658 177 62 actualis:
664 658 109 62 quia
732 658 95 62 non
786 658 122 62 prius
868 658 109 62 erat
936 658 136 62 sortes
1031 658 95 62 qui
1085 658 109 62 erat
1140 658 81 62 reat

457 708 131 52 culpe
545 708 219 52 originalis.
720 708 102 52 Sed
779 708 102 52 his
837 708 131 52 multi
924 708 204 52 doctoresse
1070 708 161 52 inuoluenm

463 753 95 60 tes
518 753 150 60 obscure
627 753 177 60 loquuntur
763 753 82 60 de
803 753 136 60 macula
899 753 163 60 peccati:
1021 753 68 60 &
1048 753 109 60 actu
1103 753 122 60 peccati

464 796 202 60 transeunte.
625 796 161 60 Interdum
746 796 135 60 namque
840 796 148 60 remanet
948 796 161 60 habitus,
1056 796 161 60 nonnunquam

467 837 104 63 ille
532 837 195 63 extinguitur
688 837 91 63 cum
740 837 117 63 actu:
818 837 65 63 &
844 837 104 63 tunc
908 837 117 63 nulla
986 837 169 63 quaelitas
1103 837 130 63 positiua

456 883 94 58 vel
509 883 189 58 priuatiua:
658 883 148 58 relatio
765 883 202 58 extrinsecus
927 883 94 58 vel
981 883 202 58 intrinsecus
1129 883 94 58 adue-

450 924 132 59 niens
538 924 132 59 manet
626 924 88 59 in
670 924 205 59 peccatore.
831 924 102 59 Non
889 924 117 59 enim
963 924 176 59 opineris
1080 924 146 59 peccatum

444 968 154 66 animam
552 968 185 66 maculare
690 968 123 66 more
767 968 216 66 aliquorum,
937 968 139 66 sicut
1030 968 200 66 atrametum
1168 968 62 66 pa

460 1011 136 61 pyrum:
555 1011 203 61 relinquendo
718 1011 176 61 vestigium
854 1011 149 61 aliquod
962 1011 81 61 in
1003 1011 81 61 ea
1043 1011 122 61 aliud
1125 1011 81 61 ab
1165 1011 95 61 ha-

453 1062 127 53 bitum.
542 1062 76 53 Ex
581 1062 153 53 nonullis
695 1062 115 53 autem
772 1062 153 53 peccatis
886 1062 76 53 in
924 1062 140 53 corpore
1026 1062 178 53 generantur
1166 1062 89 53 ma-

448 1100 87 61 li
492 1100 175 61 humores,
623 1100 160 61 homines
740 1100 87 61 ad
784 1100 131 61 malum
871 1100 219 61 incitantes:
1046 1100 87 61 vt
1090 1100 87 61 ex
1119 1100 102 61 ebrie

455 1151 129 54 tate,
540 1151 186 54 excessiuo
683 1151 129 54 cibo:
769 1151 71 54 &
798 1151 129 54 forte
883 1151 171 54 peccatis
1012 1151 157 54 carnis.
1112 1151 114 54 Pcatum

447 1192 105 51 enim
512 1192 105 51 quod
578 1192 92 51 non
630 1192 131 51 statim
722 1192 92 51 per
774 1192 209 51 poenitentiam
944 1192 157 51 eluitur,
1062 1192 92 51 mox
1114 1192 92 51 suo
1153 1192 79 51 pon-

439 1237 117 63 dere
512 1237 87 63 ad
556 1237 131 63 aliud
643 1237 160 63 trahit.
760 1237 102 63 hoc
818 1237 102 63 est
876 1237 189 63 relinquit
1022 1237 131 63 malos
1095 1237 131 63 habitus

446 1278 84 74 in
488 1278 140 74 anima:
586 1278 70 74 &
614 1278 140 74 carnem
713 1278 84 74 ad
755 1278 126 74 malum
839 1278 183 74 propensam
966 1278 126 74 reddit.

476 1331 263 85 Secundus
673 1331 263 85 terminus
871 1331 154 85 est
937 1331 285 85 poenitentia

447 1410 93 53 qui
500 1410 159 53 bifariam
619 1410 185 53 accipitur.
765 1410 93 53 Vno
818 1410 106 53 modo
884 1410 93 53 est
937 1410 119 53 nomen
1016 1410 172 53 virtutis.
1136 1410 79 53 Alio

449 1455 111 46 modo
519 1455 97 46 est
574 1455 125 46 nomen
658 1455 209 46 sacramenti:
825 1455 70 46 &
852 1455 125 46 inter
936 1455 97 46 has
991 1455 209 46 acceptiones
1144 1455 70 46 non

453 1499 111 58 parum
526 1499 160 58 interest.
649 1499 74 58 Vt
686 1499 98 58 enim
748 1499 86 58 est
797 1499 197 58 sacramentum,
957 1499 86 58 est
1006 1499 123 58 signum
1080 1499 135 58 sensibile

448 1543 74 56 vt
485 1543 173 56 quaestione
621 1543 148 56 sequente
732 1543 173 56 aperietur.
868 1543 74 56 vt
905 1543 111 56 autem
979 1543 87 56 est
1029 1543 111 56 nomen
1090 1543 124 56 virtutis

442 1581 87 67 est
491 1581 150 67 quilitas
604 1581 125 67 metis.
691 1581 150 67 Interdum
803 1581 112 67 tamen
878 1581 100 67 late
941 1581 162 67 accipitur
1065 1581 87 67 pro
1115 1581 87 67 omi
1153 1581 62 67 poe

440 1626 84 54 na
482 1626 196 54 voluntarie
636 1626 98 54 pro
692 1626 168 54 peccatis
818 1626 182 54 assumpta.
957 1626 70 54 &
985 1626 98 54 hoc
1041 1626 112 54 modo
1111 1626 98 54 sic
1153 1626 70 54 de-

438 1673 145 66 finitur.
547 1673 181 66 Poenitentia
692 1673 85 66 est
740 1673 193 66 displicentia
897 1673 72 66 de
933 1673 145 66 peccatis
1042 1673 157 66 commissis
1151 1673 60 66 pro

443 1714 105 60 pter
508 1714 118 60 deum:
587 1714 79 60 vt
627 1714 131 60 nollem
718 1714 79 60 me
758 1714 157 60 peccatis
876 1714 105 60 deum
941 1714 197 60 offendisse.
1099 1714 92 60 vel
1138 1714 79 60 vei-

444 1754 90 66 lem
495 1754 77 66 me
534 1754 90 66 non
585 1754 180 66 offendisse
726 1754 115 66 deum,
803 1754 90 66 vel
855 1754 141 66 aliquid
957 1754 141 66 simile,
1060 1754 90 66 nec
1111 1754 90 66 est
1150 1754 64 66 ne-

434 1801 175 56 cessarium
568 1801 81 56 in
608 1801 108 56 omni
675 1801 108 56 tali
743 1801 215 56 displicentia
917 1801 121 56 habie
998 1801 188 56 propositum
1132 1801 81 56 actu

428 1853 95 49 ale
483 1853 81 49 de
523 1853 203 49 confessione
685 1853 149 49 vocali,
793 1853 95 49 nec
847 1853 122 49 etiam
928 1853 95 49 est
982 1853 203 49 necessarium
1131 1853 81 49 haie

444 1901 155 56 ppositum
560 1901 142 56 actuale
663 1901 142 56 cauendi
767 1901 64 56 a
792 1901 155 56 peccatis
908 1901 77 56 in
947 1901 168 56 posterum:
1076 1901 77 56 vt
1102 1901 103 56 quando

436 1943 194 50 peccatorum
588 1943 180 50 futurorum
727 1943 152 50 memoria
837 1943 97 50 non
893 1943 180 50 occurrit:
1031 1943 69 50 &
1059 1943 125 50 etiam
1128 1943 83 50 for-

427 1986 83 55 te
469 1986 83 55 si
511 1986 181 55 occurrat,
650 1986 167 55 sufficit
775 1986 97 55 non
830 1986 125 55 velle
914 1986 83 55 in
956 1986 167 55 posterum
1067 1986 139 55 peccare.

438 2025 151 65 Securius
552 2025 114 65 tamen
628 2025 88 65 est
678 2025 164 65 proponere
804 2025 164 65 abstinere
930 2025 76 65 in
968 2025 139 65 futurum
1069 2025 88 65 cum
1107 2025 101 65 gratia

431 2072 128 56 dei.
511 2072 112 56 Cui
575 2072 176 56 alludit
703 2072 208 56 definitio
863 2072 224 56 Ambrosiana
1039 2072 96 56 in
1087 2072 160 56 quodam

430 2115 144 64 sermodoe
538 2115 228 64 quaedragesimae.
730 2115 84 64 vbi
778 2115 84 64 sic
827 2115 132 64 inquit.
923 2115 180 64 Poenitentia
1067 2115 84 64 est
1103 2115 108 64 praete-

423 2165 108 46 rita
490 2165 108 46 mala
557 2165 175 46 plangere,
692 2165 67 46 &
719 2165 175 46 plangenda
854 2165 135 46 iterum
948 2165 94 46 non
1002 2165 202 46 committere.
1150 2165 54 46 li

429 2208 103 55 cet
488 2208 133 55 istud
577 2208 148 55 possit
680 2208 207 55 exponiiper
842 2208 103 55 non
901 2208 133 55 habie
990 2208 207 55 propositum
1152 2208 89 55 in

443 2250 162 58 posterum
565 2250 176 58 peccandi.
700 2250 135 58 Potest
795 2250 122 58 autem
876 2250 108 58 quis
944 2250 135 58 habere
1039 2250 122 58 tales
1106 2250 95 58 actus

429 2294 159 59 bonos:
540 2294 127 59 volo
620 2294 191 59 accipere
763 2294 159 59 poenam
875 2294 127 59 sine
954 2294 191 59 murmure:
1082 2294 127 59 gaudeo

431 2336 93 56 de
478 2336 140 56 poena
571 2336 202 56 assumpta:
727 2336 109 56 qui
789 2336 124 56 sint
866 2336 202 56 virtutes.
1022 2336 155 56 Virtus
1115 2336 93 56 enim

432 2386 121 55 actui
512 2386 161 55 convenit
633 2386 107 55 plus
700 2386 107 55 quam
767 2386 148 55 habitui
875 2386 94 55 quo
928 2386 81 55 ad
969 2386 161 55 meritum.
1076 2386 121 55 secunda

423 2423 120 56 illud
503 2423 201 56 Aristotelis
664 2423 120 56 primi
744 2423 187 56 Ethicorum.
891 2423 120 56 viii.
971 2423 120 56 Atque
1052 2423 80 56 vt
1092 2423 80 56 in
1119 2423 80 56 Olym

439 2471 95 59 pia
494 2471 95 59 non
548 2471 82 59 hi
589 2471 95 59 qui
644 2471 109 59 sunt
712 2471 232 59 elegantissimi
902 2471 123 59 forma
970 2471 232 59 praestantissimi

428 2517 111 51 quod
497 2517 152 51 robore:
608 2517 97 51 sed
663 2517 83 51 hi
705 2517 97 51 qui
760 2517 193 51 decertant,
912 2517 152 51 coronis
1009 2517 193 51 afficiuntur.

443 2560 97 49 bed
499 2560 97 49 quo
554 2560 83 49 ad
596 2560 249 49 denominationem
803 2560 180 49 virtutis,
942 2560 152 49 propter
1039 2560 166 49 stabilita-

424 2605 86 46 tem
473 2605 123 46 virtus
559 2605 111 46 magis
633 2605 135 46 dicitur
731 2605 160 46 convenire
854 2605 135 46 habitui
953 2605 86 46 qui
1002 2605 123 46 actui:
1088 2605 86 46 cum
1125 2605 74 46 homo

433 2640 93 69 sit
486 2640 173 69 procliuis
619 2640 120 69 exire
698 2640 80 69 in
738 2640 120 69 actus
818 2640 93 69 sui
871 2640 159 69 habitus:
991 2640 120 69 actus
1070 2640 120 69 autem
1137 2640 66 69 non

429 2690 85 68 diu
477 2690 133 68 manent.
574 2690 157 68 Tristitia
695 2690 97 68 item
755 2690 60 68 /
780 2690 109 68 dolor
852 2690 60 68 /
876 2690 194 68 peregrinatio
1034 2690 60 68 /
1058 2690 60 68 &
1070 2690 133 68 huiusmodi

1292 308 122 75 actus
1374 308 177 75 imperati:
1510 308 95 75 vel
1564 308 177 75 passiones
1700 308 204 75 naturaliter
1863 308 177 75 sequentes
1985 308 82 75 dete

1296 368 182 61 stationem
1436 368 168 61 peccati:
1562 368 140 61 nonnum
1660 368 112 61 quam
1729 368 238 61 comprehendunt
1925 368 98 61 sub
1967 368 98 61 poeni

1296 413 159 51 tentia
1407 413 191 51 virtute:
1550 413 159 51 laxato
1661 413 127 51 ipso
1741 413 206 51 vocabulo.
1899 413 111 51 Sed
1947 413 127 51 pecca-

1294 460 131 45 torum
1381 460 247 45 praeteritorum
1584 460 247 45 displicentia,
1787 460 102 45 hoc
1845 460 102 45 est
1888 460 174 45 detestatio

1307 504 100 47 vel
1364 504 158 47 nolitio
1479 504 100 47 est
1536 504 215 47 poenitentia
1708 504 172 47 culparum
1837 504 201 47 purgatiua:
1980 504 86 47 quan

1301 538 176 66 contingit
1437 538 108 66 esse
1504 538 122 66 bonam
1585 538 68 66 &
1612 538 230 66 sufficientem:
1802 538 122 66 licet
1883 538 135 66 nulius
1964 538 108 66 sequa-

1291 591 107 49 tur
1352 591 137 49 dolor
1443 591 107 49 vel
1504 591 168 49 fletus.
1626 591 153 49 Aliqui
1733 591 122 49 enim
1810 591 122 49 sunt
1886 591 137 49 rudes
1977 591 76 49 &
1993 591 76 49 du-

1291 637 97 57 ri,
1347 637 208 57 difficulter
1513 637 167 57 fientes:
1638 637 111 57 alii
1708 637 194 57 teneriores
1861 637 69 57 &
1888 637 83 57 ad
1916 637 153 57 lachrymas

1291 680 182 49 propensi:
1431 680 140 49 quorum
1530 680 211 49 sensualitas
1698 680 154 49 mouetur
1810 680 140 49 facile
1909 680 70 49 a
1923 680 154 49 superiore

1288 726 241 55 motricescilie.
1488 726 187 55 voluntate.
1636 726 174 55 Vocabulum
1770 726 120 55 ipsum
1850 726 147 55 denique
1944 726 120 55 iterdum

1295 764 205 54 collectiue:
1460 764 164 54 interdum
1583 764 178 54 diuisiue,
1720 764 164 54 secundum
1843 764 192 54 exigentiam
1980 764 82 54 mate

1294 811 109 47 riae
1362 811 82 47 vt
1403 811 109 47 iste
1471 811 163 47 terminus
1593 811 149 47 logica,
1702 811 190 47 accipitur.
1879 811 82 47 Ex
1920 811 95 47 his
1960 811 109 47 infero

1290 858 205 53 proponnes,
1452 858 117 53 siue
1525 858 161 53 sequant
1642 858 176 53 praecise
1775 858 88 53 ex
1819 858 161 53 dictis,
1936 858 117 53 siue
1995 858 73 53 cum

1284 898 220 58 supplemento
1461 898 250 58 propositionum
1666 898 162 58 aliarum
1784 898 220 58 euidentium,
1960 898 103 58 non
2004 898 59 58 cu

1284 948 105 49 ro.
1344 948 135 49 Prima
1434 948 224 49 propositio.
1613 948 150 49 multae
1718 948 239 49 poenitentiae
1912 948 150 49 specie
2002 948 60 49 di

1291 982 224 67 stinguuntur.
1473 982 182 67 Probatur.
1613 982 126 67 multi
1698 982 126 67 actus
1782 982 224 67 poenitentiae
1950 982 112 67 cadunt

1295 1021 126 70 super
1379 1021 154 70 obiecta
1491 1021 140 70 specie
1589 1021 196 70 distincta:
1742 1021 112 70 ergo
1812 1021 126 70 actus
1896 1021 112 70 ipsi
1952 1021 112 70 specie

1294 1067 255 65 distinguuntur.
1507 1067 128 65 tenet
1592 1067 227 65 consequentia
1776 1067 85 65 ex
1819 1067 114 65 illo
1876 1067 184 65 Aristotelis

1283 1118 159 59 secundo
1398 1118 86 59 de
1441 1118 115 59 Aina
1513 1118 187 59 dicentis.
1657 1118 187 59 Potentiae
1802 1118 245 59 distinguuntur
1989 1118 72 59 per

1279 1161 137 51 actus:
1375 1161 69 51 &
1403 1161 124 51 actus
1485 1161 96 51 per
1540 1161 165 51 obiecta.
1664 1161 69 51 &
1691 1161 124 51 eodem
1774 1161 110 51 modo
1842 1161 165 51 probatur
1966 1161 82 51 de
1993 1161 69 51 ha-

1290 1199 155 58 bitibus:
1406 1199 103 58 quia
1470 1199 167 58 vtrobique
1599 1199 129 58 quanta
1689 1199 90 58 est
1741 1199 129 58 actuum
1831 1199 193 58 distinctio:
1973 1199 77 58 tan-

1280 1252 87 49 ta
1323 1252 101 49 est
1381 1252 174 49 habituum
1511 1252 217 49 naturaliter
1685 1252 87 49 ab
1729 1252 130 49 istis
1816 1252 159 49 actibus
1917 1252 145 49 emergen-

1278 1292 145 53 tium.
1375 1292 145 53 Nosti
1472 1292 145 53 autem
1569 1292 178 53 obiecta
1698 1292 178 53 istorum
1827 1292 161 53 actuum
1924 1292 129 53 specie

1276 1336 201 53 distingui.
1434 1336 144 53 nollem
1534 1336 187 53 superbiam
1678 1336 72 53 a
1706 1336 86 53 me
1749 1336 144 53 fuisse
1850 1336 201 53 commissam:
1993 1336 72 53 nol

1279 1378 106 62 lem
1339 1378 136 62 odium
1430 1378 76 62 a
1460 1378 91 62 me
1506 1378 151 62 fuisse
1612 1378 212 62 commissum:
1778 1378 151 62 nollem
1884 1378 136 62 odium
1974 1378 76 62 a
1990 1378 60 62 me

1287 1422 126 64 fuisse
1375 1422 163 64 commissum
1501 1422 138 64 propter
1601 1422 113 64 deum.
1677 1422 151 64 secundus
1789 1422 100 64 enim
1852 1422 63 64 &
1877 1422 138 64 tertius
1965 1422 88 64 actus

1274 1467 126 67 habent
1362 1467 138 67 obiecta
1463 1467 126 67 specie
1551 1467 176 67 distincta.
1689 1467 101 67 quia
1752 1467 138 67 tertius
1853 1467 113 67 actus
1928 1467 126 67 habent
2004 1467 50 67 me

1281 1517 121 65 dium
1356 1517 75 65 &
1387 1517 136 65 finem
1477 1517 106 65 pro
1538 1517 181 65 obiecto.
1704 1517 166 65 Secunda
1824 1517 226 65 propositio.
1991 1517 75 65 in-

1272 1559 148 60 terdum
1376 1559 193 60 poenitens
1524 1559 193 60 tristatur
1672 1559 74 60 &
1702 1559 163 60 gaudet:
1821 1559 119 60 nuit
1895 1559 74 60 &
1925 1559 133 60 vult.
1999 1559 59 60 pa

1279 1604 95 62 tet.
1338 1604 154 62 tristatur
1457 1604 71 62 de
1492 1604 130 62 peccato
1587 1604 178 62 praeterito:
1729 1604 59 62 &
1753 1604 118 62 gaudet
1836 1604 71 62 de
1871 1604 95 62 illa
1919 1604 130 62 tristitia

1287 1647 89 47 vel
1338 1647 102 47 nult
1402 1647 153 47 peccatum
1516 1647 191 47 praeteritum
1669 1647 140 47 fuisse:
1770 1647 64 47 &
1796 1647 102 47 vult
1859 1647 114 47 illam
1923 1647 127 47 nolitio-

1271 1693 107 60 nem.
1337 1693 80 60 Ex
1377 1693 107 60 isto
1444 1693 93 60 non
1498 1693 160 60 sequitur
1618 1693 107 60 quod
1685 1693 187 60 qualitates
1831 1693 187 60 contrariae
1965 1693 80 60 suni

1275 1730 80 63 in
1315 1730 119 63 eodem
1394 1730 172 63 subiecto:
1527 1730 106 63 quia
1593 1730 80 63 no
1633 1730 225 63 contrariantur
1818 1730 106 63 nisi
1885 1730 106 63 sint
1938 1730 119 63 eiusdem

1275 1786 156 60 obiecti,
1392 1786 104 60 quod
1457 1786 91 60 hic
1508 1786 91 60 non
1560 1786 182 60 contingit,
1703 1786 117 60 notum
1781 1786 91 60 est
1833 1786 104 60 enim
1897 1786 104 60 quod
1949 1786 104 60 possum

1273 1825 179 65 diligere
1407 1825 164 65 sortem:
1526 1825 75 65 &
1556 1825 119 65 odio
1631 1825 134 65 natre
1720 1825 134 65 simul
1810 1825 194 65 platonem:
1944 1825 104 65 quin-

1274 1866 131 63 immo
1356 1866 164 63 possum
1471 1866 181 63 remisse
1602 1866 197 63 diligere
1750 1866 82 63 &
1783 1866 131 63 odio
1865 1866 164 63 habere
1964 1866 82 63 eum

1272 1908 109 70 dem
1335 1908 140 70 simul
1428 1908 109 70 per
1490 1908 155 70 varias
1598 1908 295 70 apprehensiones.
1877 1908 155 70 Tertia
1970 1908 78 70 pro

1274 1960 170 46 positio.
1401 1960 127 46 licet
1486 1960 184 46 tristitia
1627 1960 212 46 naturaliter
1797 1960 170 46 sequatur
1910 1960 141 46 nolitio-

1262 2006 100 43 nem
1319 2006 171 43 alicuius
1447 2006 285 43 disconuenientis:
1689 2006 128 43 tamen
1774 2006 171 43 voluntas
1903 2006 142 43 potest
1988 2006 57 43 in

1269 2050 152 73 pedire
1375 2050 136 73 illam
1466 2050 227 73 nolitionem,
1648 2050 76 73 &
1678 2050 227 73 intellectum
1860 2050 91 73 ab
1890 2050 167 73 appraehen

1272 2082 134 67 sione
1347 2082 179 67 diuertere.

1309 2147 168 77 Pono
1414 2147 147 77 iam
1499 2147 337 77 conclusiones
1751 2147 295 77 responsiuas.

1265 2212 125 64 Prima
1349 2212 111 64 est.
1418 2212 125 64 Nulla
1502 2212 209 64 poenitentia
1668 2212 97 64 est
1724 2212 195 64 necessaria
1877 2212 83 64 ad
1905 2212 139 64 delendum

1273 2260 147 55 peccatum
1383 2260 147 55 probatur
1493 2260 171 55 conclusio:
1628 2260 86 55 nec
1677 2260 98 55 haec
1738 2260 86 55 nec
1787 2260 110 55 illa,
1860 2260 61 55 &
1885 2260 86 55 sic
1934 2260 73 55 de
1958 2260 86 55 aliis

1267 2313 119 56 quia
1342 2313 119 56 deus
1416 2313 90 56 de
1461 2313 179 56 potentia
1595 2313 179 56 absoluta
1730 2313 149 56 potest
1834 2313 194 56 dimittere
1968 2313 75 56 pec

1270 2358 125 49 catum
1354 2358 111 49 sine
1423 2358 223 49 poenitentia,
1604 2358 97 49 non
1660 2358 111 49 enim
1730 2358 153 49 alligat
1841 2358 111 49 suam
1897 2358 139 49 virtutem

1254 2390 229 65 sacramentis.
1469 2390 158 65 Secunda
1583 2390 201 65 conclusio.
1741 2390 86 65 de
1784 2390 172 65 potentia
1913 2390 100 65 dei
1956 2390 86 65 ordi

1261 2441 123 60 nata
1338 2441 138 60 nulla
1430 2441 231 60 poenitentia
1615 2441 108 60 est
1676 2441 215 60 necessaria
1845 2441 92 60 ad
1876 2441 154 60 delendum

1270 2474 169 58 peccatum
1396 2474 112 58 post
1467 2474 169 58 baptisma
1593 2474 197 58 commissum.
1748 2474 141 58 patet,
1846 2474 98 58 nec
1902 2474 112 58 ista
1959 2474 70 58 nec

1263 2531 121 42 illa,
1343 2531 67 42 &
1370 2531 94 42 sic
1424 2531 81 42 de
1465 2531 175 42 singulis:
1600 2531 108 42 ergo
1667 2531 135 42 nulla.
1762 2531 162 42 fortasse
1883 2531 135 42 dicis.
1978 2531 94 42 sin

1269 2578 165 45 gulares
1389 2578 194 45 negatiuae
1538 2578 105 45 non
1598 2578 180 45 inferunt
1733 2578 239 45 vniuersalem:
1927 2578 90 45 vt
1957 2578 90 45 cla-

1260 2621 94 54 re
1307 2621 141 54 patet
1402 2621 189 54 arguendo
1543 2621 94 54 ex
1590 2621 189 54 opposito
1732 2621 251 54 consequentis
1936 2621 94 54 ad
1967 2621 63 54 op

1262 2665 157 52 positum
1376 2665 157 52 anteis:
1490 2665 114 52 puta
1561 2665 85 52 ab
1604 2665 199 52 indefinita
1760 2665 214 52 affirmatiua
1931 2665 85 52 ad
1960 2665 71 52 dis

1261 2705 186 68 iunctiuam
1404 2705 200 68 compositam
1561 2705 86 68 ex
1604 2705 243 68 singularibus.
1804 2705 100 68 Hoc
1861 2705 100 68 non
1904 2705 129 68 impedit
