2280 3301
225 252 90 78 to
270 252 180 78 baptismi
405 252 105 78 vel
465 252 255 78 eucharistiae.
674 252 165 78 Dicitur
794 252 90 78 (a
824 252 180 78 sacerdote)

228 318 119 57 quia
303 318 104 57 non
362 318 179 57 sacerdos
496 318 104 57 non
556 318 149 57 potest
660 318 209 57 absoluere.
824 318 104 57 Nam
869 318 134 57 loannis

222 369 110 48 xx.
285 369 158 48 dictum
396 369 110 48 est
459 369 221 48 apostolis.
632 369 158 48 Quorum
742 369 236 48 remiseritis
915 369 95 48 pec-

229 410 135 43 cata.
319 410 105 43 &c.
379 410 150 43 quibus
484 410 225 43 praesbyteri
665 410 195 43 succedunt
815 410 105 43 quo
875 410 90 43 ad
905 410 90 43 hoc-

222 451 167 56 Additur
343 451 288 56 (iurisdictionem
585 451 182 56 habente)
721 451 121 56 quia
797 451 197 56 sententia
933 451 61 56 la

227 495 82 52 ta
268 495 68 52 a
296 495 96 52 non
350 495 96 52 suo
405 495 137 52 iudice
501 495 123 52 nulla
583 495 109 52 est.
651 495 96 52 si.
706 495 82 52 n.
747 495 123 52 alter
829 495 164 52 sacerdos
939 495 68 52 ab-

226 540 150 48 soluere
336 540 192 48 tentauerit
486 540 123 48 nihil
568 540 137 48 facit.
664 540 150 48 Dicitur
773 540 68 48 (
801 540 96 48 cum
842 540 164 48 intentione

224 585 160 45 debita)
340 585 102 45 hoc
398 585 116 45 est:
470 585 174 45 sacerdos
601 585 174 45 intendit
731 585 145 45 facere
833 585 116 45 quod
891 585 102 45 mater

220 626 166 50 ecclesia
345 626 180 50 intendit,
483 626 166 50 scilicet
608 626 263 50 ministerialiter
815 626 180 50 auctoritate

220 670 165 53 Curisti
340 670 210 53 absoluere.
505 670 75 53 ⁋
535 670 90 53 Ex
580 670 120 53 ista
655 670 225 53 definitione
835 670 150 53 infero
925 670 75 53 co-

220 719 187 50 rollaria.
363 719 144 50 Primum
464 719 115 50 est.
536 719 115 50 haec
607 719 101 50 est
665 719 201 50 disparata,
808 719 187 50 poenitentia

216 762 91 46 est
268 762 207 46 poenitentia,
436 762 155 46 capiendo
552 762 65 46 a
578 762 116 46 parte
656 762 155 46 subiecti
772 762 91 46 pro
824 762 155 46 virtute:
940 762 65 46 &
953 762 39 46 a

229 804 107 56 parte
301 804 167 56 praedicati
432 804 83 56 pro
479 804 179 56 sacramento.
623 804 60 56 ⁋
646 804 131 56 Secundo
742 804 72 56 se
777 804 119 56 quitur
861 804 95 56 quod
909 804 95 56 habent

223 861 255 41 connotationes
433 861 270 41 impertinentes.
659 861 105 41 Nam
719 861 225 41 poenitentia
884 861 120 41 sacium

214 895 175 47 supponit
345 895 102 47 pro
404 895 145 47 verbis
505 895 204 47 connotando
665 895 116 47 quod
738 895 218 47 proferantur
913 895 73 47 a
927 895 73 47 sa-

214 935 161 51 cerdote
332 935 264 51 iurisdictionem
551 935 176 51 habente.
683 935 88 51 de
727 935 220 51 poenitentia
888 935 103 51 autem

222 982 161 54 virtute
339 982 205 54 quaestione
500 982 219 54 praecedenti
675 982 161 54 loquuti
792 982 146 54 sumus.
895 982 73 54 ⁋
909 982 88 54 Ter-

216 1026 92 46 tio
268 1026 170 46 sequitur.
399 1026 105 46 quod
465 1026 131 46 quando
556 1026 157 46 dicimus,
674 1026 144 46 peccata
779 1026 105 46 sunt
844 1026 144 46 materia
936 1026 65 46 sa-

214 1069 169 50 cramenti
340 1069 239 50 poenitentiae:
537 1069 98 50 vel
593 1069 155 50 homines
706 1069 211 50 peccatores:
875 1069 98 50 ibi
931 1069 98 50 ma-

213 1117 131 45 teria
301 1117 102 45 non
359 1117 160 45 capitur
476 1117 102 45 pro
534 1117 160 45 materia
651 1117 87 45 ex
694 1117 117 45 qua:
767 1117 102 45 sed
826 1117 131 45 circa
899 1117 87 45 quam

223 1156 170 53 Quocirca
351 1156 128 53 multi
436 1156 170 53 inaniter
563 1156 85 53 se
606 1156 170 53 fatigant
734 1156 199 53 quaerendo:
890 1156 85 53 an
918 1156 71 53 pec

216 1203 107 47 cata
282 1203 107 47 sint
349 1203 147 47 materia
456 1203 227 47 poenitentiae:
643 1203 80 47 an
683 1203 147 47 homines
790 1203 214 47 confitentes.
951 1203 53 47 Di

215 1246 85 50 co
257 1246 113 50 quod
328 1246 113 50 ambo
399 1246 113 50 sunt
469 1246 155 50 materia
582 1246 240 50 poenitentiae:
780 1246 113 50 quia
851 1246 127 50 circa
921 1246 71 50 il-

219 1292 93 44 la
265 1292 201 44 exercetur
420 1292 232 44 poenitentia
605 1292 248 44 sacramentum.
806 1292 77 44 ⁋
837 1292 155 44 Quarto
930 1292 62 44 se

212 1335 136 51 quitur
308 1335 109 51 quod
376 1335 204 51 sacramentum
539 1335 218 51 poenitentiae
715 1335 95 51 non
770 1335 190 51 componitur
919 1335 82 51 ex
947 1335 54 51 ma

208 1381 131 48 teria
296 1381 73 48 &
325 1381 146 48 forma.
427 1381 117 48 nisi
500 1381 131 48 velis
587 1381 146 48 dicere
689 1381 117 48 quod
762 1381 131 48 voces
849 1381 117 48 sunt
908 1381 87 48 aer.

212 1425 110 48 sed
275 1425 158 48 loquor
386 1425 110 48 cum
449 1425 142 48 vulgo
544 1425 237 48 loquentibus
733 1425 126 48 quod
812 1425 142 48 voces
891 1425 110 48 sunt.

207 1470 212 52 accidentia
373 1470 91 52 in
419 1470 136 52 aere.
510 1470 151 52 nullum
616 1470 121 52 enim
691 1470 182 52 accidens
812 1470 182 52 componitur

219 1518 96 48 ex
267 1518 176 48 materia
395 1518 80 48 &
428 1518 144 48 forma
524 1518 257 48 metaphysice.
732 1518 209 48 sensibile
877 1518 112 48 autem

208 1558 137 54 verbum
304 1558 96 54 est
359 1558 164 54 materia.
482 1558 68 54 &
509 1558 109 54 quia
578 1558 192 54 requiritur
728 1558 164 54 intentio
838 1558 150 54 praesbyte

217 1602 75 44 ri
254 1602 100 44 quae
316 1602 87 44 est
366 1602 199 44 spiritualis:
528 1602 149 44 rationem
640 1602 125 44 formae
727 1602 187 44 participat:
876 1602 87 44 non
914 1602 87 44 tamen

205 1645 215 47 componit
366 1645 143 47 vnum
455 1645 125 47 hoc
527 1645 197 47 aliquid
670 1645 125 47 cum
742 1645 197 47 verbis.
867 1645 125 47 Patet

208 1689 143 52 istud.
308 1689 86 52 i.
351 1689 114 52 qui.
422 1689 86 52 i.
465 1689 157 52 Accedat
579 1689 143 52 verbum
679 1689 86 52 ad
722 1689 186 52 elementum
865 1689 71 52 &
894 1689 100 52 fit
937 1689 57 52 sa

215 1734 217 51 cramentum.,
388 1734 116 51 quod
461 1734 130 51 circa
548 1734 203 51 principium
707 1734 174 51 baptismi
823 1734 159 51 trifariam

221 1777 177 48 expositum
357 1777 109 48 est,
425 1777 109 48 quae
493 1777 218 48 expositiones
670 1777 150 48 nostris
779 1777 136 48 dictis
861 1777 122 48 astipu-

221 1822 156 45 lantur.
334 1822 71 45 ⁋
363 1822 142 45 Quinto
462 1822 170 45 sequitur
589 1822 113 45 quod
660 1822 184 45 contritio
802 1822 99 45 non
858 1822 99 45 est
901 1822 85 45 pars

214 1870 220 51 poenitentiae
393 1870 192 51 integralis
544 1870 220 51 poenitentiam
722 1870 192 51 componens,
859 1870 124 51 contri-

222 1910 77 50 io
261 1910 103 50 enim
325 1910 116 50 nihil
402 1910 116 50 aliud
479 1910 90 50 est
531 1910 90 50 qui
582 1910 193 50 poenitentia
737 1910 142 50 virtus:
840 1910 103 50 quae
904 1910 90 50 est
943 1910 51 50 ac

221 1956 128 46 cidens
311 1956 77 46 in
349 1956 128 46 anima.
439 1956 192 46 poenitentia
592 1956 115 46 autem
669 1956 192 46 sacramentum
823 1956 90 46 est
861 1956 128 46 accidens

202 1999 87 53 in
246 1999 131 53 aere.
333 1999 102 53 Nec
391 1999 102 53 est
449 1999 116 53 pars
522 1999 203 53 subiectiua
681 1999 160 53 secunde
783 1999 203 53 intentionali

212 2050 110 57 ter:
281 2050 96 57 sed
336 2050 96 57 est
391 2050 110 57 pars
460 2050 220 57 poenitentiae
639 2050 83 57 ad
680 2050 110 57 hunc
749 2050 151 57 sensum:
859 2050 110 57 quod
914 2050 69 57 poe

210 2090 185 48 nitentiae
352 2090 256 48 praesupponitur
565 2090 85 48 ad
608 2090 100 48 hoc
665 2090 85 48 vt
708 2090 213 48 poenitentia
864 2090 128 48 sacrium

213 2130 100 61 suum
276 2130 150 61 effectum
389 2130 125 61 causet
476 2130 100 61 puta
539 2130 150 61 gratiam:
651 2130 88 61 non
701 2130 113 61 sicut
776 2130 113 61 causa
851 2130 138 61 proprie
939 2130 50 61 di

213 2177 106 50 cta:
279 2177 93 50 sed
332 2177 120 50 sicut
412 2177 120 50 causa
492 2177 106 50 sine
558 2177 93 50 qua
611 2177 106 50 non.
678 2177 66 50 &
704 2177 93 50 sic
757 2177 186 50 participat
890 2177 93 50 condi

217 2220 123 52 tiones
303 2220 148 52 partium.
414 2220 111 52 totum
488 2220 99 52 enim
550 2220 123 52 nequit
636 2220 99 52 esse
698 2220 99 52 sine
760 2220 160 52 partibus:
883 2220 86 52 sed
920 2220 62 52 eas

214 2262 233 58 praesupponit,
406 2262 69 58 &
434 2262 110 58 quae
503 2262 110 58 sunt
571 2262 151 58 priores
681 2262 137 58 natura
777 2262 124 58 toto.
859 2262 96 58 sic
901 2262 82 58 poe-

202 2318 163 46 nitentia
324 2318 135 46 sacium
419 2318 230 46 contritionem,
609 2318 217 46 confessionem
785 2318 81 46 in
825 2318 122 46 voto,
893 2318 95 46 pari-

210 2356 88 48 ter
261 2356 63 48 &
286 2356 227 48 satisfactionem
475 2356 202 48 praerequirit
639 2356 76 48 in
677 2356 164 48 peccatore
803 2356 88 48 qui
841 2356 139 48 satisface

209 2395 82 49 re
250 2395 136 49 habet:
345 2395 109 49 quia
414 2395 109 49 sine
482 2395 122 49 illis
563 2395 204 49 poenitentia
726 2395 122 49 nihil
808 2395 136 49 valet.
890 2395 95 49 Poeni

203 2443 119 52 tentia
286 2443 107 52 tamen
358 2443 143 52 interdum
465 2443 167 52 collectiue
596 2443 131 52 capitur
691 2443 83 52 pro
739 2443 107 52 illis
810 2443 131 52 tribus.
906 2443 60 52 &
917 2443 60 52 sic

203 2484 200 57 poenitentia
363 2484 133 57 virtus
456 2484 93 57 est
509 2484 107 57 pars
576 2484 227 57 poenitentiae:
763 2484 120 57 sicut
843 2484 120 57 lapis
909 2484 67 57 est

202 2532 110 52 pars
271 2532 152 52 cumuli.
381 2532 69 52 ⁋
409 2532 124 52 Sexto
492 2532 165 52 sequitur
616 2532 110 52 quod
685 2532 193 52 frequenter
836 2532 96 52 est
878 2532 96 52 sacra

194 2580 160 48 mentum
306 2580 257 48 poenitentiae
515 2580 128 48 sine
595 2580 176 48 gratia:
723 2580 96 48 vt
771 2580 96 48 in
820 2580 112 48 non
868 2580 112 48 haben

199 2622 86 61 te
242 2622 229 61 poenitentiam
428 2622 186 61 virtutem.
571 2622 86 61 Et
615 2622 100 61 sic
672 2622 129 61 patet
758 2622 115 61 quod
815 2622 158 61 aequiuoce

204 2670 137 60 capitur
303 2670 112 60 pnima
378 2670 124 60 quando
465 2670 149 60 dicitur.
577 2670 162 60 Magdalena
701 2670 87 60 est
751 2670 174 60 poenitens:
875 2670 112 60 psbyter

1064 266 143 76 iiungit
1168 266 221 76 poenitentiam:
1350 266 65 76 &
1376 266 182 76 praesbyter
1519 266 156 76 absoluit
1636 266 143 76 virtute
1727 266 117 76 prniae.

1071 318 89 86 ⁋
1107 318 161 86 lstis
1214 318 197 86 notatis
1357 318 268 86 respondetur
1572 318 125 86 pro
1625 318 215 86 conclusio-

1068 377 129 71 nes.
1148 377 145 71 Prima
1245 377 129 71 est.
1326 377 129 71 vere
1406 377 209 71 poenitens
1567 377 129 71 ante
1632 377 209 71 sacramentum

1074 433 202 62 poenitentie
1235 433 162 62 acquirit
1357 433 202 62 remissionem
1519 433 135 62 suorum
1613 433 202 62 peccatorum,
1762 433 67 62 pro

1068 478 113 46 batur
1144 478 75 46 ex
1181 478 175 46 quaestione
1319 478 200 46 praecedenti.
1482 478 175 46 quamprimum
1619 478 100 46 enim
1682 478 138 46 aliquis
1769 478 63 46 ha-

1076 520 92 61 bet
1128 520 224 61 displicentiam
1313 520 79 61 de
1352 520 105 61 suis
1418 520 158 61 peccatis
1536 520 145 61 paratus
1642 520 132 61 facere
1721 520 118 61 emendam

1063 559 77 66 de
1102 559 90 66 eis
1153 559 141 66 propter
1256 559 116 66 deum,
1333 559 193 66 remittuntur
1487 559 77 66 ei
1526 559 141 66 peccata
1629 559 90 66 sua
1680 559 64 66 &
1693 559 154 66 infunditur

1068 614 141 45 gratia.
1171 614 64 45 ⁋
1196 614 141 45 Secunda
1299 614 179 45 conclusio.
1440 614 141 45 virtute
1542 614 205 45 poenitentiae
1696 614 141 45 sacramen-

1062 656 90 47 ti,
1113 656 180 47 confitenti
1255 656 90 47 per
1306 656 115 47 verba
1383 656 218 47 sacramentalia
1563 656 167 47 confertur
1691 656 128 47 gratia
1768 656 64 47 poe

1070 699 214 65 nitentialis.
1244 699 161 65 Probatur
1364 699 187 65 conclusio.
1511 699 107 65 Omne
1578 699 134 65 sacium
1672 699 120 65 nouae
1738 699 94 65 legis

1064 741 156 63 confert
1177 741 156 63 gratiam
1290 741 156 63 virtute
1403 741 141 63 operis
1502 741 156 63 operati
1616 741 85 63 in
1658 741 156 63 capace:
1771 741 99 63 sed

1060 787 199 62 dispositus
1216 787 184 62 transiens
1358 787 85 62 ad
1400 787 213 62 confessione
1570 787 142 62 dolens
1670 787 85 62 de
1698 787 142 62 peccatis

1061 830 99 55 est
1117 830 198 55 huiusmodi.
1273 830 155 55 igitur.
1386 830 71 55 ⁋
1414 830 141 55 Tertia
1513 830 198 55 conclusio.
1654 830 184 55 sacramentum

1069 874 192 63 poenitentiae
1225 874 108 63 nullo
1297 874 96 63 modo
1357 874 108 63 delet
1429 874 144 63 peccatum
1538 874 144 63 probatur
1646 874 96 63 sic.
1706 874 84 63 vel
1742 874 96 63 trans-

1053 923 125 57 iens
1132 923 94 57 ad
1178 923 250 57 confessionem
1382 923 141 57 prius
1475 923 141 57 dolet
1569 923 109 57 qui
1632 923 188 57 sacerdos
1757 923 78 57 ap-

1062 962 134 66 plicet
1155 962 214 66 sacramentum:
1330 962 94 66 vel
1383 962 134 66 simul.
1477 962 147 66 vtroque
1584 962 121 66 autem
1665 962 147 66 istorum
1759 962 80 66 dato

1069 1008 137 59 peccata
1168 1008 150 59 delentur
1280 1008 87 59 per
1330 1008 199 59 poenitentiam
1492 1008 162 59 virtutem.
1617 1008 75 59 si
1654 1008 87 59 eim
1704 1008 87 59 non
1742 1008 87 59 dole-

1056 1064 81 49 at
1096 1064 81 49 de
1137 1064 176 49 peccatis,
1272 1064 203 49 poenitentia
1434 1064 135 49 sacium
1528 1064 81 49 ea
1569 1064 95 49 non
1623 1064 135 49 delet,
1717 1064 108 49 quod
1771 1064 54 49 pa

1053 1092 123 51 tet.
1130 1092 123 51 quia
1207 1092 200 51 baptismus
1361 1092 108 51 non
1422 1092 139 51 delet
1515 1092 169 51 peccata
1638 1092 185 51 actualia
1761 1092 77 51 com

1053 1138 131 60 missa
1141 1138 117 60 sine
1214 1138 146 60 dolore
1316 1138 175 60 praeuio.
1448 1138 117 60 ergo
1520 1138 102 60 nec
1579 1138 73 60 a
1608 1138 175 60 fortiori
1725 1138 102 60 poeni

1064 1182 144 50 tentia
1165 1182 173 50 sacirum.
1295 1182 188 50 assumptum
1439 1182 130 50 supra
1526 1182 144 50 patuit
1627 1182 87 50 in
1670 1182 159 50 materia
1771 1182 58 50 ba

1067 1231 139 59 ptismi.
1168 1231 63 59 &
1194 1231 152 59 Magister
1307 1231 177 59 Senentarum
1446 1231 126 59 tenet.
1535 1231 126 59 xviii.
1623 1231 101 59 dis.
1686 1231 114 59 huius
1749 1231 76 59 quam

1054 1274 84 59 ti
1096 1274 112 59 cap.
1166 1274 98 59 vi.
1222 1274 112 59 vii.
1292 1274 84 59 &.
1334 1274 126 59 viii.
1418 1274 70 59 &
1446 1274 168 59 doctores
1572 1274 182 59 plerique.
1712 1274 70 59 ⁋
1740 1274 84 59 Ex
1768 1274 70 59 his

1063 1309 258 56 conclusionibus
1278 1309 143 56 iterum
1378 1309 143 56 infero
1478 1309 215 56 corollaria.
1650 1309 143 56 Primum
1736 1309 86 56 est.

1064 1357 128 70 vtile
1149 1357 100 70 est
1206 1357 128 70 nimis
1291 1357 185 70 detestari
1434 1357 156 70 peccata
1547 1357 213 70 perpetrata:
1718 1357 71 70 &
1732 1357 100 70 potis

1049 1404 119 62 simum
1128 1404 132 62 quando
1221 1404 106 62 homo
1287 1404 119 62 facit
1367 1404 146 62 aliquod
1472 1404 106 62 opus
1539 1404 119 62 bonum
1618 1404 185 62 moraliter,
1751 1404 79 62 quod

1055 1449 165 47 alioquin
1179 1449 123 47 esset
1261 1449 206 47 meritorium,
1426 1449 151 47 quoniam
1535 1449 82 47 si
1576 1449 82 47 in
1618 1449 151 47 peccato
1714 1449 123 47 mortali

1064 1490 108 70 ppus
1132 1490 149 70 faciat,
1241 1490 136 70 perdit
1336 1490 163 70 meritum:
1458 1490 108 70 quia
1525 1490 108 70 opus
1593 1490 95 70 est
1647 1490 163 70 mortuum.
1769 1490 68 70 ⁋
1783 1490 54 70 Se

1058 1538 121 61 cundo
1138 1538 161 61 sequitur
1259 1538 108 61 quod
1327 1538 188 61 celebrans,
1475 1538 121 61 dices
1555 1538 135 61 horas,
1650 1538 94 61 vel
1703 1538 135 61 simile
1784 1538 54 61 fa

1055 1588 131 53 ciens
1142 1588 87 53 in
1185 1588 145 53 quouis
1287 1588 116 53 alio
1359 1588 131 53 opere
1446 1588 131 53 bono,
1533 1588 131 53 debet
1620 1588 87 53 in
1664 1588 145 53 primis
1751 1588 73 53 sua

1053 1627 154 62 peccata
1165 1627 168 62 plangere
1291 1627 154 62 propter
1403 1627 126 62 deum:
1486 1627 70 62 &
1514 1627 126 62 velle
1598 1627 154 62 propter
1710 1627 112 62 deum
1766 1627 56 62 fa

1048 1667 117 51 cere
1121 1667 146 51 illud.
1224 1667 88 51 Et
1267 1667 102 51 hoc
1326 1667 190 51 sollicite
1472 1667 131 51 debet
1559 1667 117 51 dici
1632 1667 190 51 prdicando
1764 1667 58 51 po

1067 1718 124 58 tulo:
1150 1718 110 58 quia
1219 1718 151 58 plurimi
1329 1718 193 58 existimant
1480 1718 83 58 se
1521 1718 110 58 esse
1590 1718 83 58 in
1631 1718 165 58 peccatis
1741 1718 83 58 post

1055 1763 106 45 illa
1121 1763 185 45 perpetrata
1266 1763 158 45 quousque
1385 1763 211 45 confiteantur
1556 1763 185 45 sacerdoti:
1701 1763 106 45 quod
1754 1763 66 45 fal

1061 1804 83 52 um
1103 1804 110 52 est.
1172 1804 69 52 ⁋
1199 1804 138 52 Tertio
1296 1804 166 52 sequitur
1420 1804 110 52 quod
1489 1804 207 52 poenitentia
1641 1804 179 52 sacramentum

1043 1855 111 55 non
1107 1855 111 55 est
1170 1855 175 55 secunda
1297 1855 159 55 tabula
1408 1855 127 55 post
1488 1855 222 55 naufragium
1662 1855 111 55 quo
1726 1855 95 55 ad
1758 1855 64 55 re

1051 1889 195 66 missionem
1201 1889 165 66 culpae:
1321 1889 105 66 sed
1381 1889 120 66 bene
1457 1889 105 66 quo
1517 1889 90 66 ad
1562 1889 225 66 remissionem
1727 1889 90 66 tota

1059 1937 78 62 is
1098 1937 131 62 poenae
1190 1937 91 62 vel
1242 1937 131 62 partis
1333 1937 118 62 eius,
1412 1937 65 62 &
1438 1937 78 62 ad
1477 1937 196 62 collationem
1634 1937 144 62 gratiae
1726 1937 91 62 virtu

1050 1985 91 56 te
1095 1985 151 56 operis
1201 1985 182 56 operati.
1338 1985 318 56 Dixi(sacramentum)
1610 1985 121 56 quia
1671 1985 151 56 poeniten

1047 2026 109 75 tia
1110 2026 156 75 virtus
1219 2026 109 75 est
1281 2026 171 75 secunda
1406 2026 156 75 tabula
1515 2026 125 75 post
1592 2026 218 75 naufragium
1748 2026 78 75 quo

1045 2067 102 69 ad
1096 2067 256 69 remissionem
1284 2067 153 69 culpae.

1052 2115 102 86 ⁋
1092 2115 205 86 Contra
1236 2115 205 86 primam
1379 2115 327 86 conclusionem
1624 2115 205 86 arguitur

1049 2177 109 48 sic.
1118 2177 82 48 In
1159 2177 123 48 nullo
1241 2177 123 48 gradu
1323 2177 109 48 homo
1391 2177 150 48 tenetur
1501 2177 137 48 habere
1596 2177 233 48 contritionem,
1774 2177 55 48 ex

1056 2224 167 52 uaestione
1184 2224 205 52 praecedenti:
1351 2224 103 52 ergo
1415 2224 90 52 non
1467 2224 141 52 tenetur
1569 2224 128 52 habere
1646 2224 180 52 contritionem

1055 2266 157 57 Arguatur
1173 2266 92 57 sic
1225 2266 79 57 in
1264 2266 131 57 forma.
1356 2266 131 57 nullum
1448 2266 131 57 gradum
1539 2266 209 57 contritionis
1696 2266 118 57 tenetur

1058 2309 160 56 peccator
1177 2309 160 56 elicere.
1297 2309 173 56 quaelibet
1430 2309 173 56 contritio
1563 2309 93 56 est
1616 2309 146 56 aliquis
1710 2309 106 56 gradus

1048 2359 253 62 contritionis,
1257 2359 119 62 ergo
1331 2359 149 62 nullam
1436 2359 238 62 contritionem
1629 2359 164 62 tenetur
1734 2359 89 62 quis

1054 2399 163 52 licere.
1172 2399 236 52 consequentia
1365 2399 133 52 tenet
1453 2399 89 52 in
1498 2399 177 52 Celarent
1631 2399 89 52 ex
1675 2399 133 52 parte
1749 2399 59 52 me

1041 2445 104 56 dii
1100 2445 222 56 distributi.
1278 2445 133 56 Maior
1367 2445 133 56 patet
1456 2445 104 56 per
1515 2445 133 56 dicta
1604 2445 89 56 in
1633 2445 178 56 quaestione

1041 2490 230 56 praecedenti
1225 2490 123 56 quod
1301 2490 107 56 non
1363 2490 215 56 requiritur
1531 2490 123 56 mora
1608 2490 184 56 temporis
1730 2490 77 56 nec

1045 2540 165 52 gradus.
1165 2540 90 52 Et
1210 2540 135 52 minor
1299 2540 150 52 patet.
1404 2540 120 52 quia
1479 2540 194 52 quaelibet
1628 2540 120 52 pars
1688 2540 120 52 formae

1040 2581 115 46 est
1105 2581 180 46 gradus:
1236 2581 98 46 vt
1285 2581 197 46 capimus:
1433 2581 115 46 non
1499 2581 131 46 enim
1581 2581 213 46 accipitur
1728 2581 82 46 gra

1040 2621 114 49 dus
1105 2621 114 49 pro
1170 2621 146 49 parte
1267 2621 195 49 aliquota
1414 2621 260 49 determinata,
1625 2621 114 49 pro
1674 2621 130 49 octaua

1038 2667 125 56 nona
1116 2667 109 56 vel
1179 2667 171 56 decima:
1303 2667 125 56 quia
1381 2667 109 56 iam
1443 2667 140 56 minor
1537 2667 109 56 est
1599 2667 140 56 falsa
1692 2667 93 56 in
1724 2667 93 56 illo
