2328 3314
516 295 119 70 tiam
590 295 89 70 in
635 295 178 70 peccato.
769 295 163 70 igitur.
888 295 193 70 Similiter
1036 295 119 70 pono
1111 295 119 70 quod
1170 295 119 70 iniun-

518 358 128 61 gatur
603 358 85 61 ei
645 358 142 61 dicere
745 358 213 61 psalterium:
915 358 71 61 &
943 358 85 61 in
985 358 142 61 vltimo
1085 358 128 61 verbo
1155 358 128 61 incidat

514 413 88 51 in
558 413 176 51 mortale:
690 413 103 51 iam
749 413 103 51 non
808 413 176 51 punietur
940 413 235 51 aeternaliter
1131 413 88 51 in
1160 413 132 51 inferno

517 450 101 58 Hic
574 450 144 58 potest
675 450 115 58 quis
747 450 144 58 dicere
848 450 86 58 ad
891 450 144 58 primum
992 450 115 58 quod
1064 450 173 58 adimplet
1179 450 115 58 dimidi

512 501 94 45 am
559 501 249 45 poenitentiam
762 501 265 45 sufficienter,
980 501 78 45 &
1011 501 94 45 in
1058 501 187 45 subduplo
1183 501 109 45 minus

506 533 214 62 punietur:
670 533 82 62 &
703 533 99 62 si
752 533 132 62 hora
835 533 197 62 vndecima
983 533 247 62 pomeridiana
1164 533 115 62 inci-

523 583 100 48 dat
580 583 86 48 in
623 583 158 48 mortale
738 583 86 48 ea
781 583 215 48 proportione
952 583 100 48 qua
1010 583 115 48 suum
1081 583 143 48 tempus
1182 583 86 48 se
1210 583 72 48 ha-

518 628 113 58 bet
582 628 97 58 ad
631 628 178 58 viginti
760 628 194 58 quatuor:
905 628 145 58 minus
1002 628 210 58 punietur.
1164 628 113 58 Sic
1228 628 97 58 ad

507 676 134 48 aliud
597 676 149 48 dicat.
701 676 134 48 Nihil
791 676 179 48 occurrit
925 676 134 48 aliud
1014 676 179 48 dicendum
1149 676 104 48 cui
1193 676 90 48 homo

509 716 101 59 non
566 716 145 59 possit
668 716 173 59 vtcunque
798 716 217 59 respondere.
971 716 101 59 sed
1029 716 101 59 hoc
1087 716 101 59 non
1130 716 159 59 sufficit.

522 760 78 54 ⁋
554 760 140 54 Teneo
647 760 124 54 ergo
724 760 217 54 positionem
895 760 295 54 contradictoriam
1143 760 109 54 cum
1205 760 109 54 do-

518 806 121 45 ctore
598 806 161 45 subtili:
719 806 107 45 quam
786 806 121 45 etiam
867 806 134 45 beatus
961 806 107 45 Tho.
1028 806 148 45 distin.
1135 806 121 45 xxii.
1202 806 81 45 quar

517 850 86 53 ti
560 850 202 53 quaestione
718 850 130 53 prima
805 850 86 53 in
848 850 187 53 solutione
992 850 86 53 ad
1035 850 158 53 quintum
1136 850 144 53 interdum

508 895 152 57 tenuit.
619 895 83 57 in
660 895 97 57 hac
715 895 124 57 autem
798 895 221 57 distinctione
978 895 138 57 tenuit
1075 895 193 57 oppositum.
1213 895 69 57 sed

511 937 97 57 non
567 937 152 57 refert.
677 937 111 57 Dico
746 937 111 57 ergo
816 937 111 57 quod
885 937 125 57 licet
968 937 125 57 actus
1051 937 125 57 facti
1134 937 83 57 in
1161 937 125 57 peccato

518 983 145 53 mortali
623 983 92 53 non
676 983 172 53 sufficiat
808 983 79 53 ad
848 983 119 53 vitam
927 983 172 53 aeternam:
1059 983 132 53 valent
1151 983 119 53 tamen
1217 983 66 53 quo

511 1031 89 57 ad
556 1031 266 57 satisfactionem
777 1031 148 57 poenae
881 1031 163 57 mortali
999 1031 163 57 peccato
1102 1031 148 57 debitae.

502 1072 99 85 ⁋
542 1072 198 85 Contra
681 1072 159 85 hanc
780 1072 278 85 positionem
998 1072 238 85 arguitur
1157 1072 119 85 sic.

509 1156 79 60 ex
548 1156 79 60 ea
588 1156 158 60 sequitur
707 1156 106 60 quod
773 1156 92 60 non
826 1156 119 60 solum
905 1156 79 60 in
945 1156 145 60 peccato
1050 1156 106 60 homo
1116 1156 132 60 possit
1196 1156 92 60 satis

516 1195 123 67 facere
602 1195 86 67 pro
651 1195 148 67 peccato:
762 1195 86 67 sed
812 1195 111 67 etiam
886 1195 86 67 per
935 1195 160 67 peccatum.
1059 1195 173 67 consequens
1194 1195 86 67 est
1244 1195 74 67 in

507 1249 202 55 conueniens.
668 1249 67 55 &
695 1249 108 55 quod
763 1249 162 55 sequatur
884 1249 135 55 patet.
979 1249 94 55 per
1033 1249 108 55 hanc
1100 1249 108 55 viam
1168 1249 108 55 homo
1222 1249 67 55 po-

502 1284 112 66 test
572 1284 210 66 satisfacere
740 1284 224 66 poenitentiae
921 1284 196 66 iniunctae:
1075 1284 70 66 &
1103 1284 112 66 erit
1159 1284 126 66 satisfa

516 1326 106 68 ctio
582 1326 158 68 placans:
701 1326 119 68 licet
780 1326 92 68 non
832 1326 132 68 fuerit
925 1326 145 68 placans
1030 1326 66 68 &
1057 1326 224 68 reconcilians.
1228 1326 53 68 er

502 1374 91 60 go
547 1374 91 60 si
593 1374 121 60 quis
668 1374 166 60 ieiunet
789 1374 91 60 ob
834 1374 151 60 inanem
940 1374 181 60 gloriam,
1076 1374 166 60 dummodo
1181 1374 91 60 ieiu

509 1427 106 40 net,
575 1427 198 40 satisfacit.
734 1427 66 40 ⁋
760 1427 212 40 Respondetur.
932 1427 93 40 hoc
985 1427 185 40 argumentum
1130 1427 119 40 nullo
1197 1427 79 40 modo

507 1461 128 65 hanc
587 1461 128 65 viam
667 1461 207 65 oppugnat:
826 1461 80 65 &
858 1461 112 65 est
922 1461 128 65 mihi
1002 1461 80 65 &
1034 1461 239 65 aduersariis
1209 1461 80 65 com

505 1508 138 59 mune.
597 1508 138 59 liber
688 1508 107 59 sum
750 1508 199 59 concedere
903 1508 107 59 vel
964 1508 153 59 negare
1071 1508 122 59 quod
1132 1508 153 59 assumis.

508 1555 101 47 Sed
565 1555 101 47 quo
623 1555 86 47 ad
666 1555 245 47 difficultatem
867 1555 129 47 ipsam
954 1555 86 47 in
997 1555 101 47 se:
1054 1555 115 47 dico
1126 1555 115 47 quod
1198 1555 101 47 in-

507 1594 140 65 terdum
605 1594 98 65 per
661 1594 168 65 peccatum
787 1594 112 65 homo
857 1594 196 65 satisfacit
1012 1594 182 65 praecepto
1152 1594 112 65 dei:
1222 1594 84 65 ad

507 1638 109 65 hunc
575 1638 136 65 sensum
671 1638 109 65 quod
739 1638 150 65 amplius
848 1638 82 65 ad
888 1638 122 65 illud
970 1638 82 65 no
1011 1638 163 65 tenetur,
1133 1638 109 65 quod
1188 1638 95 65 patet

513 1680 88 55 de
557 1680 162 55 volente
675 1680 192 55 baptizari
823 1680 118 55 fine
897 1680 177 55 indebito
1029 1680 74 55 &
1059 1680 162 55 propter
1162 1680 118 55 inanem

515 1723 134 70 gloriam
612 1723 85 70 vel
661 1723 219 70 circumstantiam
844 1723 110 70 aliam
917 1723 158 70 mortalem.
1039 1723 85 70 sed
1087 1723 73 70 is
1124 1723 134 70 proprie
1209 1723 61 70 non

506 1768 198 53 satisfacit
662 1768 113 53 tali
733 1768 198 53 praecepto:
888 1768 99 53 cum
945 1768 170 53 oporteat
1073 1768 99 53 eum
1115 1768 156 53 poenitere

503 1819 81 65 de
543 1819 108 65 tali
610 1819 108 65 actu
678 1819 189 65 interiori.
826 1819 135 65 fateor
920 1819 121 65 tamen
1001 1819 94 65 eum
1055 1819 108 65 esse
1109 1819 175 65 deobligatum

509 1863 72 54 a
537 1863 215 54 susceptione
709 1863 186 54 baptismi.
853 1863 72 54 &
881 1863 129 54 ratio
967 1863 100 54 est
1024 1863 115 54 quia
1096 1863 129 54 illud
1168 1863 100 54 sacra

511 1909 154 48 mentum
619 1909 108 48 est
680 1909 247 48 initerabile.
881 1909 77 48 &
912 1909 124 48 ipse
989 1909 154 48 posuit
1098 1909 139 48 omnia
1175 1909 108 48 essen

503 1952 142 53 tialia
602 1952 114 53 illi
673 1952 199 53 sacramento
830 1952 171 53 sumendo:
958 1952 128 53 licet
1043 1952 171 53 posuerit
1157 1952 114 53 aliqua

502 1994 122 52 mala
578 1994 213 52 sacramento
745 1994 167 52 sumendo
867 1994 106 52 non
927 1994 243 52 repugnantia.
1125 1994 106 52 Non
1171 1994 106 52 tamen

500 2033 112 57 hoc
564 2033 96 57 in
612 2033 208 57 proposito
772 2033 192 57 concedo.
916 2033 128 57 quia
996 2033 128 57 homo
1076 2033 112 57 non
1124 2033 144 57 meretur

509 2081 203 62 remissionem
672 2081 135 62 poenae
766 2081 162 62 peccatis
888 2081 149 62 debitae
996 2081 68 62 a
1023 2081 95 62 deo
1077 2081 108 62 nisi
1145 2081 95 62 per
1185 2081 95 62 actum

501 2127 121 64 bonum
581 2127 175 64 moraliter
716 2127 81 64 vt
756 2127 148 64 opinor:
864 2127 121 64 etiam
945 2127 121 64 licet
1025 2127 121 64 esset
1093 2127 188 64 indifferens:

507 2179 132 55 talem
595 2179 132 55 actum
683 2179 176 55 ponendo.
815 2179 103 55 per
874 2179 176 55 peccatum
1005 2179 117 55 enim
1079 2179 117 55 homo
1152 2179 103 55 non
1196 2179 73 55 me-

499 2220 124 58 retur
582 2220 206 58 remissionem
747 2220 165 58 alicuius
871 2220 151 58 poenae:
981 2220 110 58 immo
1050 2220 96 58 nec
1105 2220 151 58 aliquod
1201 2220 69 58 tem

498 2250 151 71 porale
604 2250 181 71 praemium
740 2250 76 71 a
770 2250 121 71 deo.
845 2250 106 71 Nec
906 2250 227 71 obstetrices
1072 2250 196 71 aegyptiorum

496 2302 154 64 Exodi
598 2302 154 64 primo
701 2302 120 64 per
769 2302 222 64 mendacium
940 2302 154 64 domos
1026 2302 239 64 subterraneas

496 2355 167 56 meritae
617 2355 122 56 sunt
693 2355 76 56 a
724 2355 122 56 deo:
800 2355 106 56 sed
861 2355 106 56 per
921 2355 137 56 actus
1013 2355 137 56 bonos
1104 2355 76 56 &
1134 2355 122 56 pios
1195 2355 76 56 pec

490 2398 127 56 catis
574 2398 169 56 iunctos.
701 2398 127 56 sicut
785 2398 84 56 in
828 2398 113 56 casu
898 2398 141 56 nostro
997 2398 99 56 per
1053 2398 127 56 actus
1137 2398 127 56 bonos
1208 2398 56 56 mo

497 2438 145 54 raliter
602 2438 106 54 homo
668 2438 145 54 meretur
774 2438 198 54 remissionem
932 2438 132 54 poenae
1025 2438 158 54 peccatis
1130 2438 132 54 debitae.

500 2476 83 56 Et
542 2476 97 56 sic
597 2476 222 56 intelligatur
778 2476 167 56 Augusti.
903 2476 83 56 in
945 2476 139 56 quinto
1042 2476 83 56 de
1083 2476 153 56 ciuita.
1181 2476 83 56 dei.

497 2530 110 53 cap.
566 2530 110 53 xii.
635 2530 83 53 &.
676 2530 96 53 xv.
731 2530 138 53 dicens
828 2530 110 53 quod
896 2530 138 53 Romani
993 2530 165 53 iustitia
1117 2530 69 53 &
1130 2530 138 53 strenuis

500 2570 176 61 actibus
628 2570 255 61 promeruerunt
835 2570 207 61 imperium.
995 2570 128 61 quos
1075 2570 144 61 actus
1154 2570 112 61 exer-

496 2612 171 66 cuerunt
621 2612 94 66 ob
668 2612 156 66 inanem
777 2612 171 66 gloriam
902 2612 78 66 &
933 2612 156 66 laudem
1042 2612 187 66 humanam:
1167 2612 94 66 quia

498 2651 182 51 fecerunt
634 2651 152 51 multos
740 2651 136 51 actus
831 2651 197 51 moraliter
983 2651 152 51 bonos:
1089 2651 106 51 pro
1135 2651 121 51 quibus

494 2695 170 75 imperium
621 2695 99 75 eis
678 2695 142 75 dedit.
777 2695 99 75 pro
834 2695 128 75 malis
919 2695 128 75 autem
1004 2695 170 75 permisit
1117 2695 142 75 praemium

1354 308 214 90 temporale.
1522 308 138 90 sicut
1614 308 92 90 de
1660 308 214 90 hypocritis
1829 308 184 90 legimus.
1951 308 184 90 Receperunt

1350 372 225 61 mercedem
1500 372 131 61 suam.

1354 418 104 71 ⁋
1396 418 229 71 Secundo
1563 418 271 71 arguitur.
1771 418 146 71 non
1854 418 229 71 maioris
2000 418 125 71 valo

1351 482 103 71 ris
1410 482 132 71 debet
1498 482 118 71 esse
1572 482 162 71 pecunia
1689 482 103 71 qua
1748 482 118 71 quis
1821 482 147 71 soluit
1924 482 176 71 debitum,
2042 482 88 71 quam

1347 529 182 65 pecunia
1480 529 116 65 qua
1546 529 132 65 quis
1628 529 132 65 emit
1711 529 149 65 domum
1810 529 116 65 vel
1876 529 165 65 agrum.
1992 529 116 65 sed
2041 529 83 65 per

1355 567 172 67 nullum
1475 567 138 67 opus
1562 567 121 67 non
1630 567 241 67 meritorium
1820 567 172 67 potest
1941 567 138 67 quis
2009 567 121 67 emere

1349 615 169 51 regnum
1468 615 220 51 caelorum:
1637 615 135 51 ergo
1722 615 119 51 per
1789 615 169 51 nullum
1908 615 135 51 opus
1993 615 119 51 non
2043 615 85 51 me-

1350 661 174 56 ritorium
1481 661 145 56 potest
1583 661 116 56 quis
1656 661 218 56 satisfacere
1830 661 145 56 poenae
1932 661 160 56 peccato
2034 661 87 56 debi

1348 704 110 66 tae.
1417 704 69 66 ⁋
1445 704 207 66 Respondetur
1610 704 193 66 concedendo
1762 704 83 66 de
1803 704 165 66 emptione
1927 704 152 66 proprie
2024 704 96 66 dicta

1349 745 86 56 &
1383 745 103 56 in
1435 745 137 56 foro
1520 745 189 56 humano.
1657 745 137 56 modo
1743 745 171 56 regnum
1863 745 206 56 caelorum
2000 745 120 56 solum

1349 787 233 71 metaphorice
1536 787 171 71 emitur.
1660 787 202 71 Propterea
1816 787 124 71 illa
1894 787 218 71 comparatio
2049 787 78 71 non

1357 832 106 59 est
1417 832 151 59 omnino
1523 832 181 59 similis.
1659 832 151 59 Melior
1764 832 136 59 autem
1855 832 106 59 est
1915 832 136 59 haec.
1990 832 136 59 soluens

1348 875 186 71 debitum
1484 875 237 71 pecuniarum
1670 875 102 71 in
1721 875 186 71 mortali
1856 875 152 71 aeque
1958 875 169 71 soluit
2059 875 68 71 ac

1357 919 175 66 existens
1489 919 87 66 in
1518 919 131 66 gratia.

1353 964 105 87 ⁋
1395 964 209 87 Tertio
1542 964 272 87 arguitur.
1751 964 126 87 ex
1814 964 147 87 hoc
1898 964 168 87 modo
1981 964 147 87 dicen

1356 1031 89 67 di
1401 1031 208 67 sequittur:
1564 1031 89 67 si
1609 1031 193 67 presbyter
1758 1031 179 67 iniungat
1892 1031 134 67 Sorti
1966 1031 149 67 ieiunium

1351 1079 187 59 quatuor
1487 1079 187 59 dierum:
1623 1079 85 59 &
1657 1079 170 59 Sortes
1776 1079 170 59 primum
1895 1079 136 59 diem
1963 1079 153 59 ieiunet

1351 1128 85 60 in
1393 1128 157 60 gratia,
1507 1128 71 60 &
1536 1128 114 60 tres
1607 1128 128 60 alios
1693 1128 114 60 dies
1764 1128 85 60 in
1807 1128 157 60 peccato
1921 1128 171 60 mortali:
2035 1128 85 60 quod

1347 1159 212 66 satisfacit
1513 1159 242 66 poenitentiae
1710 1159 182 66 peccatis
1846 1159 167 66 debitae
1952 1159 167 66 supposito

1347 1216 120 45 quod
1422 1216 150 45 clauis
1527 1216 105 45 non
1586 1216 194 45 errauerit
1736 1216 209 45 iniungendo
1886 1216 224 45 poenitentiam.

1348 1261 216 56 consequens
1517 1261 108 56 est
1579 1261 170 56 falsum:
1703 1261 124 56 quia
1780 1261 124 56 vnus
1857 1261 139 56 actus
1950 1261 154 56 factus
2058 1261 93 56 in

1343 1304 143 58 gratia
1443 1304 172 58 praestat
1572 1304 129 58 mille
1658 1304 158 58 actibus
1773 1304 143 58 factis
1873 1304 86 58 in
1917 1304 172 58 mortali.
2031 1304 72 58 sed

1346 1336 115 73 ille
1417 1336 129 73 actus
1503 1336 143 73 factus
1604 1336 86 73 in
1647 1336 143 73 gratia
1747 1336 100 73 non
1805 1336 158 73 liberat
1919 1336 115 73 nisi
1991 1336 72 73 a
2020 1336 129 73 quar-

1341 1391 92 50 ta
1387 1391 138 50 parte
1479 1391 169 50 poenae:
1601 1391 123 50 ergo
1678 1391 138 50 omnes
1770 1391 123 50 alii
1846 1391 138 50 actus
1938 1391 107 50 non
1984 1391 123 50 merito

1341 1429 107 66 rii
1402 1429 107 66 non
1463 1429 183 66 liberant
1600 1429 76 66 a
1630 1429 152 66 tribus
1737 1429 167 66 quartis
1858 1429 167 66 poenae.
1980 1429 76 66 ⁋
1995 1429 122 66 Respon

1349 1469 151 58 detur
1450 1469 235 58 concedendo
1634 1469 218 58 sequelam:
1802 1469 84 58 &
1836 1469 101 58 ad
1869 1469 252 58 improbationem

1341 1525 113 53 quod
1412 1525 127 53 actus
1496 1525 85 53 in
1539 1525 141 53 gratia
1638 1525 141 53 factus
1737 1525 170 53 praestat
1864 1525 127 53 mille
1949 1525 156 53 actibus
2062 1525 85 53 in

1346 1554 158 58 mortali
1460 1554 158 58 factis:
1575 1554 244 58 distinguitur.
1776 1554 100 58 vel
1833 1554 100 58 quo
1891 1554 86 58 ad
1934 1554 129 58 vitam
2005 1554 115 58 aeter-

1340 1610 128 62 nam,
1420 1610 193 62 concedo:
1565 1610 128 62 immo
1645 1610 128 62 alii
1725 1610 96 62 ad
1773 1610 144 62 vitam
1869 1610 193 62 aeternam
1998 1610 112 62 nihil

1337 1654 151 55 valent.
1447 1654 96 55 vel
1502 1654 110 55 quod
1570 1654 164 55 praestat
1693 1654 82 55 ad
1734 1654 219 55 liberationem
1912 1654 68 55 a
1940 1654 137 55 poena,
2036 1654 68 55 &
2049 1654 55 55 ad

1332 1686 286 66 satisfaciendum
1571 1686 207 66 praecepto
1730 1686 191 66 iniuncto
1873 1686 79 66 a
1904 1686 223 66 sacerdote:
2063 1686 48 66 &

1338 1739 101 65 sic
1395 1739 130 65 nego.
1482 1739 101 65 nam
1540 1739 145 65 dicens
1642 1739 130 65 horas
1728 1739 87 65 in
1772 1739 159 65 mortali
1888 1739 174 65 peccato,
2004 1739 101 65 aeque

1329 1778 213 66 satisfacit
1496 1778 198 66 praecepto
1648 1778 91 66 de
1694 1778 182 66 dicendis
1830 1778 137 66 horis
1922 1778 91 66 vt
1967 1778 106 66 non
2013 1778 91 66 pec-

1337 1834 101 52 cet
1394 1834 115 52 nouo
1466 1834 173 52 peccato:
1596 1834 87 52 ac
1639 1834 144 52 dicens
1740 1834 130 52 horas
1827 1834 87 52 in
1870 1834 159 52 gratia.
1986 1834 101 52 sed
2029 1834 72 52 hic

1331 1876 174 61 meretur
1458 1876 143 61 vitam
1553 1876 206 61 aeternam,
1712 1876 111 61 non
1775 1876 143 61 ille.
1870 1876 79 61 &
1902 1876 174 61 soluens
2013 1876 95 61 cre-

1331 1920 145 76 ditori
1432 1920 87 76 in
1475 1920 173 76 mortali:
1605 1920 101 76 tam
1663 1920 145 76 soluit
1764 1920 116 76 quam
1836 1920 159 76 soluens
1952 1920 87 76 in
1981 1920 130 76 gratia,

1329 1959 90 74 &
1365 1959 180 74 tantum
1491 1959 251 74 pecuniarum
1670 1959 108 74 dat.

1476 2024 258 91 Vbitatur
1669 2024 194 91 circa
1798 2024 172 91 hanc
1884 2024 215 91 materiam

1478 2098 113 58 cum
1542 2098 145 58 vulgo
1639 2098 178 58 dicatur
1769 2098 129 58 quod
1849 2098 145 58 opera
1946 2098 97 58 in
1979 2098 129 58 morta-

1474 2137 93 65 li
1520 2137 170 65 peccato
1644 2137 124 65 sunt
1721 2137 170 65 mortua:
1845 2137 77 65 &
1876 2137 108 65 non
1938 2137 155 65 valent
2031 2137 62 65 ad

1329 2190 143 51 vitam
1424 2190 207 51 aeternam:
1583 2190 79 51 &
1615 2190 143 51 tamen
1711 2190 191 51 liberant
1854 2190 79 51 a
1885 2190 159 51 poena,
1997 2190 79 51 &
2013 2190 95 51 solu

1329 2228 140 57 tione
1423 2228 156 57 debiti
1532 2228 109 57 per
1594 2228 109 57 me:
1657 2228 94 57 ad
1703 2228 125 57 quid
1781 2228 125 57 ergo
1859 2228 171 57 valent?
1968 2228 125 57 Animad

1331 2276 142 59 uerte
1426 2276 126 59 quod
1505 2276 158 59 multum
1615 2276 189 59 interest
1757 2276 142 59 inter
1851 2276 142 59 opera
1946 2276 173 59 mortua:
2056 2276 47 59 &

1323 2320 260 58 mortificata.
1534 2320 146 58 Opera
1632 2320 98 58 in
1680 2320 244 58 naturalibus
1875 2320 195 58 vocantur
2005 2320 98 58 viua

1329 2365 127 46 quia
1409 2365 159 46 habent
1520 2365 95 46 in
1568 2365 95 46 se
1616 2365 223 46 principium
1791 2365 191 46 viuendi:
1934 2365 80 46 &
1966 2365 111 46 cum
2013 2365 80 46 hoc

1323 2408 169 48 possunt
1446 2408 138 48 exire
1538 2408 92 48 in
1584 2408 123 48 suas
1661 2408 231 48 operationes
1846 2408 185 48 debitas:
1984 2408 92 48 vt
2015 2408 92 48 quan

1328 2451 98 47 do
1377 2451 163 47 oculus
1491 2451 130 47 exit
1572 2451 98 47 in
1621 2451 147 47 actum
1719 2451 195 47 videndi.
1865 2451 179 47 Aliquid
1979 2451 114 47 autem

1327 2496 196 52 vocatur
1470 2496 196 52 mortuum
1612 2496 178 52 quando
1737 2496 160 52 vixit
1844 2496 89 52 &
1879 2496 196 52 mortuum
2004 2496 89 52 est

1338 2540 111 56 vel
1401 2540 142 56 aptum
1496 2540 142 56 natum
1591 2540 126 56 erat
1670 2540 174 56 viuere:
1797 2540 142 56 licet
1891 2540 111 56 non
1939 2540 158 56 vixerit.

1329 2575 107 52 sic
1390 2575 122 52 enim
1466 2575 168 52 solemus
1589 2575 168 52 dicere,
1711 2575 153 52 foetum
1818 2575 92 52 in
1864 2575 138 52 vtero
1940 2575 153 52 mortuum:

1329 2628 111 49 cum
1393 2628 175 49 materia
1520 2628 143 49 esset
1615 2628 95 49 in
1662 2628 206 49 propinqua
1821 2628 254 49 dispositione
2028 2628 95 49 ad

1322 2666 202 53 habendam
1474 2666 169 53 vitam.
1592 2666 270 53 Mortificatum
1811 2666 135 53 vero
1896 2666 186 53 membrum
2014 2666 67 53 vo

1331 2715 117 72 catur
1409 2715 91 72 hoc
1461 2715 104 72 quod
1526 2715 78 72 in
1565 2715 78 72 se
1604 2715 117 72 habet
1682 2715 130 72 vitam:
1774 2715 91 72 sed
1826 2715 91 72 non
1878 2715 130 72 potest
1969 2715 117 72 exire
2047 2715 78 72 in
