2335 3320
238 343 110 69 suas
307 343 206 69 operationes
471 343 151 69 debitas
581 343 82 69 vt
622 343 151 69 membrum
732 343 206 69 paralyticum
896 343 96 69 vel
951 343 82 69 in

230 399 220 56 frigidatum.
406 399 147 56 quando
509 399 132 56 autem
597 399 117 56 tale
670 399 161 56 curatur
787 399 103 56 vel
831 399 176 56 miraculose

235 440 105 55 vel
295 440 224 55 naturaliter
474 440 90 55 vt
519 440 90 55 in
564 440 120 55 suas
639 440 224 55 operationes
818 440 180 55 prodeat:
938 440 60 55 di

244 485 124 57 cimus
327 485 110 57 esse
396 485 151 57 menbrum
506 485 220 57 viuificatum.
685 485 110 57 Pari
753 485 124 57 forma
836 485 96 57 est
877 485 124 57 distin-

234 527 124 62 ctio
311 527 232 62 magistralis
497 527 232 62 respondens.
682 527 108 62 Nam
744 527 170 62 aliquod
868 527 124 62 opus
930 527 77 62 est

246 571 115 66 viuum
323 571 102 66 quod
387 571 154 66 elicitur
502 571 64 66 a
528 571 179 66 charitate,
668 571 102 66 quae
732 571 90 66 est
784 571 102 66 vita
835 571 166 66 spiritualis

242 627 155 52 animae.
354 627 155 52 aliquod
467 627 239 52 mortificatum,
664 627 84 52 vt
706 627 127 52 actus
790 627 127 52 bonus
874 627 70 52 a
889 627 112 52 gratia

235 667 176 55 elicitus:
371 667 217 55 infrigidatus
547 667 68 55 a
574 667 149 55 mortali
682 667 244 55 superueniente.
872 667 122 55 aliquod

241 703 182 61 mortuum:
378 703 91 61 vt
423 703 137 61 actus
514 703 137 61 bonus
606 703 182 61 elicitus
743 703 91 61 in
788 703 167 61 mortali
895 703 106 61 pecca

236 764 104 47 to.
296 764 134 47 Actus
385 764 134 47 autem
475 764 224 47 viuificatus
654 764 104 47 est
714 764 179 47 operatio
833 764 164 47 mortifica

243 798 81 52 ta
283 798 215 52 resuscitata.
458 798 175 52 contritio
592 798 108 52 enim
659 798 67 52 &
686 798 134 52 gratia
780 798 215 52 superueniens
942 798 67 52 tol

231 843 105 58 lit
291 843 240 58 impedimentum
486 843 75 58 &
516 843 135 58 curat
606 843 210 58 paralysim:
772 843 75 58 &
802 843 150 58 reddit
892 843 105 58 reli-

241 883 132 60 quos
324 883 149 60 actus
423 883 215 60 aliquando
588 883 182 60 mortuos
720 883 132 60 nunc
786 883 215 60 meritorios.

235 925 86 58 Ex
278 925 100 58 his
335 925 143 58 liquet
435 925 114 58 quod
506 925 171 58 peccatum
635 925 100 58 non
692 925 100 58 est
749 925 114 58 opus
820 925 171 58 mortuum:
935 925 71 58 cum

247 970 85 61 non
295 970 85 61 sit
344 970 109 61 aptum
417 970 97 61 natu
478 970 121 61 viuere
563 970 73 61 de
599 970 109 61 lege.
672 970 97 61 bene
733 970 97 61 enim
793 970 134 61 aliquod
879 970 121 61 peccatum

234 1017 91 55 est
286 1017 117 55 aptum
364 1017 117 55 natum
442 1017 130 55 viuere
533 1017 78 55 in
572 1017 156 55 potentia
689 1017 143 55 remota:
793 1017 104 55 quia
858 1017 130 55 potest
936 1017 78 55 esse

236 1063 111 69 non
299 1063 190 69 peccatum
442 1063 174 69 mutando
568 1063 142 69 legem
647 1063 190 69 positiuam.

227 1116 119 92 ⁋
275 1116 166 92 Hoc
370 1116 333 92 praelibato
631 1116 261 92 punctim
821 1116 143 92 ad
869 1116 143 92 dubi

236 1182 189 68 tationem
378 1182 126 68 dico
457 1182 126 68 bona
536 1182 142 68 opera
630 1182 95 68 in
677 1182 173 68 mortali
803 1182 142 68 facta
898 1182 110 68 non
945 1182 63 68 pa

241 1234 93 51 rum
294 1234 187 51 vtilitatis
441 1234 147 51 afferre
547 1234 160 51 facienti
668 1234 93 51 vel
721 1234 133 51 alteri
814 1234 93 51 pro
868 1234 93 51 quo
908 1234 93 51 fiunt

235 1276 126 53 Primo
319 1276 84 53 ad
361 1276 252 53 satisfaciendum
571 1276 224 53 poenitentiae
754 1276 182 53 iniunctae
894 1276 98 53 pro
936 1276 70 53 pec

239 1323 125 54 catis
323 1323 181 54 dimissis.
462 1323 83 54 vt
503 1323 97 54 iam
559 1323 83 54 ex
601 1323 139 54 dictis
698 1323 153 54 patuit.
809 1323 70 54 ⁋
837 1323 167 54 Secundo,
948 1323 56 54 ad

236 1367 216 52 impletionem
408 1367 187 52 praecepti
552 1367 86 52 ne
596 1367 216 52 delinquatur
768 1367 115 52 nouo
840 1367 173 52 peccato.
955 1367 58 52 vt

233 1410 103 61 ego
292 1410 103 61 qui
351 1410 148 61 teneor
455 1410 177 61 ieiunare
588 1410 133 61 hodie
676 1410 103 61 vel
735 1410 148 61 dicere
839 1410 133 61 horas
912 1410 89 61 cano

233 1451 132 59 nicas
322 1451 74 59 &
351 1451 103 59 sum
410 1451 88 59 in
454 1451 177 59 peccato:
586 1451 103 59 non
645 1451 132 59 pecco
733 1451 103 59 non
792 1451 191 59 frangendo
925 1451 88 59 ieiu

235 1496 115 52 nium:
312 1496 89 52 sed
363 1496 89 52 non
414 1496 140 52 mereor.
516 1496 64 52 ⁋
542 1496 166 52 Praeterea
669 1496 140 52 tertio.
771 1496 102 52 illo
835 1496 140 52 tempore
925 1496 89 52 multi

231 1542 116 49 boni
304 1542 160 49 habitus
420 1542 203 49 generantur
580 1542 102 49 qui
638 1542 189 49 inclinant
783 1542 87 49 in
827 1542 131 49 bonos
899 1542 102 49 actus

241 1592 70 56 &
269 1592 196 56 meritorios
423 1592 196 56 adueniente
577 1592 154 56 gratia:
690 1592 70 56 &
718 1592 98 56 qui
774 1592 140 56 multum
858 1592 140 56 prosunt.

234 1629 134 52 quare
323 1629 104 52 non
383 1629 134 52 parum
472 1629 163 52 prodest
591 1629 208 52 petulantem
754 1629 163 52 iuuenem
858 1629 149 52 verberi-

234 1678 105 52 bus
294 1678 135 52 etiam
384 1678 165 52 inuitum
503 1678 90 52 ad
548 1678 135 52 bonum
638 1678 165 52 cogere.
758 1678 75 52 &
788 1678 135 52 licet
877 1678 120 52 tunc
937 1678 75 52 non

235 1728 191 45 mereatur:
382 1728 132 45 tamen
470 1728 191 45 assuescet
617 1728 88 45 vt
661 1728 103 45 sit
720 1728 191 45 propensus
866 1728 103 45 cum
925 1728 117 45 ado-

233 1761 154 52 leuerit
345 1761 112 52 bene
415 1761 140 52 agere:
513 1761 98 52 vbi
569 1761 126 52 alter
653 1761 154 52 torpens
765 1761 84 52 in
807 1761 126 52 malis
877 1761 126 52 habiti-

240 1810 101 49 bus
297 1810 173 49 praeceps
427 1810 116 49 ruit
500 1810 87 49 in
543 1810 217 49 illecebras.
716 1810 72 49 ⁋
745 1810 159 49 Quarto.
861 1810 116 49 deus
918 1810 87 49 pro-

233 1852 117 68 pter
306 1852 132 68 bonos
394 1852 132 68 actus
482 1852 146 68 citius
584 1852 146 68 eleuat
686 1852 146 68 mentem
789 1852 161 68 hominis
906 1852 73 68 a
920 1852 88 68 pec-

229 1896 140 56 catis.
327 1896 70 56 ⁋
355 1896 154 56 Quinto.
467 1896 112 56 quia
537 1896 182 56 fortassis
678 1896 112 56 illo
748 1896 154 56 tempore
860 1896 98 56 quo
902 1896 98 56 actum

239 1945 139 54 bonum
331 1945 93 54 de
378 1945 155 54 genere
486 1945 170 54 elicio:
610 1945 139 54 essem
703 1945 186 54 alioquin
842 1945 139 54 actum
935 1945 108 54 ma-

230 1988 117 47 lum
297 1988 266 47 producturus.
513 1988 183 47 Abyssus
647 1988 133 47 enim
730 1988 183 47 abyssum
846 1988 167 47 inuocat.

236 2029 118 63 psal.
315 2029 105 63 xli.
380 2029 79 63 Et
420 2029 92 63 sic
472 2029 184 63 diminuitur
617 2029 118 63 poena
696 2029 105 63 quae
761 2029 171 63 fortassis
880 2029 118 63 infuis-

235 2079 114 48 set:
306 2079 71 48 &
334 2079 99 48 non
391 2079 85 48 vt
434 2079 142 48 aliqui
533 2079 185 48 putarunt:
675 2079 128 48 poena
760 2079 170 48 realiter
874 2079 142 48 peccatis

227 2114 153 61 debita:
338 2114 111 61 quia
408 2114 84 61 si
450 2114 125 61 poena
533 2114 97 61 sit
589 2114 181 61 diminuta:
728 2114 167 61 sequitur
854 2114 97 61 per
896 2114 111 61 calcu-

244 2164 168 53 lationem
370 2164 112 53 quod
440 2164 154 53 aliquis
553 2164 140 53 posset
651 2164 168 53 decedere
777 2164 84 53 in
820 2164 140 53 multis
904 2164 98 53 morta

241 2215 128 42 libus
326 2215 71 42 &
355 2215 143 42 nullam
455 2215 143 42 poenam
555 2215 186 42 perferre.
697 2215 100 42 Non
754 2215 128 42 valet
840 2215 157 42 currere
940 2215 57 42 ad

229 2247 244 70 diminutionem
427 2247 229 70 Geometricam
610 2247 76 70 &
641 2247 107 70 non
702 2247 259 70 Arithmeticam:
900 2247 107 70 dicen

232 2293 85 58 do
274 2293 113 58 quod
345 2293 85 58 si
387 2293 141 58 primus
487 2293 127 58 actus
571 2293 141 58 tollit
670 2293 156 58 aliquid
784 2293 85 58 de
826 2293 141 58 poena:
911 2293 99 58 secun

236 2338 98 61 dus
292 2338 126 61 actus
376 2338 140 61 tollit
474 2338 196 61 medietatem
629 2338 154 61 illius:
741 2338 70 61 &
769 2338 98 61 sic
811 2338 196 61 proportiona-

231 2384 164 65 biliter.
354 2384 96 65 hoc
409 2384 137 65 inquam
505 2384 96 65 non
559 2384 137 65 valet:
655 2384 96 65 cum
710 2384 123 65 actus
792 2384 109 65 sint
847 2384 150 65 aequales.

235 2423 95 62 Nec
290 2423 149 62 insuper
398 2423 122 62 valet
480 2423 136 62 dicere
575 2423 109 62 quod
643 2423 136 62 aliqui
738 2423 149 62 dicunt,
846 2423 109 62 quod
900 2423 109 62 essen-

235 2472 137 59 tialis
331 2472 123 59 poena
413 2472 96 59 non
468 2472 205 59 diminuitur:
632 2472 96 59 sed
687 2472 150 59 laetius
796 2472 178 59 suffertur
919 2472 82 59 illa

234 2517 126 60 poena
318 2517 70 60 a
346 2517 181 60 patiente,
485 2517 167 60 quamquam
611 2517 167 60 apparens
736 2517 112 60 dari
806 2517 139 60 potest
889 2517 112 60 analo-

235 2570 117 53 gia
302 2570 134 53 sic.
386 2570 101 53 Si
437 2570 168 53 Sortes
554 2570 168 53 portet
671 2570 134 53 vnum
755 2570 168 53 pondus
856 2570 151 53 Rothoma

230 2606 93 60 go
277 2606 202 60 Parisios:
433 2606 78 60 &
464 2606 93 60 in
511 2606 140 60 magno
604 2606 156 60 calore
713 2606 140 60 detur
807 2606 93 60 ei
853 2606 140 60 potus
931 2606 78 60 vel

243 2647 122 56 post
319 2647 168 56 quietem
441 2647 92 56 in
487 2647 183 56 itinere:
625 2647 153 56 melius
732 2647 76 56 &
762 2647 183 56 alacrius
885 2647 122 56 pondus

239 2693 149 59 feret:
344 2693 134 59 licet
433 2693 134 59 ipsum
523 2693 149 59 pondus
627 2693 105 59 non
687 2693 209 59 diminuatur
837 2693 164 59 intrinse-

238 2736 101 73 ce.
295 2736 101 73 Sed
353 2736 101 73 hac
410 2736 101 73 via
468 2736 130 73 dabis
554 2736 158 73 aliquem
670 2736 101 73 qui
727 2736 101 73 non
785 2736 158 73 sentiet
886 2736 115 73 poenam

1060 335 85 66 in
1102 335 155 66 infemo.
1215 335 70 66 &
1243 335 99 66 sic
1299 335 85 66 in
1342 335 183 66 voluptate
1483 335 141 66 viuent
1581 335 169 66 damnati,
1708 335 113 66 quod
1765 335 70 66 est

1059 393 166 53 falsum.
1180 393 75 53 ⁋
1210 393 136 53 Sexto
1300 393 166 53 habetur
1421 393 181 53 laetitia
1557 393 166 53 mentis.
1662 393 166 53 experimur

1071 437 110 48 enim
1140 437 110 48 quod
1209 437 110 48 post
1278 437 124 48 actus
1360 437 124 48 bonos
1443 437 69 48 &
1470 437 151 48 studium
1580 437 179 48 laetamur:
1718 437 69 48 &
1732 437 96 48 tempo

1069 479 91 55 re
1114 479 213 55 inutiliter
1281 479 197 55 transacto
1433 479 182 55 dolemus.
1570 479 137 55 sicut
1661 479 167 55 deuotus
1767 479 76 55 plu

1065 527 138 47 rimum
1156 527 107 47 est
1218 527 199 47 iucundus,
1370 527 76 47 &
1401 527 214 47 dulcedinem
1569 527 153 47 mentis
1661 527 168 47 acquirit.

1071 574 139 44 iuxta
1163 574 123 44 illd
1240 574 262 44 psalmographi.
1456 574 92 44 In
1502 574 108 44 via
1564 574 262 44 testimoniorum
1764 574 77 44 tuo

1060 611 99 51 rum
1116 611 197 51 delectatus
1271 611 113 51 sum.
1342 611 169 51 peccator
1469 611 127 51 autem
1553 611 155 51 tristis
1666 611 113 51 est:
1736 611 70 51 &
1750 611 85 51 con-

1069 654 182 61 scientiam
1209 654 112 61 more
1279 654 140 61 sentis
1377 654 182 61 mordentem
1518 654 140 61 habet.
1616 654 70 61 &
1644 654 84 61 si
1686 654 112 61 quam
1742 654 98 61 laeti

1074 707 123 49 tiam
1150 707 231 49 momentaneam
1335 707 169 49 habeat:
1458 707 92 49 ea
1504 707 108 49 est
1565 707 169 49 inepta:
1688 707 77 49 &
1704 707 138 49 extrema

1064 747 155 59 illius
1173 747 155 59 gaudii
1282 747 155 59 luctus
1391 747 186 59 occupat.
1530 747 78 59 ⁋
1561 747 171 59 Septimo
1686 747 140 59 opera
1763 747 78 59 bo-

1069 800 85 49 na
1111 800 128 49 etiam
1197 800 170 49 merentur
1325 800 114 49 bona
1396 800 213 49 temporalia:
1566 800 71 49 &
1594 800 185 49 dilatione
1722 800 114 49 poenae

1062 840 175 49 protinus
1193 840 175 49 alioquin
1324 840 233 49 infligendae.
1514 840 116 49 Hinc
1587 840 160 49 dominus
1703 840 131 49 dixit
1776 840 58 49 ad

1074 877 152 54 Heliam
1180 877 91 54 de
1225 877 121 54 rege
1301 877 152 54 Achab.
1407 877 121 54 iii.
1483 877 152 54 Regum.
1589 877 121 54 xxi.
1665 877 136 54 Nonne
1741 877 91 54 vidi

1066 922 106 54 sti
1127 922 137 54 Achab
1218 922 213 54 humiliatum
1385 922 137 54 coram
1476 922 106 54 me:
1536 922 121 54 quia
1612 922 213 54 humiliatus
1764 922 76 54 est

1071 967 112 53 mei
1135 967 144 53 causa
1231 967 112 53 non
1295 967 176 53 inducam
1423 967 144 53 malum
1519 967 96 53 in
1567 967 160 53 diebus
1679 967 144 53 eius.
1759 967 80 53 Pro

1062 1014 177 56 peccatis
1195 1014 147 56 autem,
1298 1014 88 56 vt
1342 1014 191 56 nuperrime
1489 1014 133 56 dixi,
1578 1014 133 56 nulla
1666 1014 133 56 datur
1740 1014 88 56 remu

1071 1059 198 49 neratio:
1220 1059 116 49 sed
1286 1059 149 49 poena
1385 1059 132 49 quae
1468 1059 165 49 nocet.
1584 1059 132 49 deus
1666 1059 132 49 enim
1732 1059 116 49 sinit

1065 1094 239 65 peccatores
1253 1094 171 65 habere
1373 1094 154 65 malum
1475 1094 103 65 in
1526 1094 171 65 poenam
1629 1094 205 65 vlteriorem

1079 1142 174 50 peccati,
1209 1142 217 50 quemadmodum
1383 1142 87 50 de
1426 1142 203 50 hypocritis
1586 1142 188 50 Matthaei.
1731 1142 87 50 v.
1760 1142 72 50 di-

1072 1190 154 57 citur.
1180 1190 124 57 Amen
1257 1190 124 57 dico
1334 1190 154 57 vobis:
1442 1190 216 57 receperunt
1612 1190 185 57 mercedem
1735 1190 93 57 suam

1070 1241 78 44 ⁋
1102 1241 140 44 Vides
1195 1241 187 44 plurimum
1335 1241 156 44 valere
1444 1241 125 44 bona
1522 1241 140 44 opera
1616 1241 140 44 etiam
1709 1241 94 44 in
1741 1241 94 44 mor-

1077 1273 128 55 tali
1157 1273 160 55 facta:
1269 1273 112 55 sed
1333 1273 144 55 nullo
1429 1273 128 55 modo
1508 1273 144 55 opera
1604 1273 128 55 bona
1668 1273 176 55 diminuunt

1065 1317 98 60 de
1114 1317 147 60 poena
1212 1317 229 60 mortalibus
1392 1317 180 60 debita:
1522 1317 131 60 quia
1604 1317 196 60 opposito
1735 1317 98 60 dato

1077 1362 217 57 ostendimus
1248 1362 124 57 quod
1326 1362 171 57 aliquis
1450 1362 124 57 mole
1528 1362 217 57 peccatorum
1683 1362 155 57 stipatus

1074 1407 234 52 descenderet
1261 1407 94 52 ad
1308 1407 171 52 inferos
1433 1407 140 52 nullo
1526 1407 125 52 modo
1604 1407 187 52 punitus.
1729 1407 109 52 Secun

1067 1448 91 51 do
1112 1448 106 51 non
1173 1448 167 51 faciunt
1295 1448 243 51 descendentem
1492 1448 243 51 tolerabilius
1689 1448 137 51 molem
1765 1448 76 51 il-

1067 1495 116 61 lius
1140 1495 145 61 poenae
1242 1495 145 61 ferre,
1344 1495 116 61 quia
1416 1495 131 61 adhuc
1504 1495 174 61 opposito
1634 1495 116 61 dato
1707 1495 102 61 non
1751 1495 87 61 tor-

1074 1542 182 60 quebitur:
1214 1542 98 60 nec
1270 1542 140 60 poenam
1367 1542 195 60 percipiet,
1521 1542 112 60 quod
1591 1542 98 60 est
1633 1542 209 60 inconveniens:

1071 1579 123 66 quia
1147 1579 107 66 hoc
1209 1579 107 66 est
1270 1579 153 66 magnam
1377 1579 153 66 partem
1485 1579 153 66 poenae
1592 1579 215 66 diminuere.
1746 1579 107 66 sicut

1070 1627 148 66 patiens
1177 1627 121 66 minus
1258 1627 175 66 torquetur
1393 1627 67 66 a
1420 1627 148 66 vulnere
1528 1627 135 66 illato
1622 1627 94 66 vel
1676 1627 135 66 febri,
1757 1627 81 66 quam

1065 1672 201 74 impatiens:
1223 1672 72 74 &
1252 1672 173 74 dormiens
1381 1672 115 74 quam
1439 1672 158 74 vigilans.

1067 1724 107 88 ⁋
1109 1724 234 88 Secundo
1280 1724 298 88 dubitatur:
1514 1724 128 88 an
1578 1724 171 88 quis
1663 1724 171 88 possit

1072 1794 101 59 cum
1129 1794 217 59 contritione
1303 1794 144 59 habere
1404 1794 173 59 peccatum
1534 1794 173 59 mortale.
1664 1794 72 59 &
1678 1794 159 59 dubitatio

1060 1839 101 53 nis
1117 1839 130 53 ratio
1204 1839 115 53 est:
1276 1839 115 53 quia
1348 1839 115 53 pars
1420 1839 173 53 negatiua
1550 1839 87 53 ex
1593 1839 231 53 distinctione
1766 1839 87 53 prae

1071 1884 164 68 cedenti
1190 1884 149 68 patet.
1295 1884 90 68 Ad
1340 1884 239 68 affirmatiuam
1534 1884 209 68 argumentor
1698 1884 90 68 de
1728 1884 119 68 conti-

1068 1929 179 58 nuatione
1202 1929 179 58 naturali
1336 1929 149 58 actus:
1441 1929 164 58 ponendo
1560 1929 119 58 quod
1634 1929 149 58 sortes
1724 1929 119 58 habeat

1075 1972 120 55 vnum
1150 1972 135 55 actum
1240 1972 135 55 malum
1330 1972 195 55 moraliter
1480 1972 120 55 quem
1555 1972 165 55 elicuit
1675 1972 150 55 subito
1765 1972 75 55 vel

1061 2017 197 61 successiue:
1218 2017 105 61 hunc
1284 2017 79 61 de
1323 2017 197 61 necessitate
1480 2017 197 61 continuabit
1637 2017 92 61 per
1690 2017 144 61 tempus:
1781 2017 66 61 sit

1069 2065 185 62 centesima
1211 2065 114 62 pars
1282 2065 128 62 vnius
1368 2065 142 62 horae.
1468 2065 100 62 cum
1525 2065 114 62 illo
1596 2065 114 62 actu
1667 2065 114 62 malo
1724 2065 114 62 potest

1070 2105 126 51 nolle
1154 2105 126 51 illum
1238 2105 126 51 actum
1321 2105 112 51 esse
1391 2105 70 51 &
1419 2105 140 51 fuisse
1517 2105 154 51 propter
1629 2105 126 51 deum.
1712 2105 70 51 &
1740 2105 98 51 sic
1782 2105 56 51 ei

1066 2152 202 58 infundetur
1224 2152 158 58 gratia.
1339 2152 130 58 nulla
1426 2152 115 58 enim
1497 2152 101 58 est
1555 2152 216 58 repugnantia
1728 2152 115 58 quod
1785 2152 58 58 ho

1061 2194 93 52 mo
1107 2194 170 52 alienum
1231 2194 139 52 velit
1324 2194 170 52 rapere:
1448 2194 155 52 nolens
1556 2194 139 52 illum
1649 2194 139 52 actum
1727 2194 108 52 esse:

1064 2243 113 48 quia
1135 2243 142 48 potest
1234 2243 142 48 habere
1333 2243 127 48 actum
1418 2243 170 48 directum
1545 2243 71 48 &
1573 2243 212 48 reflexionem
1729 2243 99 48 super

1066 2277 118 57 illum
1144 2277 131 57 actum.
1236 2277 65 57 ⁋
1262 2277 209 57 Respondetur.
1432 2277 157 57 quicquid
1549 2277 91 57 sit
1602 2277 91 57 non
1654 2277 157 57 sequitur
1759 2277 78 57 quod

1067 2323 178 69 peccatum
1200 2323 163 69 mortale
1319 2323 74 69 &
1348 2323 148 69 gratia
1452 2323 133 69 simul
1541 2323 133 69 sint:
1630 2323 118 69 quia
1704 2323 104 69 iam
1748 2323 89 69 ille

1062 2363 124 72 actus
1145 2363 206 72 necessitate
1310 2363 165 72 naturali
1434 2363 206 72 continuatus
1599 2363 69 72 (
1626 2363 96 72 cum
1681 2363 96 72 res
1736 2363 138 72 perma-

1059 2409 117 58 nens
1132 2409 102 58 non
1191 2409 146 58 habeat
1293 2409 161 58 vltimum
1410 2409 161 58 instans
1527 2409 102 58 sui
1586 2409 117 58 esse
1659 2409 190 58 completum
1790 2409 44 58 )

1072 2444 100 70 non
1129 2444 185 70 imputatur
1271 2444 85 70 ad
1314 2444 171 70 mortale:
1442 2444 100 70 cum
1499 2444 100 70 non
1556 2444 142 70 sponte
1642 2444 199 70 continuetur.

1061 2498 76 63 ⁋
1091 2498 182 63 Summatim
1228 2498 137 63 dicta
1319 2498 197 63 colligens
1471 2498 137 63 dico.
1562 2498 137 63 licet
1653 2498 167 63 defendi
1759 2498 76 63 pos

1065 2545 93 69 sit
1118 2545 106 69 quod
1184 2545 199 69 poenitentia
1344 2545 159 69 iniuncta
1463 2545 80 69 in
1503 2545 146 69 mortali
1609 2545 173 69 completa,
1742 2545 80 69 no
1769 2545 66 69 sa-

1062 2586 172 66 tisfaciat:
1197 2586 111 66 illud
1271 2586 111 66 tamen
1345 2586 86 66 non
1394 2586 86 66 est
1443 2586 185 66 verosimile:
1591 2586 98 66 quia
1652 2586 74 66 ex
1689 2586 86 66 hoc
1726 2586 111 66 videtur

1062 2633 106 68 quod
1128 2633 146 68 peccata
1235 2633 146 68 dimissa
1341 2633 160 68 redeant,
1461 2633 133 68 contra
1554 2633 133 68 omnes.
1647 2633 93 68 cum
1700 2633 106 68 enim
1753 2633 93 68 semel

1067 2677 138 55 dimissa
1168 2677 101 55 sint
1231 2677 88 55 per
1281 2677 201 55 contritionem
1445 2677 138 55 nunquam
1546 2677 151 55 redeunt.
1659 2677 76 55 Si
1697 2677 113 55 autem
1760 2677 76 55 nul-

1064 2719 85 76 la
1106 2719 212 76 poenitentia
1276 2719 198 76 imponatur,
1431 2719 99 76 nec
1488 2719 226 76 adimpleatur:
1671 2719 170 76 peccator
1784 2719 57 76 pa
