2307 3321
475 331 142 80 tietur
574 331 142 80 poenam
673 331 156 80 debitam
787 331 85 80 in
830 331 213 80 purgatorio.
1000 331 99 80 sed
1057 331 85 80 si
1085 331 156 80 poeniten-

481 401 103 61 tiam
546 401 77 61 in
584 401 142 61 mortali
687 401 167 61 compleat:
816 401 103 61 illa
880 401 193 61 poenitentia
1035 401 90 61 est
1086 401 129 61 poenae
1164 401 77 61 libi

476 446 146 44 ratiua:
582 446 93 44 non
635 446 120 44 tamen
715 446 146 44 placans
821 446 66 44 &
848 446 212 44 reconcilians
1020 446 80 44 in
1060 446 159 44 amicitia
1166 446 80 44 dei-

494 491 163 50 vlterius
617 491 123 50 dico.
699 491 109 50 quod
767 491 123 50 licet
848 491 109 50 deus
916 491 95 50 non
971 491 163 50 dimittat
1093 491 109 50 vnum
1148 491 95 50 morta

478 535 85 59 le
520 535 99 59 vel
577 535 184 59 originale
718 535 127 59 aliis
803 535 198 59 mortalibus
958 535 99 59 non
1015 535 170 59 dimissis
1142 535 99 59 quo
1184 535 57 59 ad

484 576 150 52 culpam:
593 576 82 52 vt
634 576 177 52 magister.
770 576 82 52 c.
811 576 136 52 vltimo
906 576 122 52 huius
988 576 231 52 distinctionis
1164 576 82 52 san-

480 621 124 55 ctorum
566 621 222 55 auctoritatibus
752 621 62 55 &
776 621 173 55 scripturae
912 621 99 55 bene
974 621 148 55 deducit:
1085 621 111 55 tamen
1147 621 99 55 potest

489 669 128 47 vnam
569 669 160 47 poenam
681 669 208 47 dimittere
841 669 128 47 alia
920 669 192 47 manente,
1048 669 208 47 quemadmodum

486 711 165 49 episcopus
614 711 127 49 potest
703 711 165 49 absoluere
830 711 76 49 ab
868 711 89 49 vna
919 711 165 49 sententia
1034 711 216 49 excommunicatio-

480 755 110 46 nis:
549 755 96 46 non
604 755 192 46 absoluendo
755 755 82 46 ab
796 755 124 46 alia.
879 755 82 46 Et
920 755 110 46 tota
989 755 124 46 ratio
1071 755 96 46 est
1113 755 137 46 voluntas

482 799 95 52 dei
537 799 163 52 nolentis
659 799 163 52 mortalia
781 799 190 52 segregare:
931 799 122 52 licet
1012 799 136 52 nullam
1094 799 149 52 conmnexio

477 846 92 47 nem
529 846 197 47 naturaliter
687 846 118 47 inter
765 846 79 47 se
804 846 144 47 habeat.
909 846 144 47 homines
1014 846 105 47 enim
1080 846 118 47 nihil
1145 846 105 47 habent

476 889 122 51 agere
558 889 82 51 de
599 889 190 51 remissione
748 889 149 51 culpae:
857 889 109 51 quia
925 889 95 51 hoc
979 889 95 51 est
1034 889 136 51 solius
1129 889 109 51 dei:
1183 889 68 51 sed

480 936 146 51 poenam
583 936 161 51 ciuilem
700 936 176 51 culparum
832 936 161 51 possunt
949 936 205 51 remittere:
1110 936 102 51 non
1154 936 102 51 autem

478 983 144 53 poenam
578 983 86 53 in
622 983 115 53 foro
694 983 115 53 dei.
766 983 115 53 Post
838 983 144 53 culpas
938 983 130 53 autem
1025 983 173 53 dimissas
1140 983 115 53 potest

475 1019 109 56 quis
543 1019 204 56 satisfacere
706 1019 95 56 pro
760 1019 95 56 vno
815 1019 149 56 peccato
923 1019 81 56 in
964 1019 95 56 hoc
1018 1019 136 56 mundo:
1113 1019 95 56 non
1154 1019 95 56 autem

484 1065 99 54 pro
541 1065 114 54 alio
612 1065 99 54 vel
668 1065 142 54 aliis.
768 1065 156 54 Amplius
881 1065 199 54 vtilitates
1037 1065 142 54 operum
1122 1065 128 54 bonorum

475 1109 191 59 moraliter
622 1109 88 59 in
666 1109 161 59 mortali
783 1109 176 59 factorum
916 1109 235 59 recitauimus.
1106 1109 88 59 Ex
1136 1109 117 59 quibus

485 1150 149 48 omnibus
594 1150 162 48 sequitur
715 1150 108 48 quod
783 1150 135 48 nullum
878 1150 95 48 est
932 1150 122 48 bonum
1013 1150 95 48 non
1067 1150 203 48 remuneratum
1215 1150 41 48 a

482 1199 115 55 deo:
553 1199 158 55 praemio
668 1199 129 55 etiam
754 1199 144 55 maiore
855 1199 115 55 quam
927 1199 115 55 opus
999 1199 101 55 sit
1056 1199 144 55 bonum.
1142 1199 115 55 Vltimo

476 1240 164 46 sequitur
599 1240 109 46 quod
668 1240 123 46 licet
750 1240 109 46 opus
818 1240 82 46 in
859 1240 150 46 mortali
968 1240 137 46 factum
1064 1240 137 46 possit
1146 1240 109 46 facere

478 1279 74 68 ad
515 1279 221 68 accelerationem
699 1279 135 68 gesiae:
797 1279 86 68 non
846 1279 110 68 tamen
919 1279 74 68 ad
956 1279 160 68 augmentum
1079 1279 160 68 glersiae:
1189 1279 74 68 quia

475 1323 159 77 ratione
590 1323 130 77 talis
677 1323 130 77 actus
763 1323 101 77 non
821 1323 159 77 dabitur
937 1323 116 77 plus
995 1323 144 77 gloriae.

830 1532 101 88 d
870 1532 261 88 superiore
1051 1532 201 88 quaestio

817 1601 83 64 ne
859 1601 153 64 vidimus
970 1601 111 64 quod
1039 1601 111 64 quis
1108 1601 139 64 potest
1192 1601 55 64 in

815 1644 169 66 mortali
937 1644 230 66 satisfacere
1121 1644 92 66 de
1152 1644 107 66 pecca

817 1692 85 60 tis
865 1692 170 60 contritis:
999 1692 109 60 licet
1071 1692 121 60 postea
1156 1692 73 60 in
1180 1692 73 60 pec-

812 1735 123 60 catum
894 1735 136 60 lapsus
990 1735 150 60 fuerit,
1099 1735 109 60 nunc
1153 1735 109 60 secun-

805 1781 82 57 do
846 1781 164 57 materiam
969 1781 245 57 satisfactionis
1160 1781 95 57 prose

769 1826 169 59 quendo
887 1826 236 59 Quaeritur.
1073 1826 101 59 an
1123 1826 135 59 opus
1191 1826 67 59 sa

469 1869 220 56 tisfactorium
648 1869 96 56 sit
703 1869 124 56 aeque
785 1869 206 56 meritorium,
950 1869 82 56 ac
991 1869 82 56 no
1019 1869 233 56 satisfactorium.

494 1911 129 58 Verbi
580 1911 158 58 gratia.
695 1911 187 58 imponitur
839 1911 129 58 sorti
925 1911 86 58 in
968 1911 230 58 poenitentiam
1141 1911 115 58 dicere

485 1956 144 57 septem
586 1956 173 57 psalmos.
715 1956 130 57 Plato
802 1956 130 57 etiam
888 1956 130 57 dicit
975 1956 144 57 septem
1076 1956 159 57 psalmos
1177 1956 72 57 per

486 2000 107 54 opus
553 2000 188 54 praecepti,
700 2000 107 54 quia
768 2000 94 54 est
821 2000 81 54 in
862 2000 148 54 sacris:
969 2000 67 54 &
996 2000 148 54 tenetur
1103 2000 81 54 ex
1130 2000 121 54 consue-

475 2051 142 51 tudine
574 2051 128 51 hodie
659 2051 156 51 dicere:
773 2051 99 51 vel
830 2051 99 51 per
887 2051 114 51 opus
958 2051 185 51 consilii:
1100 2051 99 51 non
1142 2051 114 51 refert

479 2093 159 46 habent
590 2093 190 46 aequales
733 2093 174 46 conatus
860 2093 190 46 dicendi:
1002 2093 79 46 &
1034 2093 174 46 caetera
1145 2093 111 46 omnia

475 2132 122 59 sunt
551 2132 153 59 paria:
658 2132 107 59 hoc
720 2132 153 59 dempto
827 2132 122 59 quod
903 2132 122 59 vnus
980 2132 138 59 dicit
1056 2132 184 59 adimplende

487 2190 218 48 poenitentiam
665 2190 191 48 iniunctam:
815 2190 123 48 alter
897 2190 109 48 vero
965 2190 109 48 non.
1034 2190 164 48 quaestio
1156 2190 96 48 est
1197 2190 55 48 an

473 2216 220 63 aequaliter
646 2216 220 63 mereantur.
850 2216 94 63 Ad
897 2216 220 63 quaestione
1055 2216 189 63 respondetu

478 2265 104 59 per
537 2265 119 59 duas
612 2265 252 59 conclusiones.
819 2265 148 59 quarum
923 2265 133 59 Prior
1012 2265 119 59 est.
1086 2265 119 59 Opus
1145 2265 104 59 satis

473 2309 193 55 factorium
622 2309 104 55 est
681 2309 223 55 meritorium.
889 2309 163 55 Secunda
1008 2309 208 55 conclusio.
1157 2309 89 55 Opus

470 2364 244 44 satisfactorium
674 2364 95 44 non
728 2364 95 44 est
782 2364 122 44 minus
863 2364 190 44 meritorium
1012 2364 108 44 quam
1080 2364 81 44 si
1121 2364 95 44 non
1161 2364 95 44 esset

473 2395 304 53 satisfactorium.
761 2395 144 53 Prior
857 2395 208 53 conclusio
1016 2395 208 53 probatur.
1160 2395 80 53 Omn

472 2442 128 48 opus
552 2442 207 48 procedens
711 2442 96 48 ex
759 2442 207 48 charitate
918 2442 112 48 est
982 2442 239 48 meritorium:
1157 2442 96 48 opus

479 2488 254 60 satisfactorium
691 2488 99 60 est
747 2488 198 60 huiusmodi.
902 2488 155 60 igitur.
1015 2488 226 60 consequentia
1184 2488 71 60 est

476 2535 127 52 nota
556 2535 96 52 ex
603 2535 159 52 tertio
715 2535 175 52 primae.
842 2535 191 52 probatur
985 2535 159 52 minor:
1097 2535 127 52 quia
1161 2535 96 52 opus

484 2573 253 60 satisfactorium
695 2573 98 60 est
751 2573 112 60 opus
821 2573 182 60 moraliter
961 2573 126 60 bonum
1045 2573 84 60 in
1088 2573 112 60 illo
1158 2573 98 60 qui
1200 2573 56 60 ha

483 2624 110 51 bet
546 2624 189 51 gratiam.
688 2624 141 51 maior
782 2624 157 51 patet.
892 2624 173 51 aliquod
1017 2624 126 51 opus
1080 2624 173 51 procedens

476 2662 85 58 ex
518 2662 185 58 charitate
660 2662 99 58 est
717 2662 213 58 meritorium:
888 2662 71 58 &
916 2662 128 58 eadem
1001 2662 99 58 est
1058 2662 128 58 ratio
1144 2662 85 58 in
1172 2662 71 58 quo

481 2707 136 59 libet
571 2707 136 59 opere
662 2707 211 59 procedente
828 2707 90 59 ex
873 2707 211 59 charitate.
1039 2707 166 59 igitur.
1175 2707 75 59 Se-

481 2755 135 69 cunda
571 2755 194 69 conclusio
720 2755 194 69 probatur.
870 2755 120 69 quia
945 2755 120 69 dato
1020 2755 180 69 opposito
1139 2755 105 69 sequi

1316 336 97 68 tur
1371 336 111 68 haec
1441 336 194 68 conclusio.
1593 336 194 68 inconsulte
1745 336 125 68 facit
1828 336 166 68 ecclesia
1939 336 138 68 poeniten

1317 403 118 47 tias
1391 403 221 47 iniungendo:
1568 403 74 47 &
1597 403 133 47 etiam
1686 403 206 47 inconsulte
1848 403 133 47 facit
1922 403 162 47 poenitens

1311 447 236 58 poenitentias
1503 447 192 58 iniunctas
1650 447 221 58 accipiendo,
1827 447 118 58 quod
1901 447 103 58 est
1945 447 147 58 inconve-

1309 494 149 48 niens.
1413 494 119 48 quod
1488 494 179 48 sequatur
1622 494 149 48 patet.
1726 494 119 48 quia
1800 494 134 48 minus
1890 494 193 48 merebitur
2023 494 60 48 de

1322 536 152 56 praemio
1433 536 194 56 essentiali
1585 536 180 56 adimplens
1724 536 111 56 opus
1793 536 263 56 satisfactorium,
2001 536 83 56 quam

1315 580 109 46 opus
1383 580 95 46 non
1438 580 244 46 satisfactorium
1641 580 95 46 per
1695 580 95 46 te:
1750 580 68 46 &
1777 580 122 46 parum
1858 580 122 46 poene
1940 580 149 46 debitae
2035 580 54 46 er

1326 625 181 58 dimittitur
1468 625 91 58 per
1520 625 117 58 illum
1598 625 129 58 actum:
1689 625 104 58 quod
1753 625 91 58 non
1805 625 194 58 aequipollet
1948 625 142 58 carentiae

1320 665 129 50 illius
1410 665 167 50 perpetuae
1539 665 219 50 beatitudinis.
1719 665 142 50 igitur.
1822 665 193 50 Confirmatur
1977 665 103 50 haec
2029 665 64 50 ra-

1315 711 112 53 tio.
1385 711 126 53 Plato
1469 711 98 53 per
1526 711 182 53 oppositum
1666 711 225 53 conclusionis
1848 711 154 53 meretur
1947 711 140 53 praemium

1318 755 92 55 vt
1364 755 183 55 quatuor:
1501 755 76 55 &
1531 755 153 55 sortes
1638 755 137 55 minus
1730 755 168 55 meretur
1852 755 107 55 per
1913 755 107 55 te.
1959 755 137 55 ponatur

1314 799 147 56 gratia
1417 799 162 56 exempli
1535 799 118 56 quod
1609 799 177 56 mereatur
1741 799 88 56 vt
1786 799 118 56 duo.
1859 799 74 56 &
1889 799 206 56 dimittitur
2036 799 59 56 ei

1317 843 132 56 poena
1405 843 132 56 solum
1493 843 205 56 temporalis
1654 843 176 56 peccatis
1786 843 146 56 debita
1888 843 161 56 ratione
1991 843 102 56 actus

1324 891 262 44 satisfactorii:
1543 891 116 44 loco
1616 891 146 44 duorum
1718 891 160 44 graduum
1834 891 189 44 perpetuae
1965 891 131 44 beatitu

1315 930 127 53 dinis
1399 930 113 53 quos
1470 930 155 53 habebit
1583 930 127 53 Plato
1667 930 85 53 in
1710 930 197 53 perpetuum.
1865 930 113 53 ergo
1935 930 127 53 totum
2005 930 85 53 prae

1316 978 108 50 mium
1384 978 162 50 Platonis
1506 978 162 50 exuperat
1627 978 122 50 totum
1709 978 149 50 permium
1817 978 149 50 sortis,
1925 978 108 50 quod
1992 978 81 50 no
2019 978 68 50 est

1322 1019 186 49 dicendum.
1494 1019 86 49 Ex
1536 1019 115 49 illo
1608 1019 172 49 sequitur
1737 1019 115 49 quod
1809 1019 172 49 libenter
1937 1019 115 49 homo
1995 1019 100 49 debet

1315 1064 187 60 adimplere
1459 1064 245 60 poenitentiam:
1661 1064 115 60 quia
1733 1064 159 60 habebit
1848 1064 101 60 duo
1906 1064 115 60 bona
1978 1064 101 60 per
2035 1064 86 60 ad

1319 1111 209 48 impletionem
1487 1111 237 48 poenitentiae:
1682 1111 168 48 scilicet
1808 1111 140 48 tantum
1892 1111 195 48 beatitudinis

1324 1154 138 49 quatum
1421 1154 124 49 alter
1503 1154 152 49 habebit
1614 1154 96 49 per
1669 1154 110 49 opus
1738 1154 96 49 non
1793 1154 262 49 satisfactorium.
2013 1154 69 49 &
2027 1154 69 49 cum

1309 1196 107 62 hoc
1370 1196 168 62 habebit
1492 1196 229 62 remissionem
1676 1196 153 62 poenae
1782 1196 153 62 culpae
1874 1196 153 62 debitae.

1348 1246 218 72 Contra
1501 1246 262 72 secundam
1697 1246 349 72 conclusionem
1981 1246 153 72 ar-

1325 1318 142 51 guitur.
1428 1318 77 51 ex
1467 1318 77 51 ea
1506 1318 155 51 sequitur
1622 1318 103 51 quod
1687 1318 181 51 aequaliter
1829 1318 155 51 merentes
1932 1318 155 51 inaequali-

1315 1358 98 53 ter
1371 1358 252 53 praemiabuntur.
1581 1358 196 53 consequens
1734 1358 98 53 est
1790 1358 224 53 inconveniens
1972 1358 84 53 in
2000 1358 98 53 eodem

1323 1401 117 50 foro.
1401 1401 91 50 sed
1453 1401 104 50 quod
1517 1401 155 50 sequatur
1634 1401 129 50 patet.
1724 1401 117 50 totum
1802 1401 155 50 praemium
1919 1401 129 50 sortis
1996 1401 91 50 prae-

1321 1445 118 51 mium
1395 1445 177 51 platonis
1527 1445 191 51 exuperat:
1675 1445 103 51 cum
1734 1445 177 51 aequales
1866 1445 206 51 btitudines
2013 1445 74 51 ha-

1322 1490 136 53 beant:
1418 1490 68 53 &
1445 1490 95 53 cum
1500 1490 95 53 hoc
1554 1490 123 53 sorti
1636 1490 191 53 remittitur
1786 1490 136 53 poena.
1881 1490 68 53 &
1908 1490 123 53 tamen
1990 1490 136 53 aequa-

1311 1534 136 45 liter
1401 1534 181 45 merentur
1537 1534 90 45 ex
1582 1534 211 45 hypothesi.
1748 1534 166 45 igitur.
1884 1534 196 45 Respondetui

1320 1578 164 46 negando
1439 1578 119 46 quod
1514 1578 104 46 non
1574 1578 179 46 habebunt
1708 1578 179 46 aequalia
1842 1578 164 46 praemia
1947 1578 149 46 essentia

1321 1624 116 46 lia.
1393 1624 87 46 de
1436 1624 159 46 praemio
1552 1624 116 46 enim
1624 1624 232 46 concomitanti
1813 1624 174 46 scilicet
1928 1624 174 46 remissione

1324 1667 142 53 poenae
1423 1667 100 53 non
1480 1667 100 53 est
1537 1667 242 53 inconveniens.
1737 1667 128 53 patet
1822 1667 85 53 in
1865 1667 114 53 alio
1936 1667 128 53 casu:
2008 1667 85 53 Sor-

1318 1716 96 49 tes
1373 1716 109 49 vult
1441 1716 164 49 consequi
1564 1716 232 49 indulgentias:
1756 1716 68 49 &
1783 1716 96 49 eas
1838 1716 219 49 consequitur:
2002 1716 82 49 quia

1321 1754 107 49 dat
1382 1754 183 49 secundum
1519 1754 153 49 quotam
1626 1754 92 49 in
1672 1754 245 49 indulgentiis
1871 1754 183 49 positam:
1993 1754 92 49 Pla-

1318 1796 81 49 to
1359 1796 122 49 etiam
1440 1796 108 49 vult
1508 1796 217 49 indulgentias
1684 1796 176 49 consequi:
1819 1796 95 49 sed
1873 1796 190 49 impeditur:
2009 1796 81 49 quia

1317 1844 102 53 non
1376 1844 132 53 habet
1464 1844 190 53 pecuniam:
1610 1844 102 53 vel
1668 1844 102 53 est
1727 1844 132 53 aliud
1814 1844 248 53 impedimentum:
2004 1844 88 53 isti

1315 1888 105 45 duo
1375 1888 105 45 per
1435 1888 120 45 duos
1510 1888 135 45 actus
1599 1888 180 45 aequales
1734 1888 75 45 &
1764 1888 209 45 aequaliter
1913 1888 180 45 meritorios

1316 1927 167 58 merentur
1441 1927 153 58 aequale
1552 1927 167 58 praemium
1677 1927 208 58 essentiale:
1844 1927 97 58 sed
1886 1927 194 58 inaequaliter

1313 1977 190 55 merentur
1456 1977 237 55 remissionem
1629 1977 127 55 poenae

1352 2021 225 68 Secundo
1516 2021 266 68 arguitur.
1721 2021 164 68 ille
1824 2021 143 68 qui
1906 2021 164 68 agit
1988 2021 102 68 sua

1322 2085 158 60 sponte,
1437 2085 173 60 alacrius
1566 2085 72 60 &
1595 2085 173 60 hilarius
1724 2085 129 60 facit
1811 2085 115 60 suum
1883 2085 115 60 opus
1955 2085 115 60 quam
2012 2085 72 60 al-

1318 2126 98 57 ter
1374 2126 98 57 cui
1430 2126 209 57 poenitentia
1597 2126 98 57 est
1653 2126 182 57 iniuncta:
1793 2126 98 57 qui
1849 2126 112 57 opus
1918 2126 112 57 tale
1988 2126 98 57 non
2030 2126 56 57 ad

1322 2172 175 44 impleret
1454 2172 117 44 nisi
1527 2172 131 44 esset
1614 2172 88 44 ei
1658 2172 204 44 iniunctum.
1818 2172 117 44 ergo
1891 2172 131 44 prior
1964 2172 117 44 melius

1315 2215 144 53 facit.
1416 2215 159 53 Hilarem
1531 2215 116 53 enim
1603 2215 159 53 datorem
1719 2215 159 53 diligit
1834 2215 130 53 deus.
1936 2215 144 53 Responde

1321 2262 109 47 tur.
1389 2262 81 47 si
1430 2262 149 47 caetera
1539 2262 109 47 sint
1607 2262 163 47 imparia,
1729 2262 122 47 nihil
1810 2262 81 47 ad
1851 2262 81 47 a.
1892 2262 149 47 Secundo
1987 2262 95 47 dico.

1313 2309 112 51 quod
1383 2309 112 51 stat
1453 2309 112 51 vnum
1522 2309 112 51 plus
1592 2309 140 51 mereri
1690 2309 98 51 per
1746 2309 112 51 opus
1816 2309 154 51 melius,
1927 2309 70 51 &
1955 2309 98 51 non
1997 2309 84 51 plus

1320 2356 234 42 satisfacere.
1510 2356 117 42 quia
1583 2356 102 42 non
1642 2356 161 42 oportet
1759 2356 146 42 semper
1861 2356 117 42 opus
1934 2356 131 42 magis
2007 2356 73 42 mer

1318 2395 139 55 torium
1415 2395 111 55 esse
1485 2395 125 55 magis
1568 2395 264 55 satisfactorium.
1790 2395 83 55 vt
1831 2395 125 55 patet
1915 2395 83 55 in
1942 2395 139 55 indulgen

1314 2438 136 50 tiis,
1405 2438 121 50 quas
1480 2438 121 50 vnus
1556 2438 167 50 intenso
1677 2438 121 50 actu
1753 2438 212 50 voluntatis
1919 2438 182 50 acquirit
2041 2438 45 50 &

1321 2482 131 55 alter
1409 2482 175 55 remisso.
1541 2482 131 55 prior
1628 2482 117 55 enim
1701 2482 117 55 plus
1774 2482 161 55 meretur
1891 2482 102 55 quo
1950 2482 88 55 ad
1979 2482 102 55 vitam

1309 2525 188 59 aeternam:
1453 2525 101 59 non
1511 2525 130 59 autem
1598 2525 101 59 quo
1656 2525 87 59 ad
1699 2525 217 59 remissionem
1873 2525 159 59 poenae.
1989 2525 101 59 sic
2032 2525 58 59 po

1316 2572 110 48 test
1385 2572 110 48 esse
1454 2572 110 48 quod
1522 2572 96 48 duo
1577 2572 137 48 dicant
1674 2572 137 48 septem
1770 2572 151 48 psalmos
1880 2572 192 48 aequaliter
2017 2572 69 48 sa-

1306 2614 217 59 tisfactorie:
1483 2614 68 59 &
1510 2614 122 59 tamen
1591 2614 108 59 vnus
1659 2614 108 59 plus
1727 2614 176 59 mereatur.
1862 2614 149 59 Hilarem
1971 2614 108 59 enim
2025 2614 68 59 da-

1316 2659 142 50 torem
1411 2659 173 50 diligit
1537 2659 142 50 deus.
1632 2659 110 50 hoc
1695 2659 126 50 est,
1774 2659 142 50 actum
1868 2659 158 50 sponte
1963 2659 126 50 factum

1315 2698 158 48 diligit
1430 2698 129 48 deus:
1516 2698 115 48 siue
1588 2698 129 48 actum
1674 2698 173 48 eliciens
1804 2698 101 48 sit
1861 2698 173 48 iucundus
1991 2698 72 48 &
2005 2698 72 48 san

1312 2743 157 65 guineus
1426 2743 114 65 siue
1498 2743 200 65 subtristis
1655 2743 72 65 &
1684 2743 257 65 melancholicus.
1898 2743 72 65 &
1927 2743 100 65 non
1970 2743 114 65 tantum
