2303 3314
459 277 132 72 autem
547 277 176 72 possunt.
679 277 146 72 Contra
781 277 102 72 hoc
840 277 190 72 arguitur.
986 277 146 72 famuli
1089 277 102 72 non
1133 277 117 72 absti-

457 333 118 58 nent
531 333 74 58 a
561 333 118 58 cibo
635 333 104 58 per
694 333 133 58 maius
783 333 163 58 tempus,
901 333 222 58 incipientes
1078 333 118 58 hora
1138 333 118 58 secun-

459 378 101 55 da,
516 378 115 55 quam
588 378 144 55 domini
689 378 101 55 sui
746 378 129 55 hora.
832 378 115 55 xii.
904 378 230 55 incipientes:
1091 378 115 55 ergo
1148 378 101 55 nihil

463 422 131 52 dictu
551 422 117 52 est.
624 422 204 52 antecedens
784 422 146 52 patet.
886 422 175 52 prandeat
1017 422 160 52 famulus
1133 422 87 52 ad
1163 422 87 52 ter-

461 465 119 59 tiam,
540 465 93 59 vel
593 465 80 59 ad
633 465 146 59 tertiam
739 465 93 59 cum
792 465 159 59 dimidia:
912 465 66 59 &
938 465 146 59 dominus
1044 465 106 59 eius
1110 465 80 59 ad
1137 465 106 59 primam

466 511 92 53 cum
519 511 158 53 dimidia:
637 511 92 53 iam
690 511 119 53 sicut
770 511 145 53 dominus
875 511 79 53 in
915 511 92 53 die
968 511 158 53 sequenti
1087 511 145 53 incipit
1179 511 66 53 per

463 558 127 50 horam
548 558 99 50 cum
604 558 156 50 dimidia
717 558 113 50 ante
788 558 170 50 famulum:
916 558 99 50 ita
972 558 156 50 famulus
1085 558 156 50 pransus
1184 558 71 50 est

460 598 114 52 tanto
536 598 139 52 tempore
637 598 101 52 post
700 598 152 52 dominum.
814 598 202 52 Respondetur.
978 598 114 52 illud
1054 598 88 52 est
1104 598 126 52 verum:
1193 598 63 52 &
1205 598 51 52 si

477 643 150 60 caetera
586 643 136 60 essent
682 643 122 60 paria
763 643 150 60 famulum
872 643 95 60 non
926 643 177 60 excusarem
1063 643 109 60 plus
1131 643 109 60 quam
1199 643 82 60 do

470 696 123 50 minum
552 696 204 50 abstinentem
716 696 68 50 a
743 696 123 50 cibo.
825 696 150 50 xxiiii.
934 696 136 50 horis.
1029 696 95 50 sed
1084 696 109 50 quia
1138 696 109 50 plures

462 732 132 56 habet
550 732 162 56 labores
668 732 73 56 &
697 732 162 56 sudores
815 732 176 56 currendo
947 732 191 56 hincinde:
1094 732 103 56 non
1138 732 118 56 potest

468 777 104 50 ita
528 777 104 50 diu
587 777 163 50 abstine
706 777 104 50 re:
765 777 208 50 quapropter
928 777 134 50 tales
1017 777 134 50 serui
1107 777 119 50 sunt
1166 777 89 50 excu

465 822 145 53 sati,
562 822 81 53 &
594 822 113 53 qui
659 822 145 53 escas
755 822 194 53 examinat
901 822 129 53 quos
982 822 178 53 oportet
1111 822 145 53 prius
1191 822 65 53 gu

472 864 123 49 stare
554 864 82 49 ne
595 864 150 49 toxicum
705 864 137 49 domino
801 864 150 49 ponatur
910 864 82 49 in
951 864 137 49 disco:
1047 864 96 49 vel
1102 864 82 49 vt
1129 864 123 49 dominus

476 911 117 55 hoc
543 911 117 55 non
610 911 218 55 formidans
778 911 168 55 habeat
895 911 151 55 cibum
996 911 134 55 bene
1063 911 184 55 apparatum

470 952 78 61 â‹
502 952 172 61 Secundo
627 952 203 61 arguitur.
783 952 156 61 sortes
892 952 188 61 comedens
1033 952 94 61 ab
1080 952 141 61 hora.
1158 952 94 61 xii.

473 998 96 49 ad
521 998 193 49 dimidiam
666 998 161 49 primae
778 998 80 49 &
810 998 193 49 desinens
955 998 193 49 comedere
1099 998 112 49 vna
1148 998 96 49 dimi

476 1041 104 47 dia
536 1041 119 47 hora
610 1041 104 47 vel
670 1041 179 47 amplius:
804 1041 149 47 postea
909 1041 149 47 rursus
1013 1041 194 47 incipiens
1148 1041 104 47 come-

461 1083 125 61 dere
540 1083 110 61 per
602 1083 157 61 tempus
712 1083 141 61 vnius
806 1083 172 61 quartae
932 1083 157 61 partis
1041 1083 141 61 horae
1120 1083 141 61 frangit

475 1128 162 52 ieiunium.
599 1128 62 52 &
624 1128 112 52 tamen
699 1128 87 52 non
749 1128 137 52 peccat,
848 1128 150 52 probatur
960 1128 137 52 ponendo
1060 1128 100 52 quod
1122 1128 112 52 plato
1185 1128 62 52 in-

481 1178 142 58 cipiat
580 1178 100 58 cum
637 1178 114 58 ipso
709 1178 171 58 comedere
837 1178 85 58 in
880 1178 128 58 eodem
965 1178 142 58 tpore:
1065 1178 71 58 &
1093 1178 157 58 comedat
1193 1178 57 58 il

472 1221 89 44 lo
517 1221 119 44 toto
591 1221 164 44 tempore
711 1221 104 44 quo
770 1221 149 44 sortes
874 1221 164 44 desinit
994 1221 194 44 comedere,
1143 1221 75 44 &
1158 1221 89 44 come

475 1263 105 47 dat
535 1263 209 47 actualiter
699 1263 149 47 quando
804 1263 149 47 sortes
908 1263 179 47 comedit.
1043 1263 75 47 â‹
1058 1263 194 47 Respondetur

478 1306 215 49 concedendo
647 1306 185 49 maiorem:
785 1306 108 49 sed
847 1306 169 49 negatur
970 1306 154 49 minor.
1077 1306 77 49 &
1108 1306 92 49 ad
1139 1306 123 49 proba-

480 1353 130 59 tionem
571 1353 143 59 concedo
675 1353 104 59 quod
740 1353 117 59 plato
818 1353 91 59 non
870 1353 143 59 peccat:
973 1353 91 59 sed
1025 1353 156 59 ieiunat,
1142 1353 104 59 quia
1207 1353 78 59 in

483 1396 94 50 vno
536 1396 94 50 est
590 1396 202 50 interruptio
751 1396 161 50 ieiunium
872 1396 175 50 frangens:
1007 1396 94 50 non
1060 1396 121 50 autem
1141 1396 81 50 in
1168 1396 94 50 alio.

481 1442 151 51 Consule
591 1442 179 51 prudentes
729 1442 138 51 quanta
825 1442 206 51 interruptio
990 1442 179 51 sufficiat
1114 1442 138 51 ieiunium

467 1487 191 48 rumpere.
610 1487 127 48 Nolo
690 1487 143 48 tamen
785 1487 159 48 dicere
896 1487 175 48 iuuenem
1024 1487 95 48 in
1071 1487 143 48 mensa
1151 1487 111 48 come-

474 1529 154 47 dentem
582 1529 216 47 accedentem
751 1529 139 47 domum
844 1529 154 47 vicini
952 1529 108 47 pro
1014 1529 124 47 vino
1091 1529 139 47 nihil
1168 1529 93 47 come

478 1575 157 55 dentem,
592 1575 171 55 frangere
720 1575 185 55 ieiunium.
862 1575 128 55 Maior
948 1575 128 55 autem
1033 1575 214 55 interruptio
1190 1575 71 55 vni

471 1617 104 49 est
531 1617 238 49 rationabilis
724 1617 149 49 causa:
828 1617 104 49 sic
887 1617 89 49 vt
932 1617 104 49 non
991 1617 164 49 frangat
1095 1617 164 49 ieiunium:

482 1662 109 48 vbi
545 1662 141 48 minor
639 1662 234 48 interruptio
826 1662 203 48 frangeret
983 1662 109 48 sne
1045 1662 156 48 simili
1139 1662 125 48 causa.

484 1706 89 49 vt
529 1706 89 49 si
573 1706 103 49 non
632 1706 103 49 sit
691 1706 133 49 vinum
780 1706 89 49 in
824 1706 118 49 domo
898 1706 148 49 vicina
1002 1706 103 49 sed
1061 1706 118 49 opus
1135 1706 103 49 sit
1179 1706 74 49 do-

468 1752 102 58 mun
527 1752 204 58 remotiorem
687 1752 146 58 adire:
789 1752 102 58 vel
848 1752 131 58 longa
935 1752 102 58 est
993 1752 160 58 dilatio
1110 1752 102 58 pro
1154 1752 102 58 haben

473 1796 94 51 do
520 1796 141 51 vino,
614 1796 78 51 &
645 1796 125 51 cito
723 1796 109 51 non
786 1796 156 51 potest
895 1796 94 51 se
942 1796 203 51 expedire:
1099 1796 125 51 tunc
1161 1796 94 51 opus

474 1843 107 54 est
535 1843 183 54 longiore
672 1843 137 54 mora.
763 1843 76 54 &
793 1843 107 54 sic
854 1843 137 54 magna
946 1843 228 54 interruptio
1128 1843 91 54 in
1159 1843 91 54 isto

473 1889 110 45 non
536 1889 174 45 frangit
663 1889 205 45 ieiunium.
820 1889 110 45 Nec
883 1889 126 45 opus
962 1889 110 45 est
1025 1889 95 45 ei
1073 1889 126 45 pane
1152 1889 95 45 in
1183 1889 79 45 ore

482 1927 163 60 praeter
601 1927 163 60 aliorum
720 1927 253 60 consuetudinem
928 1927 178 60 quatenus
1062 1927 149 60 seruet
1151 1927 104 60 ieiu-

477 1975 141 57 nium.
571 1975 78 57 â‹
603 1975 157 57 Tertio
713 1975 204 57 arguitur.
870 1975 94 57 ad
917 1975 188 57 Ephesios
1058 1975 157 57 quinto
1152 1975 110 57 scri-

477 2019 146 47 bitur.
579 2019 117 47 nemo
652 2019 146 47 vnquam
754 2019 146 47 carnem
856 2019 117 47 suam
929 2019 117 47 odio
1002 2019 160 47 habuit.
1119 2019 117 47 ergo
1177 2019 73 47 ca-

474 2064 91 54 ro
519 2064 106 54 est
580 2064 182 54 fouenda:
717 2064 76 54 &
747 2064 91 54 no
793 2064 106 54 est
854 2064 198 54 maceranda
1006 2064 182 54 ieiunio.
1143 2064 76 54 â‹
1158 2064 91 54 Quar

481 2108 82 48 to
522 2108 164 48 arguitur
645 2108 96 48 per
700 2108 123 48 illud
782 2108 109 48 quod
850 2108 177 48 scribitur
986 2108 136 48 Lucae.
1082 2108 96 48 vi.
1123 2108 136 48 Diligite

470 2151 186 50 inimicos
610 2151 171 50 vestros
734 2151 78 50 &
765 2151 217 50 benefacite
936 2151 109 50 his
998 2151 109 50 qui
1060 2151 171 50 oderunt
1168 2151 78 50 vos

465 2193 109 51 sed
527 2193 124 51 caro
604 2193 109 51 est
666 2193 140 51 nobis
759 2193 186 51 inimica,
899 2193 93 51 vt
945 2193 171 51 dicitur
1069 2193 93 51 ad
1100 2193 155 51 Galathas

475 2239 93 46 v.
521 2239 124 46 Tres
598 2239 124 46 enim
676 2239 93 46 ab
722 2239 170 46 omnibus
846 2239 217 46 reputantur
1017 2239 170 46 hostes:
1125 2239 124 46 Mundus

469 2283 141 45 daemon
567 2283 70 45 /
595 2283 70 45 &
624 2283 126 45 caro.
708 2283 112 45 immo
778 2283 98 45 est
834 2283 141 45 hostis
933 2283 169 45 caeteris
1059 2283 169 45 deterior
1172 2283 84 45 quia

483 2324 160 62 hostis
595 2324 224 62 domesticus
771 2324 144 62 datus
867 2324 96 62 in
916 2324 240 62 exercitium.
1108 2324 80 62 â‹
1124 2324 128 62 Respon

478 2373 122 43 detur
560 2373 82 43 ad
601 2373 149 43 tertium
709 2373 109 43 quod
777 2373 190 43 substantia
927 2373 136 43 carnis
1022 2373 95 43 est
1076 2373 163 43 fouenda:
1185 2373 68 43 sed

486 2417 118 51 eius
560 2417 177 51 insultus
693 2417 88 51 ad
737 2417 192 51 illicitum
884 2417 162 51 tendens
1002 2417 103 51 est
1047 2417 206 51 refrenandus.

474 2461 73 59 â‹
504 2461 87 59 Ad
547 2461 160 59 quartum
663 2461 160 59 dicitur
780 2461 116 59 quod
852 2461 131 59 illic
939 2461 102 59 est
997 2461 131 59 sermo
1085 2461 87 59 de
1114 2461 145 59 inimicis

486 2508 174 45 ratione
613 2508 221 45 vtentibus.
787 2508 111 45 sed
850 2508 111 45 quo
913 2508 95 45 ad
961 2508 142 45 omnem
1055 2508 190 45 inimicum
1182 2508 79 45 nos

484 2545 179 50 ducentem
618 2545 89 50 in
663 2545 134 50 malum
752 2545 74 50 &
782 2545 223 50 captiuantem
960 2545 89 50 in
1005 2545 193 50 peccatum:
1154 2545 89 50 ab
1184 2545 74 50 il-

474 2589 96 55 lo
522 2589 241 55 discedendum
715 2589 112 55 est
779 2589 96 55 eo
827 2589 128 55 modo
907 2589 112 55 quo
971 2589 209 55 possumus.
1132 2589 112 55 hoc
1180 2589 80 55 est

475 2629 182 57 euitemus
611 2629 136 57 malum
702 2629 121 57 quod
778 2629 182 57 prouenit
914 2629 91 57 ex
959 2629 121 57 eius
1035 2629 227 57 inimicitia.
1201 2629 61 57 si

480 2685 119 56 enim
554 2685 119 56 caro
628 2685 148 56 nostra
732 2685 104 56 sit
791 2685 193 56 effrenis:
940 2685 89 56 in
984 2685 133 56 chamo
1073 2685 74 56 &
1103 2685 133 56 freno
1177 2685 74 56 ma

1308 274 146 59 xillas
1411 274 117 59 eius
1484 274 263 59 constringemus:
1703 274 175 59 ieiunio,
1834 274 175 59 vigilia,
1951 274 146 59 sollici-

1307 339 172 47 tudine,
1432 339 78 47 &
1463 339 156 47 labore
1572 339 218 47 corporali.
1744 339 94 47 Si
1791 339 156 47 namque
1900 339 156 47 carnem
1993 339 94 47 plus

1315 376 127 60 aequo
1400 376 170 60 foueris:
1527 376 155 60 viperam
1640 376 85 60 in
1682 376 113 60 sinu
1753 376 170 60 fouebis:
1880 376 113 60 quae
1937 376 155 60 continuum

1312 423 157 49 toxicum
1426 423 114 49 tibi
1497 423 171 49 parabit.
1625 423 85 49 Et
1668 423 142 49 quanto
1767 423 199 49 delicatius
1924 423 85 49 ea
1953 423 142 49 nutriue-

1320 466 103 59 ris:
1384 466 115 59 tanto
1461 466 115 59 magis
1538 466 154 59 spiritui
1654 466 218 59 reluctabitur,
1833 466 64 59 &
1859 466 115 59 peior
1923 466 167 59 efficietur,

1314 508 188 48 secundum
1456 508 141 48 illud
1550 508 157 48 Alani.
1660 508 188 48 Pessimus
1801 508 110 48 est
1864 508 157 48 hostis
1973 508 110 48 qui
2021 508 78 48 cum

1314 554 218 46 benefeceris
1489 554 117 46 illi
1562 554 160 46 Fortius
1679 554 175 46 iusurgit
1810 554 131 46 bella
1897 554 160 46 mouendo
1999 554 102 46 tibi.

1322 596 71 60 â‹
1350 596 142 60 Quinto
1449 596 184 60 arguitur.
1591 596 127 60 nihil
1676 596 113 60 quod
1746 596 85 60 in
1789 596 85 60 os
1831 596 142 60 intrat
1916 596 170 60 coinquinai

1314 653 160 50 animam.
1431 653 189 50 Matthaei.
1577 653 102 50 xv.
1635 653 117 50 ergo
1708 653 131 50 cibus
1795 653 131 50 nullo
1883 653 160 50 tempore
1984 653 117 50 assum-

1329 687 117 50 ptus
1403 687 132 50 facit
1490 687 190 50 peccatum.
1637 687 73 50 â‹
1666 687 234 50 Respondetur.
1856 687 132 50 illic
1944 687 102 50 est
1988 687 102 50 sermo

1322 736 140 55 contra
1420 736 196 55 pharisaeos
1574 736 98 55 qui
1630 736 182 55 apostolos
1771 736 182 55 reprobant
1911 736 112 55 quod
1967 736 126 55 illotis

1313 776 175 47 manibus
1440 776 239 47 comederent.
1631 776 175 47 volebat
1759 776 127 47 enim
1838 776 191 47 Saluator
1966 776 127 47 dicere

1321 824 112 54 quod
1391 824 181 54 assumptio
1530 824 126 54 talis
1614 824 112 54 cibi
1684 824 98 54 non
1739 824 98 54 est
1795 824 181 54 peccatum.
1935 824 98 54 sed
1990 824 84 54 ad
2018 824 84 54 pro-

1335 867 141 53 positum
1438 867 154 53 nostrum,
1553 867 103 53 quod
1617 867 128 53 intrat
1707 867 77 53 in
1746 867 77 53 os
1784 867 141 53 licite:
1887 867 90 53 non
1938 867 128 53 arguit
2015 867 77 53 pec-

1315 908 127 57 catum
1400 908 85 57 in
1442 908 184 57 voluntate
1583 908 99 57 nec
1640 908 85 57 in
1682 908 113 57 ore,
1753 908 127 57 sicut
1838 908 113 57 erat
1908 908 85 57 de
1937 908 155 57 comestio-

1312 953 102 54 ne
1363 953 256 54 apostolorum
1568 953 136 54 quos
1653 953 205 54 Christus
1806 953 205 54 excusat.
1960 953 85 54 â‹
1977 953 119 54 Sexto

1315 1000 182 46 arguitur.
1455 1000 196 46 corporalis
1609 1000 210 46 exercitatio
1776 1000 84 46 ad
1818 1000 154 46 modicum
1930 1000 140 46 vtilis
2014 1000 84 46 est.

1320 1045 150 53 pietas
1425 1045 90 53 ad
1470 1045 135 53 omnia
1560 1045 150 53 valet.
1665 1045 150 53 primae
1771 1045 90 53 ad
1816 1045 195 53 Timotheum
1966 1045 165 53 quarto.

1328 1085 69 60 â‹
1356 1085 222 60 Respondetur.
1536 1085 180 60 superflua
1675 1085 194 60 subtrahere
1828 1085 69 60 a
1855 1085 153 60 corpore
1966 1085 83 60 vt
2008 1085 125 60 ipsum

1325 1132 170 52 reddatur
1452 1132 184 52 subiectum
1593 1132 170 52 rationi:
1721 1132 99 52 est
1777 1132 141 52 multum
1876 1132 212 52 spirituale:
2031 1132 71 52 non

1323 1173 135 52 tamen
1413 1173 105 52 est
1473 1173 150 52 corpus
1578 1173 165 52 penitus
1698 1173 210 52 eneruandum
1862 1173 105 52 cum
1922 1173 105 52 sit
1967 1173 135 52 instru-

1317 1218 146 59 mentum
1419 1218 117 59 bene
1492 1218 160 59 agendi,
1609 1218 102 59 non
1667 1218 117 59 enim
1740 1218 102 59 est
1798 1218 131 59 bonus
1886 1218 190 59 politicus
2017 1218 73 59 qui

1326 1262 163 47 occidit
1445 1262 133 47 ciuem
1533 1262 118 47 sine
1607 1262 104 47 quo
1667 1262 104 47 non
1726 1262 148 47 potest
1830 1262 163 47 viuere.
1948 1262 118 47 modo
2007 1262 89 47 ani-

1317 1311 94 49 ma
1364 1311 109 49 non
1427 1311 156 49 potest
1536 1311 156 49 viuere
1646 1311 94 49 in
1693 1311 109 49 hoc
1755 1311 141 49 statu
1849 1311 172 49 merendi
1974 1311 109 49 aut
2021 1311 78 49 de-

1317 1352 167 51 merendi
1438 1352 121 51 sine
1514 1352 182 51 corpore.
1650 1352 106 51 Sed
1711 1352 106 51 cum
1772 1352 136 51 poeta
1862 1352 182 51 optandum
1999 1352 106 51 est
2044 1352 61 51 vt

1313 1397 117 47 sit
1380 1397 134 47 mens
1464 1397 134 47 sana
1547 1397 100 47 in
1597 1397 184 47 corpore
1731 1397 150 47 sano.
1832 1397 84 47 â‹
1865 1397 134 47 Ecce
1949 1397 184 47 quomodo

1321 1439 151 57 triplex
1431 1439 96 57 est
1486 1439 178 57 ieiunium.
1623 1439 164 57 scilicet
1746 1439 164 57 ieiunium
1869 1439 192 57 ecclesiae:
2006 1439 96 57 ieiu-

1329 1486 117 46 nium
1403 1486 161 46 virtus:
1520 1486 73 46 &
1549 1486 176 46 ieiunium
1681 1486 176 46 naturae.
1812 1486 73 46 &
1842 1486 117 46 quod
1915 1486 132 46 ipsum
1988 1486 117 46 insti-

1328 1531 143 49 tutum
1423 1531 111 49 est
1487 1531 111 49 pro
1550 1531 190 49 domandis
1692 1531 174 49 hominum
1819 1531 190 49 effrenis
1946 1531 158 49 insulti-

1327 1574 117 46 bus
1394 1574 234 46 passionum:
1578 1574 117 46 cum
1645 1574 167 46 pisces
1762 1574 150 46 minus
1862 1574 167 46 foedas
1962 1574 134 46 passio

1324 1618 102 52 nes
1383 1618 175 52 nutriant
1514 1618 117 52 quam
1587 1618 160 52 carnes,
1703 1618 117 52 quod
1776 1618 189 52 argumento
1922 1618 146 52 patet.
2009 1618 102 52 alio-

1314 1663 128 47 quin
1394 1663 272 47 Carthusienses
1618 1663 80 47 &
1650 1663 240 47 Benedictini
1843 1663 80 47 &
1875 1663 144 47 multi
1971 1663 128 47 alii
2035 1663 64 47 re

1327 1708 169 43 ligiosi
1449 1708 92 43 in
1495 1708 169 43 regulis
1618 1708 107 43 non
1679 1708 230 43 abstinerent
1863 1708 92 43 ab
1909 1708 107 43 esu
1955 1708 153 43 carnium.

1318 1750 89 46 Et
1363 1750 133 46 licet
1451 1750 177 46 ieiunium
1584 1750 192 46 ecclesiae
1732 1750 251 46 vniuersaliter
1925 1750 177 46 pronuncie-

1314 1793 121 51 tur:
1390 1793 167 51 aliquae
1511 1793 136 51 tamen
1601 1793 182 51 personae
1738 1793 106 51 non
1798 1793 212 51 obligantur
1965 1793 91 51 ad
1995 1793 106 51 ipsum

1327 1843 106 47 sed
1387 1843 166 47 aliquos
1508 1843 106 47 lex
1568 1843 181 47 naturae:
1704 1843 75 47 &
1734 1843 166 47 hominum
1855 1843 181 47 communis
1975 1843 121 47 consue

1326 1885 126 53 tudo
1405 1885 173 53 viuendi
1531 1885 189 53 excipit.
1673 1885 95 53 Et
1721 1885 110 53 cum
1784 1885 142 53 causa
1878 1885 110 53 est
1941 1885 189 53 euidens:

1314 1927 263 51 dispensatione
1530 1927 108 51 non
1592 1927 124 51 opus
1669 1927 124 51 est.
1746 1927 93 51 De
1793 1927 232 51 absolutione
1978 1927 139 51 autem
2056 1927 46 51 a

1328 1973 159 47 ieiunio
1443 1973 87 47 in
1486 1973 116 47 casu
1559 1973 188 47 ancipiti,
1703 1973 159 47 petatur
1819 1973 173 47 facultas
1949 1973 72 47 a
1963 1973 130 47 superio

1320 2021 105 49 re,
1380 2021 196 49 episcopo:
1531 2021 105 49 vel
1591 2021 120 49 eius
1666 2021 135 49 locum
1756 2021 165 49 tenente
1876 2021 90 49 in
1922 2021 120 49 hoc:
1982 2021 120 49 scili-

1327 2061 99 50 cet
1383 2061 254 50 poenitentiario
1595 2061 85 50 si
1638 2061 141 50 facile
1737 2061 141 50 haberi
1836 2061 155 50 potest.
1949 2061 99 50 sin
1991 2061 113 50 minus:

1319 2105 190 45 habeatur
1462 2105 174 45 curatus
1588 2105 111 45 vel
1652 2105 143 45 alius
1747 2105 111 45 vir
1810 2105 158 45 probus
1921 2105 127 45 vice
1984 2105 111 45 eius.

1329 2150 124 56 Quo
1400 2150 106 56 ad
1453 2150 160 56 horam
1560 2150 231 56 comedendi
1737 2150 213 56 seruetur
1879 2150 213 56 consuetudo

1321 2195 185 53 hominum
1455 2195 117 53 cum
1523 2195 168 53 quibus
1640 2195 201 53 viuitur:
1791 2195 201 53 neglecto
1925 2195 168 53 positiuo

1325 2240 131 46 iure
1407 2240 181 46 scripto
1538 2240 98 46 de
1587 2240 115 46 non
1653 2240 213 46 comedendo
1817 2240 131 46 ante
1899 2240 197 46 secundam
2030 2240 66 46 po

1322 2288 236 54 meridianam.
1511 2288 141 54 Licet
1605 2288 141 54 autem
1699 2288 110 54 ius
1762 2288 189 54 scriptum
1904 2288 157 54 nullum
1998 2288 94 54 ieiu

1332 2329 119 55 nium
1406 2329 89 55 de
1451 2329 193 55 profestis
1600 2329 163 55 nostrae
1719 2329 163 55 dominae
1837 2329 223 55 instituerit
2001 2329 89 55 demi

1337 2374 111 56 pto
1400 2374 189 56 profesto
1542 2374 268 56 assumptionis:
1763 2374 221 56 consuetudo
1937 2374 142 56 tamen
2016 2374 79 56 est

1326 2415 129 54 apud
1407 2415 210 54 Britannos
1568 2415 81 54 &
1601 2415 146 54 forte
1698 2415 129 54 apud
1779 2415 162 54 alios,
1892 2415 210 54 quodlibet
2037 2415 65 54 an

1321 2463 152 54 tiquum
1427 2463 197 54 profestum
1579 2463 121 54 eius
1655 2463 197 54 ieiunare.
1807 2463 76 54 &
1837 2463 137 54 tales
1913 2463 182 54 obligantur

1323 2508 89 51 ex
1368 2508 118 51 iure
1441 2508 103 51 non
1500 2508 177 51 scripto.
1633 2508 133 51 Quare
1722 2508 89 51 si
1766 2508 133 51 velis
1854 2508 177 51 iudicare
1987 2508 89 51 de
2017 2508 89 51 ali-

1325 2552 98 54 quo
1381 2552 155 54 ieiunio
1494 2552 84 54 in
1536 2552 141 54 aliqua
1634 2552 169 54 regione,
1761 2552 98 54 non
1817 2552 169 54 sufficit
1943 2552 112 54 tibi
2000 2552 98 54 vide-

1324 2591 91 53 re
1369 2591 197 53 praecepta
1520 2591 197 53 Romanorum
1672 2591 227 53 pontificum:
1853 2591 106 53 sed
1914 2591 106 53 cum
1974 2591 106 53 hoc
2019 2591 76 53 in-

1318 2638 151 47 quirere
1428 2638 151 47 oportet
1538 2638 234 47 consuetudinem
1731 2638 124 47 loci.
1814 2638 165 47 leiunium
1938 2638 110 47 enim
1993 2638 96 47 eccle

1314 2681 109 71 siae
1382 2681 95 71 est
1437 2681 190 71 praeceptum
1586 2681 122 71 solum
1668 2681 163 71 humanum:
1790 2681 109 71 quod
1858 2681 231 71 interpretatur
2035 2681 54 71 ho
