2307 3295
233 259 163 90 minum
342 259 272 90 consuetudo.
559 259 254 90 Transmutat
758 259 163 90 etiam
849 259 181 90 pontifex

244 336 191 50 ieiunium
387 336 143 50 vnius
482 336 127 50 diei
562 336 95 50 in
609 336 143 50 alium
705 336 95 50 in
752 336 111 50 quo
816 336 111 50 non
879 336 111 50 est
927 336 95 50 ieiu

249 383 124 55 nium
326 383 108 55 pro
388 383 154 55 causa:
496 383 93 55 vt
542 383 201 55 profestum
697 383 139 55 Omniu
789 383 201 55 sanctorum
928 383 93 55 apud

248 422 180 73 sanctum
379 422 229 73 Quintinum,
559 422 131 73 quod
641 422 98 73 in
690 422 115 73 die
756 422 164 73 sancti
854 422 164 73 Quintini

235 470 144 54 incidit.

544 686 215 101 Ecundo
694 686 193 101 circa
823 686 172 101 hanc
909 686 107 101 ma-

571 764 154 59 teriam
679 764 201 59 queritur:
833 764 93 59 an
864 764 154 59 ieiunium

552 801 261 66 quadragesimae
767 801 108 66 sit
828 801 92 66 de
875 801 123 66 iure
936 801 77 66 di-

561 852 141 59 uino.
656 852 110 59 Pro
718 852 204 59 solutione
860 852 157 59 quaestio

564 904 104 43 nis
624 904 164 43 notabis
743 904 119 43 quod
817 904 149 43 aliqui
906 904 119 43 volue-

555 937 137 61 lrunt
646 937 152 61 dicere
752 937 152 61 nullum
843 937 182 61 praeceptum

556 984 142 60 pure
645 984 196 60 humanum
788 984 214 60 obligare
930 984 89 60 sub

487 1021 98 62 Qu
536 1021 146 62 poena
633 1021 195 62 peccati.
779 1021 98 62 Ex
828 1021 114 62 quo
877 1021 130 62 aliquo

245 1075 229 55 praedicarunt
430 1075 114 55 quod
502 1075 157 55 fractio
616 1075 157 55 ieiunii
730 1075 271 55 quadragesimalis
945 1075 71 55 non

238 1125 123 50 sit
309 1125 228 50 peccatum:
484 1125 123 50 cum
554 1125 123 50 hoc
624 1125 210 50 ieiunium
764 1125 263 50 quadragesimae

240 1163 117 50 sit
307 1163 151 50 solum
408 1163 101 50 de
458 1163 134 50 iure
542 1163 184 50 humano.
676 1163 168 50 Aliqui
793 1163 134 50 vero
877 1163 117 50 non
944 1163 117 50 au-

238 1211 147 54 debant
341 1211 133 54 illud
430 1211 192 54 asserere:
577 1211 103 54 sed
636 1211 177 54 dixerunt
769 1211 147 54 nullum
872 1211 118 54 esse
931 1211 88 54 prae

230 1250 171 53 ceptum
349 1250 137 53 nisi
435 1250 205 53 diuinum.
588 1250 85 53 ⁋
622 1250 154 53 Circa
725 1250 137 53 haec
810 1250 119 53 duo
878 1250 85 53 &
896 1250 119 53 circa

240 1294 222 61 quaesitum
411 1294 137 61 pono
496 1294 137 61 tres
582 1294 291 61 conclusiones.
821 1294 171 61 quarum
924 1294 85 61 Pri

242 1337 103 57 ma
293 1337 138 57 est.
379 1337 189 57 Aliquod
517 1337 120 57 est
586 1337 241 57 praeceptum
775 1337 138 57 pure
844 1337 172 57 humanum.

241 1393 88 49 ⁋
277 1393 193 49 Secunda
417 1393 246 49 conclusio.
611 1393 193 49 Aliquod
751 1393 123 49 est
804 1393 211 49 praeceptum

266 1435 122 40 ure
335 1435 192 40 humanum
475 1435 140 40 quod
562 1435 105 40 ad
615 1435 122 40 sui
684 1435 279 40 obseruantiam
894 1435 122 40 obli-

275 1470 93 48 at
322 1470 109 48 sub
384 1470 140 48 poena
477 1470 186 48 peccati.
617 1470 78 48 ⁋
648 1470 155 48 Tertia
757 1470 202 48 conclusio
897 1470 124 48 respon

237 1517 131 56 siua
319 1517 99 56 ad
368 1517 181 56 titulum
499 1517 263 56 quaestionis.
713 1517 197 56 leiunium
844 1517 181 56 quadrage-

236 1558 146 54 simae
333 1558 114 54 est
398 1558 130 54 pure
479 1558 97 54 de
528 1558 130 54 iure
609 1558 179 54 humano:
739 1558 81 54 &
771 1558 114 54 per
820 1558 195 54 consequens

237 1605 210 51 quodlibet
399 1605 146 51 aliud
496 1605 210 51 ieiunium.
657 1605 81 51 ⁋
690 1605 146 51 Prima
787 1605 210 51 conclusio
932 1605 81 51 pro

238 1647 144 56 batur.
338 1647 101 56 ita
396 1647 101 56 est
454 1647 86 56 de
497 1647 115 56 iure
569 1647 202 56 pontificio
728 1647 72 56 &
757 1647 187 56 Caesareo:
901 1647 72 56 &
915 1647 101 56 illud

548 1694 134 56 ines
632 1694 134 56 bene
715 1694 234 56 loquentes.
882 1694 134 56 Secun-

234 1737 101 52 do
285 1737 202 52 probatur
437 1737 135 52 idem
521 1737 118 52 per
588 1737 152 52 illud
690 1737 135 52 quod
774 1737 219 52 scribitur
926 1737 84 52 Mat

493 1779 181 58 harisaei
629 1779 196 58 arguebant
780 1779 196 58 apostolos
915 1779 91 58 quod

227 1825 184 48 illotis
361 1825 184 48 manibus
495 1825 251 48 comederent,
695 1825 84 48 &
729 1825 134 48 quod
796 1825 217 48 transgrede-

231 1871 158 49 rentur
342 1871 142 49 leges
437 1871 206 49 seniorum:
595 1871 79 49 &
627 1871 127 49 cum.
706 1871 174 49 Scribae
832 1871 79 49 &
848 1871 174 49 Pharisaei

229 1914 182 59 dicerent
366 1914 182 59 Christo.
502 1914 137 59 Quare
594 1914 198 59 discipuli
745 1914 106 59 tui
791 1914 228 59 transgrediun-

222 1959 114 43 tur
287 1959 243 43 traditiones
481 1959 227 43 sentiorum?
660 1959 114 43 Non
725 1959 130 43 enim
806 1959 162 43 lauant
903 1959 114 43 manus

227 1999 135 53 suas
312 1999 118 53 cum
379 1999 236 53 manducant.
565 1999 220 53 respondit
734 1999 220 53 Christus.
903 1999 152 53 Quare

230 2049 85 48 &
264 2049 119 48 vos
332 2049 306 48 transgredimini
587 2049 204 48 mandatum
741 2049 119 48 dei
809 2049 187 48 propter
928 2049 85 48 tra

222 2093 198 50 ditionem
370 2093 198 50 hominum:
518 2093 115 50 vbi
584 2093 165 50 aperte
700 2093 148 50 aliud
799 2093 198 50 ostendit
931 2093 82 50 ius

234 2136 210 47 diuinum,
392 2136 88 47 &
427 2136 193 47 hominum
568 2136 281 47 traditiones,
796 2136 140 47 quae
866 2136 140 47 dicuni

235 2176 129 50 leges
321 2176 172 50 humanae.
449 2176 157 50 Tertio,
564 2176 114 50 quid
635 2176 186 50 absurdius
778 2176 114 50 quam
850 2176 114 50 quod
907 2176 100 50 statu

221 2221 130 61 tum
295 2221 204 61 hominis
443 2221 241 61 agricolae
628 2221 241 61 impositum
813 2221 204 61 famulis
942 2221 74 61 de

232 2266 135 48 beat
316 2266 101 48 de
367 2266 135 48 iure
451 2266 168 48 diuino
569 2266 219 48 obligare?
737 2266 168 48 Quarto
839 2266 168 48 probatur

234 2311 113 49 ius
299 2311 178 49 diuinum
428 2311 113 49 est
493 2311 243 49 immutabile:
687 2311 81 49 &
719 2311 162 49 contra
832 2311 146 49 ipsum
913 2311 97 49 nul-

229 2353 104 52 la
281 2353 242 52 consuetudo
471 2353 277 52 praescribit:
696 2353 121 52 ius
765 2353 156 52 tamen
851 2353 156 52 humanum

223 2400 184 43 abrogat
357 2400 234 43 consuetudo
541 2400 84 43 &
574 2400 100 43 ei
625 2400 201 43 derogat,
775 2400 84 43 &
808 2400 150 43 ipsum
892 2400 117 43 inter

221 2444 214 58 preratur.
385 2444 131 58 ergo
467 2444 148 58 aliud
566 2444 115 58 est
631 2444 115 58 ius
697 2444 181 58 humanum
828 2444 82 58 &
845 2444 164 58 diuinum.

233 2495 87 49 ⁋
267 2495 191 49 Secunda
406 2495 225 49 conclusio
579 2495 225 49 probatur:
753 2495 139 49 quia
840 2495 139 49 dato
909 2495 104 49 oppo

231 2533 128 57 sito
311 2533 144 57 huius
407 2533 208 57 sequuntur
567 2533 160 57 absona
680 2533 192 57 plurima.
824 2533 144 57 Primo
904 2533 96 57 quod

233 2576 165 45 sortes
349 2576 116 45 qui
415 2576 165 45 multis
531 2576 231 45 mortalibus
713 2576 116 45 est
779 2576 215 45 innodatus
927 2576 83 45 non

244 2621 167 53 teneatur
369 2621 181 53 confiteri
508 2621 125 53 semel
592 2621 83 53 in
634 2621 125 53 anno.
717 2621 111 53 ltem
786 2621 111 53 quod
856 2621 125 53 Plato
926 2621 83 53 exi-

250 2664 133 56 stens
339 2664 177 56 insacris
471 2664 74 56 &
501 2664 236 56 beneficiatus
692 2664 88 56 in
736 2664 88 56 a.
780 2664 133 56 loco,
869 2664 147 56 nullas
957 2664 59 56 ho

1082 269 99 66 ras
1138 269 169 66 teneatur
1265 269 155 66 dicere.
1377 269 84 66 Et
1420 269 113 66 quia
1490 269 169 66 fortasse
1617 269 84 66 in
1659 269 197 66 dialectica
1800 269 56 66 me

1080 328 134 49 stare
1169 328 163 49 putares
1288 328 104 49 sic
1347 328 163 49 infero.
1466 328 178 49 sequitur
1600 328 104 49 non
1659 328 119 49 esse
1718 328 134 49 necesse

1086 375 110 44 vvt
1149 375 189 44 peccatum
1291 375 173 44 euitet)
1417 375 158 44 dicere
1528 375 142 44 horas
1622 375 95 44 de
1670 375 158 44 aliquo
1764 375 95 44 vsu.

1096 417 153 47 Tertio
1203 417 184 47 sequitur
1341 417 123 47 quod
1418 417 153 47 laicus
1525 417 107 47 non
1586 417 153 47 peccat
1693 417 107 47 non
1739 417 123 47 soluen

1088 461 103 54 do
1139 461 189 54 quotani
1277 461 206 54 denariam
1432 461 120 54 vbi
1501 461 120 54 est
1570 461 241 54 consuetudo
1742 461 120 54 appro

1086 503 123 55 bata
1163 503 200 55 soluendi.
1317 503 154 55 Quarto
1425 503 185 55 sequitur
1563 503 123 55 quod
1640 503 154 55 nullus
1733 503 123 55 peccat

1083 550 203 50 comedendo
1240 550 156 50 carnes
1349 550 94 50 in
1396 550 110 50 die
1459 550 172 50 veneris
1584 550 141 50 etiam
1678 550 94 50 in
1725 550 156 50 hebdo-

1082 597 130 45 mada
1163 597 179 45 sancta.
1293 597 163 45 Patet.
1407 597 130 45 quia
1488 597 130 45 haec
1569 597 146 45 omnia
1667 597 130 45 sunt
1748 597 98 45 de
1781 597 81 45 iu-

1088 638 103 49 re
1139 638 137 49 pure
1225 638 188 49 humano.
1362 638 137 49 nemo
1447 638 154 49 tamen
1550 638 154 49 audet
1653 638 137 49 haec
1721 638 137 49 conce-

1076 687 143 45 dere.
1171 687 95 45 Si
1219 687 158 45 dicas.
1330 687 143 45 verum
1425 687 127 45 est,
1504 687 95 45 in
1551 687 174 45 occulto
1678 687 158 45 carnes
1773 687 95 45 come

1072 727 167 44 dendo:
1189 727 117 44 non
1256 727 151 44 autem
1357 727 100 44 in
1407 727 184 44 publico
1541 727 184 44 propter
1658 727 201 44 scandalum.

1079 767 110 54 hoc
1142 767 110 54 non
1205 767 157 54 valet.
1314 767 172 54 Pudebit
1439 767 125 54 enim
1518 767 94 54 te
1565 767 141 54 illud
1659 767 203 54 concedere
1799 767 63 54 in

1082 813 191 46 occulto.
1225 813 159 46 Quinto
1336 813 191 46 sequitur
1480 813 127 46 quod
1559 813 127 46 nemo
1638 813 159 46 peccat
1750 813 111 46 non
1797 813 64 46 au

1084 862 168 51 diendo
1202 862 168 51 missam
1320 862 101 51 in
1371 862 118 51 die
1438 862 219 51 dominico.
1606 862 152 51 Sexto
1691 862 168 51 sequitur

1083 908 120 49 quod
1158 908 120 49 nemo
1233 908 150 49 peccat
1338 908 105 49 non
1398 908 180 49 soluendo
1532 908 120 49 regi
1607 908 210 49 vectigalia
1757 908 105 49 quan-

1076 948 213 50 tumcunque
1239 948 147 50 iuste
1338 948 213 50 imposita:
1502 948 164 50 contra
1616 948 147 50 illud
1698 948 164 50 Apostoli

1089 992 91 53 ad
1134 992 183 53 Romanos.
1271 992 137 53 xiii.
1363 992 167 53 Reddite
1485 992 122 53 ergo
1561 992 167 53 omnibus
1682 992 167 53 debita:
1789 992 76 53 cui

1090 1034 176 44 tributum
1222 1034 190 44 tributum:
1369 1034 103 44 cui
1427 1034 176 44 vectigal
1559 1034 190 44 vectigal.
1706 1034 103 44 Nec
1749 1034 103 44 valet

1081 1076 159 56 dicere,
1196 1076 115 56 esse
1268 1076 86 56 de
1311 1076 115 56 iure
1383 1076 159 56 naturae
1499 1076 144 56 colere
1600 1076 115 56 deu:
1672 1076 130 56 alere
1744 1076 115 56 presby

1079 1126 158 57 terum:
1190 1126 79 57 &
1221 1126 126 57 dare
1300 1126 126 57 regi
1379 1126 236 57 necessaria.
1568 1126 110 57 hoc
1631 1126 158 57 inquam
1741 1126 110 57 non
1788 1126 79 57 va-

1089 1166 105 50 let.
1155 1166 66 50 &
1181 1166 118 50 ratio
1260 1166 105 50 est:
1326 1166 105 50 quia
1391 1166 118 50 illud
1470 1166 171 50 positiuum
1602 1166 79 50 no
1641 1166 92 50 est
1694 1166 79 50 de
1734 1166 105 50 iure
1786 1166 66 50 na-

1074 1209 146 59 turae:
1176 1209 131 59 licet
1264 1209 160 59 impledo
1380 1209 131 59 illud
1468 1209 204 59 positiuum,
1628 1209 102 59 ius
1686 1209 160 59 naturae
1788 1209 73 59 im-

1083 1254 183 55 pleatur:
1220 1254 76 55 &
1251 1254 107 55 pro
1312 1254 214 55 impletione
1480 1254 138 55 legis
1572 1254 168 55 naturae
1694 1254 138 55 illud
1770 1254 92 55 posi

1081 1299 129 47 tiuum
1166 1299 200 47 imponitur.
1324 1299 171 47 alioquin
1452 1299 100 47 ius
1509 1299 157 47 naturae
1609 1299 243 47 transgrederemur

1082 1342 109 58 nec
1145 1342 187 58 sciremus
1285 1342 156 58 quando
1394 1342 234 58 impleretur:
1582 1342 78 58 &
1613 1342 156 58 quando
1722 1342 109 58 non
1769 1342 78 58 pro

1087 1385 137 46 pterea
1183 1385 151 46 homines
1293 1385 178 46 prudenter
1430 1385 110 46 haec
1499 1385 206 46 statuerunt.
1664 1385 165 46 Probatur
1774 1385 82 46 etra

1079 1430 118 45 haec
1153 1430 192 45 conclusio
1301 1430 103 45 per
1360 1430 133 45 illud
1448 1430 118 45 quod
1522 1430 89 45 ad
1567 1430 177 45 Romanos.
1700 1430 133 45 xiii.
1773 1430 89 45 scri

1076 1474 168 50 bitur.
1194 1474 151 50 Omnis
1294 1474 151 50 anima
1395 1474 268 50 potestatibus
1596 1474 251 50 sublimioribus

1080 1516 162 54 subdita
1198 1516 118 54 sit.
1271 1516 73 54 &
1301 1516 132 54 paulo
1389 1516 118 54 post
1462 1516 88 54 ad
1506 1516 206 54 propositum
1668 1516 147 54 dicit.
1771 1516 118 54 ldeo

1078 1563 113 51 quod
1148 1563 211 51 necessitate
1317 1563 155 51 subditi
1430 1563 141 51 estote
1528 1563 99 51 non
1585 1563 127 51 solum
1669 1563 155 51 propter
1768 1563 84 51 iran

1079 1606 96 56 sed
1134 1606 124 56 etiam
1217 1606 151 56 propter
1327 1606 234 56 conscientiam.
1519 1606 110 56 ldeo
1588 1606 110 56 enim
1656 1606 69 56 &
1684 1606 151 56 tributa
1780 1606 55 56 in

1073 1644 177 62 statis.
1202 1644 80 62 &
1234 1644 209 62 Matthaei.
1395 1644 161 62 xxiii.
1507 1644 145 62 Super
1604 1644 209 62 cathedram
1748 1644 113 62 Moysi

1070 1696 173 45 sederunt
1199 1696 158 45 Scribae
1315 1696 72 45 &
1343 1696 202 45 Pharisaei.
1502 1696 130 45 Omnia
1588 1696 115 45 ergo
1660 1696 202 45 quaecumque
1804 1696 58 45 di

1081 1741 128 53 xerit
1166 1741 128 53 vobis
1251 1741 156 53 seruate
1365 1741 71 53 &
1394 1741 156 53 facite.
1507 1741 85 53 Et
1550 1741 142 53 primae
1650 1741 128 53 Petri
1721 1741 142 53 secundo-

1069 1781 169 59 Subiecti
1196 1781 141 59 estote
1294 1781 113 59 omni
1364 1781 155 59 humanae
1477 1781 183 59 creaturae
1618 1781 155 59 propter
1730 1781 127 59 deum,
1801 1781 56 59 si

1079 1830 78 43 ue
1118 1830 104 43 regi
1183 1830 117 43 quasi
1261 1830 221 43 praecellenti,
1443 1830 104 43 siue
1508 1830 143 43 ducibus
1612 1830 143 43 tamquam
1716 1830 78 43 ab
1755 1830 78 43 eo
1781 1830 65 43 mis

1081 1871 104 46 sis
1141 1871 89 46 ad
1185 1871 193 46 vindictam
1334 1871 253 46 malefactorum,
1542 1871 149 46 laudem
1647 1871 119 46 vero
1706 1871 149 46 bonorum.

1078 1915 90 49 Et
1123 1915 194 49 Augustini
1273 1915 90 49 ad
1317 1915 209 49 Bonifacium
1482 1915 165 49 comitem
1602 1915 150 49 dicit.
1706 1915 105 49 Qui
1751 1915 105 49 legi-

1077 1957 114 49 bus
1142 1957 245 49 imperatorum
1338 1957 131 49 quae
1420 1957 114 49 pro
1485 1957 114 49 dei
1551 1957 212 49 voluntate
1698 1957 163 49 feruntur

1071 2003 230 57 obtemperare
1255 2003 107 57 non
1316 2003 153 57 velit:
1423 2003 184 57 acquirit
1561 2003 153 57 grande
1653 2003 199 57 supplicium.

1076 2048 84 51 Et
1118 2048 125 51 primi
1201 2048 139 51 Regum.
1299 2048 125 51 xiii.
1382 2048 223 51 originaliter
1564 2048 195 51 scribitur,
1717 2048 70 51 &
1731 2048 125 51 transum

1080 2091 138 55 ptiue
1172 2091 169 55 habetur
1295 2091 92 55 de
1341 2091 138 55 maio.
1434 2091 77 55 &
1464 2091 123 55 obe.
1541 2091 108 55 ca.
1603 2091 108 55 ii.
1664 2091 108 55 Qui
1726 2091 108 55 non
1772 2091 77 55 obe

1077 2137 107 52 dit
1138 2137 183 52 principi
1275 2137 137 52 morte
1367 2137 198 52 moriatur.
1519 2137 198 52 Similiter
1672 2137 168 52 faciens
1779 2137 76 52 con

1070 2186 112 47 tra
1134 2186 192 47 decretum
1278 2186 192 47 episcopi
1422 2186 112 47 est
1485 2186 320 47 excommunicandus:
1757 2186 96 47 vt
1789 2186 64 47 pa

1076 2226 112 44 tet
1140 2226 96 44 in
1188 2226 144 44 eodem
1285 2226 128 44 cap.
1365 2226 80 44 &
1397 2226 128 44 nemo
1477 2226 112 44 est
1541 2226 305 44 excommunicandus
1782 2226 64 44 ni

1082 2268 79 49 si
1121 2268 93 49 pro
1174 2268 238 49 transgressione
1373 2268 146 49 peccati
1479 2268 172 49 mortalis.
1611 2268 146 49 igitur.
1703 2268 146 49 Praeterea

1081 2316 249 48 inhabilitatio
1287 2316 191 48 ecclesiae
1433 2316 88 48 in
1477 2316 161 48 secundo
1595 2316 103 48 vel
1653 2316 147 48 tertio
1741 2316 103 48 gradu

1075 2355 278 58 consanguinitatis
1312 2355 125 58 facit
1395 2355 167 58 peccatum
1520 2355 111 58 esse
1590 2355 181 58 incestum:
1729 2355 97 58 qui
1770 2355 70 58 non

1074 2396 128 54 esset
1159 2396 171 54 incestus
1288 2396 114 54 illa
1359 2396 228 54 prohibitione
1544 2396 171 54 seclusa.
1673 2396 114 54 ergo
1744 2396 100 54 lex
1787 2396 57 54 hu

1072 2441 131 53 mana
1153 2441 180 53 obligat
1284 2441 114 53 sub
1349 2441 147 53 poena
1447 2441 196 53 peccati.
1595 2441 82 53 ⁋
1627 2441 163 53 Tertia
1725 2441 131 53 conclu

1075 2491 101 48 sio
1132 2491 188 48 probatur.
1277 2491 87 48 ex
1321 2491 130 48 nullo
1407 2491 116 48 loco
1480 2491 145 48 sacrae
1581 2491 203 48 scripturae
1726 2491 130 48 constat

1069 2539 180 45 ieiunium
1204 2539 255 45 quadragesimae
1414 2539 120 45 esse
1490 2539 90 45 de
1535 2539 120 45 iure
1610 2539 165 45 diuino:
1730 2539 120 45 ergo
1790 2539 60 45 ip

1072 2584 107 40 sum
1133 2584 107 40 non
1194 2584 107 40 est
1256 2584 199 40 asseredum
1409 2584 123 40 esse
1485 2584 92 40 de
1531 2584 123 40 iure
1608 2584 169 40 diuino.
1730 2584 107 40 Sed
1776 2584 77 40 di-

1077 2621 116 53 cis.
1150 2621 131 53 licet
1237 2621 102 53 non
1295 2621 102 53 sit
1353 2621 87 53 in
1397 2621 131 53 gradu
1484 2621 203 53 indubitato
1644 2621 131 53 iuris
1716 2621 131 53 diuini,

1077 2662 145 71 tamen
1173 2662 113 71 est
1238 2662 97 71 in
1286 2662 161 71 aliquo
1399 2662 129 71 alio
1479 2662 161 71 gradu.
1592 2662 161 71 Contra
1704 2662 113 71 hoc
1752 2662 97 71 argu
