2337 3304
420 269 173 69 mentor,
546 269 110 69 nec
609 269 110 69 hoc
672 269 173 69 communi
798 269 236 69 concessione
987 269 205 69 sapientum
1129 269 79 69 vni

423 340 184 47 formiter
561 340 153 47 tentum
668 340 107 47 est
729 340 123 47 esse
806 340 92 47 de
852 340 123 47 iure
928 340 169 47 diuino:
1051 340 123 47 ergo
1112 340 92 47 nul-

421 377 88 57 lo
465 377 117 57 modo
539 377 103 57 est
597 377 88 57 de
641 377 117 57 iure
715 377 161 57 diuino.
832 377 161 57 Secundo
950 377 176 57 arguitur
1082 377 88 57 ad
1111 377 88 57 idem

430 425 116 50 quia
502 425 87 50 si
545 425 101 50 est
603 425 87 50 de
646 425 116 50 iure
718 425 144 50 diuino
820 425 159 50 propter
935 425 173 50 ieiunium
1051 425 144 50 Christi,

424 465 184 50 tenemur
558 465 201 50 ieiunare
709 465 251 50 quadraginta
910 465 168 50 diebus
1011 465 184 50 naturali-

425 509 114 49 bus
490 509 146 49 nihil
587 509 228 49 comedendo:
766 509 130 49 quia
848 509 114 49 ita
913 509 146 49 fecit
1010 509 146 49 ipse.
1091 509 98 49 Mat-

428 552 136 52 thaei.
523 552 122 52 iiii.
605 552 95 52 nos
659 552 122 52 autem
741 552 95 52 sic
795 552 95 52 non
849 552 149 52 facimus
958 552 95 52 nec
1012 552 136 52 facere
1093 552 109 52 possu-

431 603 130 48 mus.
512 603 130 48 ergo
594 603 179 48 propter
724 603 163 48 factum
838 603 130 48 eius
919 603 114 48 non
968 603 228 48 concluditur.

436 640 151 48 Tertio
542 640 182 48 arguitur
678 640 91 48 ad
724 640 136 48 idem.
814 640 121 48 omne
890 640 106 48 ius
951 640 167 48 diuinum
1057 640 151 48 aequali-

418 684 117 52 ter
485 684 184 52 obligat
619 684 167 52 omnes.
736 684 117 52 sed
803 684 201 52 ieiunium
937 684 267 52 quadragesimale

420 736 102 49 non
479 736 204 49 aequaliter
639 736 160 49 obligat
756 736 146 49 omnes.
858 736 117 49 ergo
931 736 175 49 ieiunium
1062 736 160 49 quadra-

434 774 186 58 gesimale
573 774 108 58 non
635 774 108 58 est
697 774 93 58 de
743 774 124 58 iure
821 774 170 58 diuino.
945 774 248 58 Consequentia
1131 774 77 58 te-

420 823 104 49 net
480 823 89 49 in
524 823 163 49 Baroco.
643 823 74 49 &
672 823 134 49 maior
762 823 104 49 est
821 823 134 49 nota.
910 823 178 49 probatur
1044 823 148 49 minor.
1133 823 59 49 Me

421 861 227 50 diolanenses
603 861 106 50 non
663 861 182 50 ieiunant
799 861 167 50 quatuor
920 861 151 50 primos
1026 861 121 50 dies
1087 861 106 50 quae-

428 906 234 60 dragesimae:
616 906 109 60 qui
678 906 140 60 tamen
772 906 109 60 non
834 906 250 60 reprobantur.
1021 906 172 60 Similiter

426 953 95 46 in
474 953 206 46 aliquibus
633 953 222 46 regionibus
807 953 175 46 homines
934 953 175 46 faciunt
1045 953 159 46 pinguio-

420 1004 92 39 res
472 1004 66 39 &
499 1004 171 39 largiores
630 1004 197 39 collationes
788 1004 105 39 quam
854 1004 79 39 in
893 1004 132 39 aliis:
986 1004 92 39 qui
1038 1004 118 39 tamen
1104 1004 92 39 viden

426 1040 103 48 tur
485 1040 177 48 excusati
618 1040 192 48 seruantes
765 1040 251 48 consuetudinem
972 1040 177 48 regionis
1090 1040 103 48 etiam

423 1083 92 48 in
469 1083 262 48 quadragesima.
684 1083 108 48 sed
746 1083 139 48 istud
838 1083 108 48 non
900 1083 216 48 sufficeret
1069 1083 92 48 si
1100 1083 108 48 ieiu-

414 1129 116 49 nium
487 1129 247 49 quadragesimae
690 1129 131 49 esset
777 1129 87 49 de
821 1129 116 49 iure
893 1129 160 49 diuino.
1009 1129 160 49 igitur.
1111 1129 87 49 Quar

426 1176 88 43 to
470 1176 191 43 arguitur.
618 1176 162 43 legitur
736 1176 118 43 quod
809 1176 221 43 Telesphorus
986 1176 118 43 papa
1045 1176 147 43 ieiunium

429 1217 264 51 quadragesimale
650 1217 206 51 instituit:
811 1217 132 51 licet
899 1217 147 51 aliqui
1002 1217 103 51 hoc
1061 1217 132 51 beato
1134 1217 59 51 Pe

422 1263 100 47 tro
479 1263 215 47 attribuant.
651 1263 100 47 sed
708 1263 115 47 siue
780 1263 100 47 sic
837 1263 115 47 siue
909 1263 115 47 non:
980 1263 143 47 semper
1080 1263 115 47 erit
1138 1263 57 47 ie

420 1302 152 47 iunium
526 1302 258 47 quadragesimae
739 1302 91 47 de
785 1302 122 47 iure
861 1302 167 47 humano:
982 1302 167 47 igitur.
1089 1302 106 47 licet

425 1346 99 50 hic
482 1346 142 50 possit
581 1346 113 50 quis
652 1346 156 50 dicere:
765 1346 85 50 si
807 1346 142 50 Petrus
907 1346 184 50 instituit
1048 1346 113 50 fuit
1105 1346 99 50 solum

415 1394 235 53 promulgator
603 1394 78 53 &
635 1394 125 53 deus
713 1394 235 53 institutor.
901 1394 188 53 Quicquid
1042 1394 125 53 sit,
1105 1394 94 53 opi-

426 1434 114 62 nor
491 1434 260 62 conclusionem
702 1434 130 62 prae
783 1434 146 62 fatam
864 1434 130 62 veram.

475 1485 217 83 Contra
627 1485 217 83 primam
779 1485 348 83 conclusionem
1040 1485 152 83 argui

426 1555 113 53 tur
490 1555 113 53 per
555 1555 145 53 illud
651 1555 129 53 quod
732 1555 97 53 ad
780 1555 193 53 Romanos.
925 1555 145 53 xiii.
1006 1555 193 53 scribitur.

424 1600 107 57 Non
485 1600 107 57 est
546 1600 122 57 enim
623 1600 184 57 potestas
760 1600 122 57 nisi
837 1600 77 57 a
868 1600 122 57 deo.
944 1600 77 57 &
975 1600 138 57 paulo
1067 1600 122 57 post
1128 1600 61 57 se

422 1648 156 56 quitur.
535 1648 142 56 ltaque
634 1648 99 56 qui
691 1648 170 56 resistit
818 1648 198 56 potestati:
974 1648 212 56 ordinationi
1129 1648 57 56 de

415 1701 188 45 resistit.
559 1701 72 45 &
588 1701 130 45 illic
675 1701 101 45 per
733 1701 87 45 te
776 1701 173 45 loquitur
906 1701 87 45 de
949 1701 116 45 lege
1022 1701 159 45 humana.
1123 1701 72 45 er-

423 1740 88 54 go
467 1740 103 54 qui
526 1740 118 54 legi
600 1740 162 54 humanae
718 1740 191 54 resistit,
865 1740 118 54 legi
939 1740 103 54 dei
983 1740 206 54 contradicit.

460 1778 236 57 Respodetur.
648 1778 141 57 nulla
742 1778 110 57 est
805 1778 110 57 lex
868 1778 157 57 humana
978 1778 126 57 nisi
1057 1778 126 57 legi
1119 1778 79 57 dei

424 1826 209 50 conformis.
589 1826 90 50 Si
633 1826 120 50 enim
708 1826 105 50 sit
768 1826 150 50 contra
873 1826 120 50 eam,
948 1826 105 50 non
1008 1826 105 50 est
1067 1826 120 50 lex,
1127 1826 75 50 nec

419 1868 127 53 illi
499 1868 191 53 parendum
642 1868 127 53 est,
722 1868 96 53 vt
770 1868 143 53 dicit
865 1868 143 53 glos.
961 1868 191 53 margina.
1088 1868 96 53 Augu

421 1918 84 51 in
463 1918 126 51 illo.
547 1918 84 51 c.
589 1918 84 51 Si
631 1918 168 51 iubeatur
757 1918 112 51 quod
827 1918 98 51 non
883 1918 140 51 licet,
981 1918 98 51 hic
1037 1918 112 51 sane
1093 1918 112 51 conte-

419 1958 119 54 mne
487 1958 238 54 potestatem
674 1958 187 54 timendo
810 1958 238 54 potestatem
998 1958 204 54 maiorem.
1134 1958 68 54 er

430 2008 94 50 go
477 2008 94 50 si
524 2008 141 50 aliud
619 2008 220 50 imperator:
791 2008 141 50 aliud
885 2008 126 50 deus
964 2008 173 50 iubeat,
1074 2008 126 50 contem

427 2048 116 55 pto
494 2048 132 55 illo
576 2048 281 55 obtemperandum
808 2048 116 55 est
874 2048 132 55 deo.
957 2048 182 55 Possunt
1073 2048 116 55 tamen

420 2090 117 48 dari
493 2090 117 48 duae
567 2090 132 48 leges
654 2090 190 48 oppositae
800 2090 88 48 in
844 2090 146 48 variis
947 2090 146 48 locis,
1049 2090 102 48 vel
1107 2090 88 48 in
1137 2090 58 48 eo

423 2137 106 50 dem
483 2137 121 50 loco
559 2137 152 50 variis
665 2137 227 50 temporibus:
847 2137 152 50 quarum
953 2137 152 50 neutra
1060 2137 121 50 legi
1120 2137 76 50 dei

414 2175 180 58 repugnet.
553 2175 97 58 sed
608 2175 166 58 vtramque
733 2175 97 58 lex
788 2175 97 58 dei
844 2175 222 58 compatiatur.
1024 2175 83 58 vt
1065 2175 111 58 quod
1121 2175 83 58 foe-

419 2232 139 45 mina
505 2232 104 45 in
557 2232 208 45 Hispania
713 2232 87 45 &
748 2232 225 45 Britannia
922 2232 104 45 in
974 2232 156 45 regno
1060 2232 139 45 succe-

431 2267 129 56 dat:
511 2267 112 56 non
576 2267 145 56 autem
672 2267 96 56 in
720 2267 177 56 Gallia.
849 2267 80 56 &
881 2267 112 56 qui
945 2267 145 56 talem
1041 2267 145 56 iegem
1122 2267 80 56 hu-

429 2315 148 52 manam
527 2315 115 52 non
593 2315 165 52 seruat
709 2315 247 52 contrauenit
907 2315 214 52 praecepto
1055 2315 132 52 diuinc

419 2355 257 58 praecipienti
628 2355 160 58 parere
740 2355 273 58 superioribus,
964 2355 80 58 &
996 2355 144 58 eorum
1077 2355 128 58 serua-

419 2397 96 60 re
467 2397 160 60 leges.
611 2397 176 60 Secundo
739 2397 192 60 arguitur
882 2397 112 60 per
946 2397 144 60 illud
1042 2397 128 60 quod
1106 2397 96 60 scri

426 2441 146 60 bitur
523 2441 162 60 Lucae.
637 2441 97 60 x.
686 2441 114 60 Qui
750 2441 114 60 vos
815 2441 146 60 audit
913 2441 97 60 me
961 2441 162 60 audit,
1075 2441 114 60 qui
1124 2441 81 60 vos

428 2487 190 58 spernit,
571 2487 95 58 me
618 2487 190 58 spernit.
761 2487 127 58 ergo
840 2487 270 58 contraueniens
1062 2487 127 58 legi
1126 2487 79 58 hu-

431 2528 159 58 manae,
542 2528 127 58 legi
621 2528 111 58 dei
685 2528 254 58 contradicit.
923 2528 238 58 Respondetur
1097 2528 95 58 con-

428 2585 179 48 cedendo
558 2585 228 48 antecedens
737 2585 130 48 quod
819 2585 130 48 deus
901 2585 114 48 dat
966 2585 228 48 praeceptum
1129 2585 65 48 pa

433 2619 138 60 rendi
525 2619 246 60 superioribus
725 2619 277 60 rationabiliter
940 2619 262 60 praecipientibus

432 2660 115 74 sed
497 2660 148 74 eorum
596 2660 229 74 praeceptis
776 2660 279 74 contraueniens
1005 2660 115 74 non
1054 2660 148 74 contra:

1256 274 147 65 uenit
1354 274 131 65 iuri
1436 274 180 65 diuino,
1567 274 115 65 sed
1632 274 131 65 soli
1714 274 131 65 iuri
1796 274 180 65 humano.
1927 274 98 65 Ad
1960 274 82 65 hoc

1257 332 120 49 enim
1332 332 90 49 vt
1377 332 150 49 aliqua
1481 332 209 49 propositio
1646 332 105 49 sit
1706 332 90 49 de
1751 332 120 49 iure
1826 332 165 49 diuino:
1930 332 105 49 opor-

1262 368 105 60 tet
1322 368 136 60 ipsam
1413 368 136 60 sequi
1503 368 90 60 ex
1548 368 120 60 iure
1623 368 166 60 diuino:
1744 368 105 60 vel
1804 368 136 60 ipsam
1894 368 120 60 esse
1955 368 75 60 re-

1266 421 167 53 uelatam
1387 421 91 53 in
1433 421 136 53 forma
1524 421 121 53 sine
1599 421 152 53 addito
1705 421 258 53 propositionis
1918 421 91 53 de
1948 421 91 53 iure

1261 466 190 47 humano.
1399 466 121 47 Hoc
1468 466 138 47 enim
1555 466 138 47 modo
1641 466 259 47 cognoscitur
1831 466 208 47 adulterium

1260 510 74 53 &
1290 510 253 53 fornicationem
1498 510 119 53 esse
1573 510 149 53 vetita
1677 510 89 53 de
1721 510 119 53 iure
1796 510 164 53 diuino.
1915 510 104 53 Sed
1960 510 74 53 con

1252 559 107 51 tra
1313 559 107 51 hoc
1374 559 199 51 arguitur.
1527 559 123 51 huic
1604 559 260 51 propositioni.
1819 559 169 51 Obedite
1926 559 107 51 supe-

1258 600 183 53 rioribus.
1399 600 169 53 vestris.
1525 600 113 53 quae
1596 600 113 53 sine
1666 600 141 53 addito
1765 600 99 53 est
1821 600 84 53 de
1863 600 113 53 iure
1919 600 113 53 diuimo

1270 645 99 48 vel
1327 645 156 48 aliquis
1440 645 142 48 potest
1539 645 227 48 contrauenire
1723 645 113 48 sine
1794 645 156 48 addito:
1908 645 99 48 vel
1950 645 71 48 non

1260 689 97 52 Si
1308 689 177 52 primum,
1437 689 177 52 habetur
1566 689 209 52 intentum.
1727 689 97 52 Si
1775 689 209 52 secundum,
1920 689 113 52 dabis

1262 737 126 47 vnum
1341 737 220 47 praeceptum
1514 737 110 47 cui
1576 737 126 47 homo
1655 737 251 47 contrauenire
1859 737 110 47 non
1906 737 126 47 potest

1263 775 128 49 sine
1343 775 176 49 addito:
1472 775 128 49 quod
1552 775 112 49 non
1616 775 176 49 videtur
1744 775 209 49 dicendum.
1889 775 144 49 Respon-

1264 819 169 58 detur,
1382 819 118 58 non
1450 819 169 58 possum
1568 819 237 58 transgredi
1755 819 152 58 illud
1839 819 203 58 praeceptum

1259 860 113 52 sine
1330 860 212 52 adiectione.
1499 860 127 52 Ratio
1584 860 113 52 est:
1655 860 113 52 quia
1725 860 85 52 in
1768 860 113 52 illo
1838 860 170 52 dicitur.
1965 860 99 52 ego

1253 903 182 53 obediam
1386 903 265 53 superioribus
1602 903 149 53 meis.
1701 903 133 53 modo
1784 903 232 53 praeceptum
1950 903 83 53 su-

1256 948 186 59 periorum
1396 948 109 59 non
1458 948 171 59 obligat
1583 948 186 59 quousque
1722 948 93 59 de
1769 948 124 59 illo
1847 948 186 59 constet.
1971 948 62 59 er

1252 991 100 61 go
1302 991 149 61 illud
1402 991 233 61 praeceptum
1585 991 116 61 non
1651 991 199 61 obligat.
1834 991 166 61 Tertio
1933 991 100 61 argu

1251 1037 139 49 itur.
1343 1037 93 49 Si
1390 1037 108 49 rex
1452 1037 139 49 daret
1544 1037 139 49 Sorti
1637 1037 216 49 facultatem
1807 1037 186 49 condendi
1931 1037 108 49 leges

1258 1085 166 50 volens
1375 1085 216 50 approbare
1541 1085 149 50 omnes
1640 1085 349 50 rationabilesleges
1939 1085 83 50 a
1956 1085 83 50 sor

1248 1132 93 45 te
1294 1132 154 45 latas:
1402 1132 77 45 &
1433 1132 154 45 volens
1541 1132 108 45 eas
1603 1132 201 45 publicari
1757 1132 93 45 in
1803 1132 154 45 popuio
1911 1132 124 45 suo:
1973 1132 62 45 le

1255 1169 96 53 ges
1310 1169 123 53 illae
1392 1169 68 53 a
1419 1169 123 53 sorte
1502 1169 123 53 latae
1584 1169 96 53 non
1638 1169 192 53 dicerentur
1789 1169 109 53 eges
1857 1169 150 53 sortis:
1967 1169 96 53 sed

1261 1215 146 52 regis:
1364 1215 88 52 vt
1407 1215 102 52 est
1466 1215 88 52 de
1510 1215 161 52 legibus
1626 1215 204 52 Caesareis.
1787 1215 117 52 ergo
1860 1215 131 52 leges
1947 1215 88 52 ab
1977 1215 58 52 ho

1254 1262 180 48 minibus
1385 1262 147 48 latae
1483 1262 229 48 approbatae
1663 1262 82 48 a
1695 1262 164 48 domino
1810 1262 115 48 deo
1875 1262 131 48 quas
1941 1262 98 48 ipse

1264 1308 122 40 vult
1340 1308 199 40 publicari
1493 1308 92 40 in
1539 1308 122 40 toto
1616 1308 168 40 populo,
1738 1308 153 40 debent
1845 1308 153 40 vocari
1937 1308 107 40 leges

1256 1346 102 53 dei:
1320 1346 64 53 &
1345 1346 89 53 non
1396 1346 114 53 leges
1472 1346 165 53 hominium.
1625 1346 203 53 Respondetur.
1790 1346 114 53 istae
1866 1346 114 53 leges
1942 1346 64 53 a
1955 1346 89 53 sorte

1261 1390 127 48 latae
1345 1390 99 48 cum
1402 1390 169 48 generali
1529 1390 211 48 approbation
1698 1390 127 48 regis
1782 1390 127 48 adhuc
1867 1390 127 48 erunt
1937 1390 99 48 leges

1252 1434 142 51 ipsius
1351 1434 156 51 sortis:
1465 1434 71 51 &
1493 1434 128 51 leges
1578 1434 142 51 sortis
1677 1434 213 51 vocabuntur.
1848 1434 128 51 sicut
1933 1434 85 51 si
1961 1434 71 51 rex

1255 1482 178 53 conderet
1389 1482 163 53 aliquas
1507 1482 134 53 ieges
1597 1482 104 53 per
1656 1482 89 53 se
1700 1482 74 53 &
1730 1482 163 53 aliquas
1849 1482 104 53 per
1893 1482 134 53 famulum

1262 1523 111 52 suum
1331 1523 153 52 tamquam
1442 1523 125 52 leges
1526 1523 139 52 regis:
1623 1523 153 52 aliquae
1734 1523 153 52 istarum
1845 1523 125 52 legum
1914 1523 125 52 capien-

1261 1567 89 47 do
1306 1567 208 47 collectiue
1469 1567 104 47 vel
1528 1567 193 47 diuisiue,
1677 1567 134 47 leges
1766 1567 134 47 regis
1840 1567 193 47 dicerentur:

1258 1611 72 55 &
1286 1611 130 55 aliae
1373 1611 159 55 famuli.
1488 1611 72 55 &
1517 1611 86 55 si
1560 1611 101 55 rex
1618 1611 144 55 vellet
1719 1611 115 55 suas
1791 1611 130 55 leges
1877 1611 115 55 esse
1935 1611 101 55 indis

1266 1654 221 48 pensabiles
1440 1654 79 48 &
1471 1654 363 48 impraescriptibiles,
1787 1654 110 48 non
1850 1654 142 48 autem
1929 1654 110 48 leges

1263 1697 140 52 sortis:
1365 1697 114 52 notum
1441 1697 89 52 est
1492 1697 102 52 quod
1556 1697 89 52 vna
1607 1697 89 52 lex
1657 1697 114 52 habet
1734 1697 102 52 plus
1797 1697 140 52 roboris
1899 1697 102 52 quam
1950 1697 76 52 alia

1248 1745 76 52 &
1278 1745 168 52 deberet
1400 1745 153 52 gratia
1507 1745 260 52 distinctionis
1721 1745 183 52 habendae
1859 1745 153 52 vocari
1950 1745 92 52 alti

1250 1787 109 45 ore
1313 1787 172 45 nomine:
1438 1787 188 45 scilicet
1579 1787 109 45 sub
1641 1787 156 45 nomine
1751 1787 156 45 regis:
1860 1787 78 45 &
1891 1787 125 45 alia
1954 1787 78 45 sub

1259 1831 163 51 nomine
1373 1831 179 51 sortis.
1503 1831 98 51 Et
1551 1831 146 51 licet
1649 1831 146 51 eodem
1746 1831 163 51 nomine
1844 1831 195 51 vocarentur

1250 1874 68 57 &
1278 1874 122 57 male,
1359 1874 203 57 confundendo
1521 1874 176 57 vocabula:
1657 1874 95 57 non
1711 1874 122 57 esset
1792 1874 122 57 tamen
1873 1874 108 57 idem
1941 1874 81 57 in
1968 1874 68 57 re.

1299 1923 254 90 Contra
1477 1923 304 90 secundam
1680 1923 355 90 conclusionem

1262 2002 182 58 arguitur.
1402 2002 98 58 Vel
1458 2002 182 58 quaelibet
1598 2002 224 58 transgressio
1780 2002 126 58 legis
1864 2002 154 58 humanae
1962 2002 70 58 est

1254 2046 199 58 peccatum:
1407 2046 107 58 vel
1468 2046 123 58 non.
1545 2046 184 58 secundum
1683 2046 107 58 non
1745 2046 107 58 est
1806 2046 199 58 dicendum.
1944 2046 92 58 quia

1259 2094 156 55 aequalis
1376 2094 91 55 est
1428 2094 117 55 ratio
1506 2094 78 55 in
1545 2094 156 55 omnibus.
1663 2094 91 55 Nec
1715 2094 143 55 primum:
1819 2094 104 55 quia
1884 2094 104 55 tunc
1936 2094 91 55 legum

1246 2137 216 50 humanarum
1412 2137 266 50 transgressio
1628 2137 149 50 esset
1728 2137 149 50 iugum
1811 2137 216 50 itolerabile

1257 2181 182 53 subiectis.
1426 2181 143 53 Concedo
1529 2181 207 53 disiunctiuam
1698 2181 91 53 pro
1750 2181 143 53 secunda
1853 2181 130 53 parte.
1944 2181 78 53 de
1970 2181 65 53 ali

1269 2227 90 57 qua
1321 2227 103 57 enim
1385 2227 129 57 certum
1475 2227 90 57 est
1527 2227 103 57 quod
1592 2227 90 57 est
1643 2227 155 57 peccatum
1759 2227 155 57 mortale:
1875 2227 64 57 &
1901 2227 77 57 de
1927 2227 103 57 aliqua

1265 2271 121 55 sciri
1345 2271 134 55 potest
1439 2271 107 55 quod
1506 2271 94 55 est
1560 2271 175 55 venialis.
1694 2271 67 55 &
1721 2271 81 55 de
1761 2271 134 55 aliqua
1855 2271 121 55 sciri
1923 2271 107 55 potest

1255 2315 109 55 quod
1323 2315 82 55 no
1364 2315 95 55 est
1418 2315 177 55 peccatum.
1554 2315 95 55 sed
1609 2315 122 55 tamen
1690 2315 149 55 punitur
1799 2315 122 55 legem
1867 2315 163 55 transgredi

1254 2362 119 51 ens,
1328 2362 223 51 quemadmodum
1506 2362 104 51 est
1566 2362 89 51 in
1610 2362 312 51 transgressionibus
1863 2362 163 51 religioso

1260 2403 125 52 rum.
1338 2403 94 52 vt
1385 2403 94 52 in
1432 2403 265 52 distinctione.
1650 2403 187 52 xxxviii.
1790 2403 140 52 huius
1868 2403 156 52 dicemus.

1267 2444 81 54 De
1308 2444 176 54 aliquibus
1443 2444 122 54 autem
1524 2444 284 54 transgressionibus
1767 2444 135 54 dubium
1862 2444 95 54 est
1916 2444 81 54 an
1943 2444 81 54 sint

1266 2485 154 58 peccata:
1382 2485 115 58 super
1459 2485 128 58 quibus
1548 2485 180 58 consulendi
1690 2485 103 58 sunt
1754 2485 180 58 sapientes.
1895 2485 128 58 vtpote
1985 2485 77 58 an

1272 2531 150 59 peccet
1377 2531 180 59 mercator
1512 2531 105 59 non
1572 2531 195 59 fideliter
1721 2531 165 59 soluens
1841 2531 120 59 regi
1901 2531 135 59 octauan

1270 2579 148 52 pintam
1374 2579 119 52 vini
1448 2579 89 52 de
1493 2579 119 52 vino
1567 2579 178 52 vaenali.
1701 2579 104 52 vel
1760 2579 104 52 non
1819 2579 163 52 soluedo
1923 2579 104 52 pecu-

1258 2622 132 49 niam,
1346 2622 205 49 transeundo
1508 2622 88 49 in
1552 2622 176 49 itinere,
1684 2622 103 49 pro
1742 2622 205 49 reparandis
1889 2622 132 49 plateis

1269 2662 67 68 &
1295 2662 80 68 in
1335 2662 133 68 multis
1428 2662 133 68 aliis.
1521 2662 80 68 de
1561 2662 133 68 quibus
1655 2662 93 68 vna
1708 2662 133 68 regula
1801 2662 106 68 dari
1867 2662 93 68 non
1907 2662 120 68 potest.
