2309 3324
180 393 82 78 ex
221 393 232 78 vertibilitate
412 393 136 78 liberi
508 393 164 78 arbitrii
630 393 109 78 sunt
699 393 82 78 ad
739 393 123 78 malum
821 393 82 78 ab
862 393 109 78 ado-

178 447 184 72 lescentia
319 447 141 72 proni:
418 447 184 72 propterea
559 447 127 72 multi
644 447 170 72 auertunt
771 447 85 72 se
814 447 71 72 a
828 447 113 72 sancto

176 499 125 64 ritu
255 499 172 64 colendi
380 499 141 64 deum.
474 499 172 64 nunquid
599 499 141 64 inter
693 499 235 64 christianos
866 499 78 64 plu

178 547 98 55 res
234 547 112 55 sunt
304 547 112 55 mali
374 547 112 55 quam
445 547 126 55 boni?
529 547 70 55 &
557 547 182 55 plerumque
697 547 112 55 mali
768 547 168 55 abundant
894 547 84 55 in

181 585 129 68 bonis
267 585 172 68 fortunae
396 585 172 68 interdum
525 585 100 68 per
582 585 129 68 fras:
668 585 172 68 interdum
798 585 100 68 per
841 585 100 68 nefas

190 628 65 65 &
216 628 104 65 illa
281 628 91 65 est
333 628 143 65 similis
437 628 195 65 difficultas
594 628 78 65 ei
633 628 104 65 quam
698 628 182 65 quaerimus:
841 628 65 65 &
854 628 91 65 illam

186 670 203 81 quaestionem
349 670 149 81 quaerit
458 670 190 81 Hieremias.
607 670 109 81 xii.
675 670 136 81 capite
770 670 95 81 sui
824 670 122 81 libri
892 670 54 81 ir

188 723 169 70 quiens:
311 723 138 70 Quare
403 723 108 70 via
464 723 184 70 impiorum
603 723 246 70 prosperatur?
787 723 169 70 plantasti

177 767 130 67 eos:
258 767 81 67 &
290 767 178 67 radicem
420 767 194 67 miserunt
565 767 81 67 &
598 767 243 67 proficiunt.
792 767 97 67 Et
824 767 130 67 Abacud

178 805 145 76 primo
275 805 225 76 scribitur.
452 805 145 76 Mundi
548 805 129 76 sunt
629 805 145 76 oculi
726 805 113 76 tui
790 805 97 76 ne
822 805 129 76 videas

186 852 157 72 malum:
296 852 79 72 &
328 852 204 72 respicere
485 852 94 72 ad
532 852 236 72 iniquitatem
721 852 110 72 non
784 852 157 72 potes.
878 852 79 72 Qua

179 904 91 57 re
224 904 107 57 non
285 904 183 57 respicis
422 904 137 57 super
514 904 152 57 iniqua
620 904 183 57 agentes?
757 904 76 57 &
788 904 137 57 taces
864 904 91 57 deuo

186 941 138 64 rante
278 941 138 64 impio
370 941 200 64 iustiorem
524 941 108 64 se?
585 941 77 64 â‹
616 941 169 64 Secundo
739 941 169 64 ponendo
846 941 108 64 auxi-

180 989 123 62 lium
256 989 123 62 dei:
333 989 123 62 quod
409 989 107 62 est
471 989 138 62 multo
563 989 260 62 rationabilius
777 989 199 62 opposito:
915 989 46 62 &

188 1030 109 61 cum
251 1030 172 61 sanctis
376 1030 156 61 libris
485 1030 218 61 bibliacis:
657 1030 78 61 &
688 1030 203 61 sanctorum
828 1030 125 61 exposi

191 1077 191 61 tionibus
334 1077 143 61 magis
430 1077 175 61 quadrat
557 1077 127 61 quam
637 1077 223 61 oppositum:
796 1077 159 61 voluntas

194 1118 120 66 sola
269 1118 105 66 cum
329 1118 105 66 dei
390 1118 211 66 influentia
555 1118 181 66 generali
691 1118 105 66 non
751 1118 151 66 potest
857 1118 90 66 se
902 1118 90 66 ad

182 1163 146 71 bonum
279 1163 243 71 conuertere:
473 1163 113 71 nec
538 1163 243 71 intellectus
732 1163 97 71 ad
765 1163 194 71 credendum:

191 1206 187 67 secundum
332 1206 140 67 illud
425 1206 187 67 loannis.
565 1206 93 67 v.
612 1206 125 67 Nemo
689 1206 156 67 potest
798 1206 156 67 venire
892 1206 62 67 ad

186 1252 92 67 me
232 1252 122 67 nisi
308 1252 138 67 pater
400 1252 107 67 qui
461 1252 138 67 misit
552 1252 92 67 me
598 1252 183 67 traxerit
736 1252 122 67 eum.
812 1252 107 67 vbi
858 1252 107 67 licet

192 1308 147 60 textus
295 1308 103 60 sit
354 1308 161 60 clarus,
471 1308 147 60 glossa
574 1308 249 60 interlinearis
779 1308 147 60 dicit.
867 1308 88 60 Nemo

192 1342 141 75 potest
291 1342 155 75 credere
404 1342 85 75 in
446 1342 99 75 me:
503 1342 113 75 nisi
573 1342 141 75 gratia
672 1342 99 75 eum
729 1342 226 75 praeuenerit.
898 1342 71 75 hoc

197 1389 110 65 est
260 1389 110 65 dei
323 1389 203 65 auxilium,
479 1389 110 65 nec
542 1389 110 65 est
604 1389 141 65 sermo
698 1389 94 65 de
745 1389 156 65 gratia
839 1389 125 65 gratum

190 1429 191 69 faciente.
337 1429 88 69 Et
381 1429 191 69 Malachiae
528 1429 132 69 primo
616 1429 235 69 originaliter
792 1429 161 69 scribitur

187 1487 137 53 Iacob
278 1487 168 53 dilexi:
400 1487 122 53 Esau
476 1487 137 53 autem
568 1487 122 53 odio
644 1487 152 53 habui.
751 1487 91 53 Et
781 1487 183 53 recitatiue

191 1528 95 59 ab
239 1528 190 59 apostolo
381 1528 95 59 ad
429 1528 190 59 Romanos.
571 1528 111 59 ix.
635 1528 190 59 Antequam
777 1528 127 59 nati
840 1528 127 59 essent

199 1564 113 72 vel
264 1564 178 72 aliquid
393 1564 194 72 egissent
538 1564 113 72 &c.
603 1564 162 72 Agamus
716 1564 129 72 ergo
797 1564 113 72 deo
846 1564 113 72 immer

202 1608 98 67 sas
258 1608 154 67 gratias
370 1608 112 67 quod
440 1608 98 67 nos
496 1608 84 67 ad
538 1608 126 67 fidem
622 1608 140 67 trahat
720 1608 70 67 &
748 1608 98 67 non
804 1608 140 67 alios.
888 1608 70 67 sed

195 1653 107 71 hoc
256 1653 92 71 in
302 1653 168 71 secundo
424 1653 198 71 prolixius
576 1653 168 71 deduco.
698 1653 76 71 â‹
729 1653 153 71 Tertio
836 1653 122 71 dico
897 1653 61 71 te

196 1699 129 66 nendo
281 1699 186 66 oppositum
424 1699 157 66 istius:
539 1699 129 66 sicut
624 1699 143 66 aliqui
724 1699 171 66 theologi
838 1699 129 66 tenent:

191 1746 123 65 quod
268 1746 169 65 propter
391 1746 138 65 malam
483 1746 138 65 vitam
575 1746 169 65 nostram
698 1746 123 65 deus
775 1746 123 65 ista
837 1746 123 65 permit

202 1791 135 63 tit,
286 1791 186 63 nunquid
421 1791 135 63 deus
506 1791 202 63 permisit
657 1791 186 63 populum
792 1791 135 63 suum
860 1791 101 63 pecu

206 1833 160 66 liarem
318 1833 128 66 duci
398 1833 96 66 in
446 1833 256 66 captiuitatem
654 1833 128 66 apud
734 1833 240 66 idololatras
910 1833 64 66 Ba

204 1887 226 55 bylonios:
377 1887 87 55 &
412 1887 191 55 templum
551 1887 139 55 loue
638 1887 174 55 dignum
760 1887 139 55 apud
829 1887 139 55 sacras

210 1920 196 66 historias
360 1920 286 66 decantatissimum
601 1920 135 66 dirui
691 1920 75 66 &
721 1920 180 66 funditus
842 1920 120 66 euerti

206 1969 174 70 Nunquid
333 1969 189 70 permisit
475 1969 142 70 arcam
569 1969 189 70 foederis
711 1969 95 70 in
759 1969 111 70 qua
822 1969 142 70 erant
901 1969 63 70 de

207 2017 172 68 prodigia
336 2017 143 68 magna,
436 2017 129 68 capia
522 2017 201 68 Philisteis
679 2017 158 68 propter
794 2017 158 68 peccata
894 2017 72 68 Ofn

209 2058 74 65 &
239 2058 178 65 Phinees?
372 2058 133 65 primi
461 2058 148 65 regum.
565 2058 133 65 iiii.
654 2058 104 65 Cum
713 2058 163 65 psaltes
832 2058 148 65 regius
921 2058 59 65 po

202 2110 118 59 puli
276 2110 162 59 peccata
394 2110 221 59 recitasset:
570 2110 206 59 subiungit.
732 2110 177 59 Tradidit
864 2110 103 59 eos
923 2110 88 59 in

207 2144 153 69 manus
309 2144 204 69 gentium:
462 2144 85 69 &
496 2144 204 69 dominati
649 2144 136 69 sunt
734 2144 153 69 eorum
836 2144 119 69 qui
887 2144 85 69 ode

215 2189 124 69 runt
292 2189 124 69 eos.
369 2189 170 69 Psalmo.
492 2189 108 69 cy.
554 2189 108 69 Non
616 2189 185 69 mirabere
755 2189 124 69 ergo
832 2189 124 69 quod
894 2189 77 69 pro

205 2233 125 73 pter
283 2233 156 73 nostra
392 2233 171 73 peccata
517 2233 156 73 multas
626 2233 156 73 terras
735 2233 203 73 amisimus:
891 2233 78 73 &
907 2233 62 73 no

215 2284 159 61 uissime
330 2284 188 61 Graeciam.
475 2284 159 61 Graecia
591 2284 116 61 enim
663 2284 159 61 superba
779 2284 188 61 ecclesiae
909 2284 72 61 vni

215 2323 156 71 uersali
328 2323 99 71 non
385 2323 156 71 paruit.
498 2323 85 71 Et
541 2323 156 71 Latinos
654 2323 85 71 in
697 2323 142 71 Syriam
782 2323 198 71 proficiscen-

217 2370 114 69 tes
282 2370 162 69 terram
395 2370 178 69 sanctam
525 2370 227 69 recuperare
703 2370 195 69 volentes
833 2370 146 69 impedi-

222 2415 108 64 uit
283 2415 77 64 &
314 2415 201 64 fefellit.
468 2415 93 64 Et
515 2415 139 64 licet
607 2415 185 64 Baptista
746 2415 201 64 Mantuanus
885 2415 108 64 libro

226 2462 147 57 primo
324 2462 245 57 calamitatum
520 2462 98 57 id
569 2462 212 57 superbiae
732 2462 196 57 Othomani
863 2462 114 57 ascri

220 2503 112 63 bere
290 2503 126 63 velit
374 2503 182 63 inquiens.
514 2503 112 63 Hinc
584 2503 98 63 est
641 2503 112 63 orta
711 2503 126 63 lues:
795 2503 112 63 quam
851 2503 126 63 Thraci-

218 2558 150 51 regna
318 2558 200 51 vetusque
469 2558 217 51 Graecorum
636 2558 200 51 imperium
786 2558 184 51 vertit.
903 2558 83 51 Byi

220 2598 166 60 zantia
337 2598 150 60 regum
436 2598 133 60 Vrbs
520 2598 166 60 opibus
636 2598 233 60 constructa
819 2598 133 60 mari
885 2598 100 60 prae

213 2636 136 59 tenta
303 2636 151 59 duobus
409 2636 151 59 Aegaeo
514 2636 196 59 euxinoque
665 2636 151 59 fretis
770 2636 166 59 stipata
891 2636 120 59 sedi

222 2681 119 67 bat
290 2681 187 67 Sceptra
426 2681 170 67 tenens
545 2681 153 67 paruo
648 2681 119 67 qua
716 2681 187 67 gurgite
835 2681 153 67 bospho-

228 2726 108 68 ros
289 2726 139 68 vndam
382 2726 200 68 Colligit:
536 2726 123 68 hanc
613 2726 185 68 scythica
752 2726 200 68 irrumpens
891 2726 93 68 Otho

224 2773 143 59 manus
319 2773 95 59 ab
367 2773 143 59 arcto
462 2773 190 59 Insidiis
605 2773 159 59 captam
716 2773 143 59 ferro
811 2773 190 59 violauit
937 2773 48 59 &

220 2815 148 81 igni.
318 2815 115 81 Arx
384 2815 131 81 erat
466 2815 181 81 Europes
598 2815 82 81 &
630 2815 279 81 inexpugnabile
844 2815 148 81 quondam

1003 393 201 57 Romanae
1149 393 165 57 fidei
1259 393 201 57 vallum,
1405 393 256 57 Mahumetica
1606 393 183 57 contra
1716 393 73 57 Ar

1005 445 112 52 ma,
1069 445 144 52 minas
1165 445 144 52 Asiae
1261 445 192 52 fraenans
1406 445 208 52 Libyaeque
1566 445 208 52 tumultum.
1710 445 80 52 Po-

1009 481 168 61 tissima
1131 481 137 61 tamen
1222 481 137 61 causa
1314 481 137 61 dicta
1405 481 122 61 est,
1481 481 76 61 &
1512 481 198 61 Baptistae
1649 481 137 61 aduenti

1008 529 117 57 tia,
1081 529 132 57 sicut
1169 529 146 57 contra
1271 529 175 57 rebelles
1403 529 175 57 hebraeos
1535 529 161 57 vicinos
1651 529 132 57 reges
1725 529 58 57 in

1019 572 139 59 belium
1116 572 166 59 impulit:
1241 572 97 59 qui
1296 572 166 59 victores
1421 572 180 59 sibiipsis
1559 572 152 59 gloriam
1670 572 152 59 dedere.

1026 616 75 65 â‹
1056 616 149 65 Quarta
1160 616 134 65 causa
1250 616 104 65 est
1309 616 179 65 fidelium
1443 616 238 65 exercitatio.
1637 616 104 65 Tum
1697 616 89 65 vt
1726 616 60 65 in

1026 662 174 57 virtute
1153 662 79 57 &
1184 662 126 57 fide
1263 662 237 57 erudiantur:
1452 662 111 57 tum
1516 662 95 57 vt
1563 662 142 57 ocium
1642 662 142 57 euitent

1012 707 88 54 &
1048 707 193 54 corpore
1188 707 281 54 exerceantur.
1416 707 140 54 Apud
1503 707 228 54 Romanorum
1661 707 123 54 anna-

1016 753 120 51 les
1084 753 189 51 legimus
1222 753 223 51 Scipionem
1393 753 189 51 Nasicam
1530 753 171 51 contra
1633 753 154 51 Catonem

1025 795 229 54 Carthaginem
1208 795 137 54 nolle
1299 795 152 54 dirui:
1406 795 76 54 &
1436 795 107 54 ita
1497 795 168 54 Romanis
1604 795 183 54 consuluis-

1015 839 113 60 se:
1079 839 97 60 vt
1128 839 129 60 eius
1209 839 145 60 metus
1306 839 178 60 Romanos
1435 839 97 60 in
1483 839 291 60 tranquillitate
1709 839 81 60 ci-

1021 888 118 56 uium
1095 888 221 56 contineret.
1271 888 147 56 Simile
1374 888 147 56 losue.
1477 888 118 56 iii.
1551 888 177 56 legimus:
1683 888 103 56 vbi
1727 888 74 56 li-

1025 934 102 51 tera
1089 934 127 51 dicit.
1178 934 89 51 Hae
1229 934 102 51 sunt
1293 934 127 51 gentes
1382 934 102 51 quas
1446 934 140 51 dominus
1548 934 191 51 dereliquit:
1701 934 76 51 vt
1726 934 64 51 eru

1023 972 142 54 diret
1118 972 95 54 in
1165 972 111 54 eis
1228 972 205 54 Israelem:
1386 972 79 54 &
1418 972 142 54 omnes
1513 972 111 54 qui
1576 972 111 54 non
1623 972 158 54 nouerani

1016 1014 138 66 bella
1108 1014 246 66 Chananeorum:
1307 1014 77 66 &
1338 1014 153 66 postea
1445 1014 200 66 discerent
1599 1014 138 66 filii
1676 1014 107 66 eorum

1021 1059 165 55 certare
1141 1059 105 55 cum
1201 1059 194 55 hostibus:
1350 1059 75 55 &
1380 1059 150 55 habere
1485 1059 254 55 consuetudinem
1679 1059 105 55 prae-

1020 1105 168 60 liandi
1138 1105 168 60 contra
1256 1105 202 60 satrapas
1408 1105 286 60 Philistinorum
1627 1105 168 60 omnemque

1021 1148 208 60 chananeum:
1185 1148 74 60 &
1215 1148 179 60 Sidonium
1349 1148 134 60 atque
1438 1148 134 60 Eueum
1527 1148 104 60 qui
1587 1148 164 60 habitat
1706 1148 89 60 in
1735 1148 60 60 mo

1027 1194 93 55 te
1073 1194 154 55 libano
1181 1194 93 55 de
1227 1194 123 55 mote
1304 1194 123 55 Baal
1381 1194 170 55 Hermodo
1505 1194 139 55 vsque
1597 1194 93 55 ad
1628 1194 170 55 introitum

1024 1239 143 57 Emath.
1124 1239 201 57 dimisitque
1282 1239 115 57 eos:
1353 1239 86 57 vt
1396 1239 86 57 in
1440 1239 129 57 ipsis
1526 1239 215 57 experitetur
1683 1239 115 57 Israe-

1025 1294 120 51 lem
1093 1294 154 51 vtrum
1196 1294 206 51 audirent
1350 1294 189 51 mandata
1488 1294 171 51 domini
1608 1294 137 51 quae
1676 1294 120 51 prae-

1025 1325 179 67 ceperat
1155 1325 195 67 patribus
1301 1325 146 67 eorum
1399 1325 114 67 per
1464 1325 146 67 manum
1561 1325 163 67 Moysi,
1675 1325 98 67 an
1707 1325 98 67 non.

1038 1370 74 63 â‹
1068 1370 147 63 Quinto
1171 1370 118 63 dico
1245 1370 118 63 quod
1318 1370 103 63 per
1377 1370 103 63 has
1436 1370 251 63 tribulationes
1628 1370 162 63 purgantur

1024 1416 125 58 boni
1102 1416 78 58 a
1134 1416 156 58 malis.
1243 1416 109 58 nam
1305 1416 94 58 ab
1352 1416 125 58 orbe
1430 1416 172 58 condito
1555 1416 94 58 ab
1601 1416 187 58 iniustis
1726 1416 78 58 iu-

1030 1462 94 54 sti
1083 1462 148 54 praessi
1191 1462 108 54 sunt
1259 1462 67 54 &
1286 1462 189 54 persecuti.
1434 1462 256 54 locupletissimum
1637 1462 175 54 testimonium

1026 1508 94 53 in
1073 1508 157 53 medium
1183 1508 141 53 ciere
1277 1508 157 53 possum
1387 1508 94 53 ex
1434 1508 157 53 veteri
1544 1508 220 53 testamento
1717 1508 78 53 &
1733 1508 78 53 no-

1030 1547 117 64 uo:
1097 1547 233 64 incipiendo
1280 1547 100 64 ab
1330 1547 167 64 Abele,
1447 1547 183 64 Iacobo,
1581 1547 200 64 losepho,
1714 1547 100 64 Daui

1026 1597 110 60 de,
1089 1597 142 60 Iobo,
1184 1597 173 60 Thobia,
1310 1597 205 60 Hieremia,
1468 1597 189 60 Daniele,
1610 1597 79 60 &
1641 1597 142 60 aliis
1720 1597 79 60 pro

1029 1646 164 60 phetis.
1148 1646 179 60 Lucidius
1282 1646 104 60 est
1342 1646 89 60 in
1387 1646 119 60 nouo
1461 1646 224 60 testamento,
1640 1646 75 60 a
1655 1646 134 60 Christo

1034 1682 208 61 exordiendo
1198 1682 89 61 ad
1242 1682 193 61 apostolos
1391 1682 74 61 &
1421 1682 178 61 colunnas
1554 1682 193 61 ecclesiae
1688 1682 119 61 descen

1030 1735 150 53 dendo
1130 1735 117 53 per
1197 1735 150 53 omnes
1297 1735 233 53 tyrannorum
1480 1735 283 53 persecutiones
1696 1735 100 53 quas

1031 1774 134 64 passa
1121 1774 104 64 est
1180 1774 194 64 ecclesia:
1329 1774 119 64 quae
1404 1774 149 64 quanto
1508 1774 134 64 magis
1597 1774 134 64 passa
1687 1774 104 64 est
1731 1774 75 64 in-

1026 1819 157 52 iurias
1136 1819 142 52 tanto
1231 1819 173 52 amplius
1357 1819 126 52 fide
1435 1819 79 52 &
1467 1819 173 52 moribus
1593 1819 173 52 creuit:
1719 1819 79 52 &
1734 1819 79 52 ro-

1035 1861 139 59 borata
1133 1861 111 59 est.
1202 1861 167 59 Secundum
1328 1861 125 59 illud
1411 1861 195 59 Psalmistae
1564 1861 153 59 psalmo.
1662 1861 139 59 cxxviii.

1036 1906 149 59 Saepe
1135 1906 281 59 expugnauerunt
1366 1906 99 59 me
1415 1906 83 59 a
1448 1906 215 59 iuuentute
1613 1906 132 59 mea:
1679 1906 132 59 etenim

1032 1955 104 53 non
1092 1955 193 53 potuerunt
1240 1955 134 53 mihi.
1329 1955 74 53 â‹
1359 1955 134 53 Sexto
1448 1955 134 53 dico.
1537 1955 119 53 quia
1611 1955 148 53 nostri
1715 1955 89 53 ob
1745 1955 59 53 in

1036 2004 160 50 testina
1153 2004 131 50 bella
1240 2004 131 50 inter
1327 2004 116 50 sese
1400 2004 160 50 propter
1516 2004 189 50 auaritiam
1662 2004 73 50 &
1676 2004 131 50 gloriam

1041 2041 78 55 a
1073 2041 141 55 vulgo
1166 2041 219 55 aucupandam
1338 2041 188 55 hostibus
1479 2041 141 55 fidei
1573 2041 188 55 relictis
1713 2041 94 55 in
1745 2041 63 55 se

1034 2086 173 67 inuicem
1160 2086 126 67 arma
1239 2086 237 67 conuertunt.
1429 2086 126 67 plus
1507 2086 126 67 enim
1586 2086 189 67 propriam
1712 2086 95 67 glo-

1037 2127 102 62 riam
1101 2127 153 62 quaerunt
1216 2127 102 62 quam
1280 2127 102 62 dei:
1344 2127 64 62 &
1369 2127 102 62 quam
1433 2127 141 62 salutem
1536 2127 153 62 communem
1638 2127 166 62 reipubiicae

1032 2174 246 63 christianae.
1231 2174 77 63 â‹
1262 2174 169 63 Septimo
1385 2174 123 63 dico
1462 2174 138 63 teste
1554 2174 200 63 Sabellico
1707 2174 92 63 in
1738 2174 77 63 fi-

1039 2218 84 56 ne
1081 2218 140 56 tertii
1179 2218 140 56 libri.
1276 2218 140 56 Nullum
1374 2218 126 56 genus
1458 2218 168 56 hominium
1584 2218 126 56 hodie
1667 2218 84 56 in
1695 2218 112 56 terris

1047 2269 218 60 ordinatius
1219 2269 171 60 militat
1343 2269 93 60 in
1390 2269 140 60 armis
1483 2269 125 60 quam
1561 2269 156 60 Turcae
1670 2269 78 60 &
1686 2269 125 60 Mahume

1045 2306 128 59 tani:
1130 2306 100 59 qui
1187 2306 114 59 plus
1258 2306 128 59 nobis
1344 2306 114 59 quam
1415 2306 156 59 reliqui
1528 2306 128 59 omnes
1614 2306 156 59 nocent.
1728 2306 114 59 modo

1039 2353 128 70 deus
1119 2353 208 70 plerunque
1279 2353 144 70 sinit
1375 2353 160 70 causas
1486 2353 192 70 secundas
1630 2353 128 70 suas
1694 2353 128 70 actio-

1043 2391 107 71 nes
1104 2391 153 71 agere.
1211 2391 92 71 Ad
1257 2391 138 71 pauca
1348 2391 229 71 aspicientes
1532 2391 138 71 istud
1608 2391 199 71 falsissimum

1051 2442 171 68 putant:
1176 2442 125 68 suos
1254 2442 109 68 vel
1316 2442 109 68 qui
1378 2442 140 68 marte
1472 2442 187 68 ancipiti
1612 2442 109 68 cum
1674 2442 125 68 suis
1736 2442 78 68 cer

1045 2488 124 60 tant
1123 2488 93 60 in
1170 2488 93 60 re
1217 2488 187 60 militari
1356 2488 187 60 ponentes
1496 2488 171 60 primos.
1621 2488 78 60 â‹
1652 2488 156 60 Octauo
1745 2488 78 60 di-

1042 2528 172 64 citur.
1162 2528 121 64 Non
1231 2528 172 64 semper
1352 2528 172 64 habens
1472 2528 172 64 iustam
1593 2528 172 64 causam
1696 2528 121 64 belli

1045 2580 201 57 iniustum
1196 2580 168 57 vincit
1313 2580 84 57 &
1347 2580 201 57 superat.
1498 2580 117 57 hoc
1565 2580 151 57 patet
1648 2580 168 57 ludicum.

1043 2620 114 59 xx.
1108 2620 114 59 vbi
1173 2620 146 59 omnes
1270 2620 146 59 filii
1367 2620 162 59 Israel
1481 2620 244 59 iustissimam
1660 2620 162 59 bellandi

1046 2663 172 60 causam
1166 2663 206 60 habebant
1321 2663 172 60 contra
1441 2663 223 60 Beniamin,
1613 2663 189 60 propter
1733 2663 86 60 tur

1051 2705 98 75 pe
1100 2705 164 75 scelus
1214 2705 246 75 perpetratum
1411 2705 98 75 in
1460 2705 164 75 Gabaa:
1574 2705 82 75 &
1607 2705 147 75 tamen
1705 2705 115 75 bis
1755 2705 65 75 vt

1051 2761 127 58 notum
1136 2761 99 58 est
1192 2761 198 58 ceciderunt
1348 2761 85 58 in
1390 2761 99 58 ore
1447 2761 155 58 gladii:
1560 2761 99 58 vel
1616 2761 113 58 quia
1687 2761 127 58 nimis
1771 2761 85 58 in

1055 2794 172 87 propriis
1184 2794 158 87 viribus
1299 2794 230 87 confidebant:
1486 2794 101 87 vel
1543 2794 215 87 idoloratria
1715 2794 86 87 in
1744 2794 72 87 Dan
