2304 3321
200 302 102 69 nec
259 302 146 69 refert
361 302 117 69 siue
434 302 161 69 aliquis
551 302 175 69 conditor
682 302 175 69 peccatum
799 302 175 69 intendebat

192 353 144 68 siue
282 353 144 68 non:
372 353 198 68 dummodo
516 353 216 68 peccatum
678 353 126 68 non
732 353 198 68 excipiat.

196 396 93 73 ⁋
234 396 205 73 Secundo
383 396 242 73 arguitur.
569 396 224 73 Peccatum
737 396 224 73 secundum
886 396 93 73 bea

191 440 130 65 tum
266 440 260 65 Augustinum
470 440 186 65 contra
600 440 223 65 Faustum,
768 440 130 65 est
823 440 149 65 dictum

189 488 146 65 factum
292 488 102 65 vel
350 488 204 65 concupitum
510 488 146 65 contra
612 488 131 65 legem
700 488 117 65 dei.
773 488 73 65 ⁋
787 488 190 65 Respondetur

200 526 116 73 ipse
272 526 159 73 definit
388 526 174 73 peccatum
518 526 87 73 in
562 526 116 73 lege
634 526 159 73 diuina.
750 526 174 73 Peccatum
866 526 101 73 autem

196 571 207 71 simpliciter
361 571 124 71 debet
444 571 165 71 definiri
568 571 96 71 per
623 571 110 71 esse
692 571 138 71 contra
788 571 151 71 aliquam
885 571 96 71 legen

199 616 87 73 ad
242 616 188 73 oppositum
386 616 217 73 obligantem.
560 616 72 73 ⁋
589 616 145 73 Tertio
690 616 188 73 arguitur.
834 616 173 73 secundum

208 664 191 65 Augustinus
358 664 82 65 in
399 664 123 65 libro
481 664 82 65 de
522 664 109 65 vera
590 664 191 65 religione.
740 664 68 65 &
767 664 164 65 habetur.
877 664 95 65 iiii.

203 706 119 67 dist.
282 706 105 67 cap.
348 706 79 67 In
387 706 132 67 istis.
479 706 92 67 in.
532 706 79 67 S.
572 706 132 67 Leges.
664 706 119 67 Leges
743 706 224 67 instituuntur,
914 706 66 67 cum

196 753 273 75 promulgantur:
421 753 209 75 firmantur
582 753 113 75 cum
646 753 177 75 moribus
775 753 193 75 vtentium
904 753 80 75 ap-

196 793 223 79 probantur.
372 793 128 79 ergo
451 793 192 79 superior
595 793 112 79 non
659 793 176 79 imponit
787 793 160 79 legem:
898 793 112 79 sed

198 844 151 72 populi
304 844 212 72 consensus.
470 844 76 72 ⁋
501 844 242 72 Respondetur,
697 844 167 72 quamuis
818 844 106 72 ita
864 844 121 72 esset:

211 893 155 54 populus
324 893 99 54 est
380 893 169 54 homines:
507 893 113 54 inec
578 893 169 54 euitatur
705 893 198 54 conclusio.
846 893 127 54 Secundo

195 928 134 67 dico,
285 928 119 67 quod
359 928 149 67 beatus
464 928 209 67 Augustinus
628 928 104 67 sic
688 928 224 67 intellexit.
867 928 104 67 Lex
911 928 75 67 non

204 972 136 69 ligat
295 972 182 69 quousque
431 972 106 69 est
492 972 227 69 promulgata:
674 972 76 69 &
704 972 258 69 durabilitatem
901 972 76 69 non

207 1018 170 66 accipit
330 1018 139 66 donec
423 1018 108 66 sit
485 1018 170 66 moribus
609 1018 186 66 vtentium
748 1018 217 66 approbata.
903 1018 77 66 sed

203 1060 130 68 toto
284 1060 163 68 populo
398 1060 260 68 dissentiente
609 1060 195 68 superior
755 1060 114 68 non
820 1060 146 68 debet
902 1060 81 68 nec

214 1104 143 80 potest
314 1104 129 80 legem
400 1104 186 80 imponere.
543 1104 129 80 Neque
628 1104 114 80 enim
700 1104 100 80 rex
757 1104 100 80 est
814 1104 129 80 super
886 1104 100 80 totum

205 1150 182 73 regnum,
338 1150 199 73 capiendo
487 1150 149 73 omnes
586 1150 149 73 alios
685 1150 99 73 ab
735 1150 116 73 eo,
801 1150 116 73 nec
867 1150 149 73 Roma-

212 1190 93 73 nus
265 1190 160 73 pontifex
385 1190 120 73 super
465 1190 120 73 omnes
545 1190 120 73 alios
626 1190 80 73 in
666 1190 160 73 ecclesia
786 1190 67 73 a
812 1190 93 73 se:
866 1190 120 73 prout
933 1190 53 73 in

213 1239 186 74 concusse
352 1239 93 74 in
398 1239 108 74 hoc
460 1239 186 74 gymnasio
599 1239 186 74 tenetur.
738 1239 108 74 sed
800 1239 108 74 non
847 1239 139 74 obstan-

214 1291 85 72 te
256 1291 113 72 quod
327 1291 127 72 multi
411 1291 240 72 contradicant:
609 1291 197 72 superioris
764 1291 99 72 lex
806 1291 113 72 ligat.

219 1350 98 92 ⁋
259 1350 196 92 Contra
396 1350 216 92 tertiam
553 1350 314 92 conclusionem
789 1350 196 92 arguitur

223 1409 117 65 per
290 1409 200 65 sermonem
440 1409 184 65 quendam
574 1409 150 65 beati
674 1409 200 65 Ambrosii
824 1409 100 65 de
857 1409 134 65 quadra

209 1458 201 74 gesima:
355 1458 91 74 &
392 1458 128 74 per
465 1458 183 74 beatum
593 1458 256 74 Augustinum
794 1458 110 74 in
849 1458 183 74 quodam

218 1500 163 73 etiam
327 1500 200 73 sermone
472 1500 145 73 quem
563 1500 109 73 ad
617 1500 145 73 vsum
708 1500 200 73 Romanum
853 1500 109 73 in
889 1500 109 73 pri-

222 1542 92 69 ma
268 1542 184 69 dominica
406 1542 260 69 quadragesimae
620 1542 214 69 recitamus:
789 1542 138 69 cuius
865 1542 138 69 initium

224 1589 129 65 est,
305 1589 178 65 Sanctae
434 1589 275 65 quadragesimae
660 1589 194 65 rationem
806 1589 146 65 cuius
887 1589 113 65 hodie

214 1631 158 73 initium
329 1631 216 73 celebramus.
501 1631 115 73 quam
573 1631 173 73 videntur
702 1631 144 73 dicere
803 1631 173 73 ieiunium
918 1631 72 73 qua

221 1673 236 69 dragesimae
407 1673 135 69 esse
491 1673 101 69 de
542 1673 135 69 iure
626 1673 186 69 diuino.
762 1673 84 69 ⁋
778 1673 220 69 Respondetur

222 1719 113 65 isti
293 1719 142 65 sancti
392 1719 142 65 nolunt
491 1719 128 65 aliud
576 1719 142 65 dicere
675 1719 113 65 nisi
746 1719 113 65 quod
817 1719 113 65 sunt
874 1719 128 65 quaedam

215 1767 262 66 congruentiae
427 1767 147 66 quare
526 1767 115 66 hic
591 1767 147 66 sacer
689 1767 180 66 numerus
820 1767 115 66 sit
869 1767 131 66 imposi

215 1809 105 68 tus
275 1809 150 68 nobis.
380 1809 120 68 quia
455 1809 120 68 enim
530 1809 195 68 Christus.
680 1809 105 68 xl.
740 1809 150 68 diebus
830 1809 165 68 ieiunauit

220 1855 150 66 nihil
321 1855 234 66 comedendo,
504 1855 84 66 &
538 1855 117 66 non
605 1855 201 66 possumus
755 1855 117 66 nos
822 1855 150 66 illud
906 1855 100 66 pera

219 1892 139 78 gere:
311 1892 93 78 in
358 1892 155 78 illius
466 1892 108 78 rei
528 1892 201 78 memoriam,
683 1892 77 78 &
714 1892 93 78 in
760 1892 186 78 corporum
884 1892 124 78 nostro

222 1956 110 53 rum
285 1956 251 53 afflictionem
489 1956 188 53 ecclesia
630 1956 94 53 ad
677 1956 235 53 imitationem
849 1956 157 53 Christi,

226 1986 128 64 nobis
311 1986 100 64 hoc
368 1986 171 64 ieiunium
497 1986 185 64 imposuit.
639 1986 86 64 Si
682 1986 143 64 autem.
782 1986 185 64 improprie
924 1986 71 64 &
939 1986 71 64 la-

231 2043 122 55 xato
307 2043 183 55 vocabulo
445 2043 168 55 vocetur
567 2043 92 55 de
613 2043 122 55 iure
689 2043 168 55 diuino,
811 2043 138 55 nihil
888 2043 122 55 pericu

233 2075 81 65 li
273 2075 108 65 est.
340 2075 67 65 ⁋
367 2075 148 65 Secundo
475 2075 175 65 arguitur.
610 2075 216 65 quadragesima
785 2075 121 65 sine.
866 2075 121 65 iiii.
933 2075 81 65 die-

233 2124 109 62 bus
296 2124 125 62 puta
374 2124 234 62 trigintasex
561 2124 140 62 dies,
655 2124 109 62 est
717 2124 156 62 decima
826 2124 125 62 pars
889 2124 109 62 anni-

231 2170 109 61 sed
294 2170 172 61 tenemur
419 2170 172 61 soluere
544 2170 172 61 decimas
669 2170 94 61 de
716 2170 125 61 iure
794 2170 172 61 diuino.
903 2170 94 61 ergo

243 2215 154 60 tenemur
355 2215 168 60 ieiunare
481 2215 224 60 quamdraginta
663 2215 126 60 dies,
747 2215 98 60 vel
803 2215 154 60 saltem.
901 2215 112 60 xxxvi.

235 2253 94 67 de
282 2253 125 67 iure
360 2253 171 67 diuino.
485 2253 125 67 Hanc
563 2253 187 67 rationem
703 2253 156 67 tangit
812 2253 156 67 beatus
906 2253 94 67 Greg

244 2294 86 67 in
287 2294 157 67 Homilia
401 2294 157 67 quadam.
515 2294 72 67 &
544 2294 186 67 recitatur
687 2294 86 67 de
730 2294 229 67 cosecratione
902 2294 114 67 distin

230 2341 135 67 ctione
324 2341 148 67 quinta.
432 2341 81 67 c.
472 2341 229 67 Quadragesima.
661 2341 67 67 &
688 2341 81 67 in
729 2341 121 67 fine.
810 2341 81 67 c.
850 2341 162 67 dicitur.
958 2341 54 67 lu

237 2386 129 75 bemur
323 2386 129 75 autem
408 2386 72 75 &
437 2386 86 75 ab
480 2386 200 75 onipotenti
637 2386 100 75 deo
694 2386 143 75 omnium
794 2386 157 75 bonorum
895 2386 114 75 nostro

235 2432 110 76 rum
298 2432 173 76 decimas
424 2432 142 76 dare.
518 2432 79 76 ⁋
550 2432 252 76 Respondetur.
754 2432 173 76 soluere
864 2432 142 76 decimas

242 2478 109 66 quo
305 2478 94 66 ad
352 2478 156 66 quotam
461 2478 172 66 denaria
585 2478 109 66 non
648 2478 109 66 est
710 2478 109 66 de,
773 2478 125 66 iure
850 2478 156 66 diuino
960 2478 94 66 in

235 2521 111 72 lege
304 2521 166 72 gratiae.
429 2521 166 72 Secundo:
553 2521 152 72 quamuis
664 2521 125 72 esset
747 2521 83 72 de
789 2521 111 72 iure
858 2521 138 72 diuino
941 2521 69 72 quo

241 2571 81 72 ad
282 2571 135 72 quotam
377 2571 81 72 vt
417 2571 108 72 erat
485 2571 81 72 in
526 2571 108 72 lege
593 2571 162 72 Mosaica,
715 2571 95 72 non
769 2571 162 72 sequitur
891 2571 108 72 quod
945 2571 68 72 ie-

244 2611 156 64 iunadum
357 2611 99 64 sit
414 2611 85 64 de
457 2611 114 64 iure
528 2611 142 64 diuino
627 2611 99 64 tot
684 2611 156 64 diebus.
798 2611 142 64 Patet,
897 2611 114 64 quia
954 2611 71 64 hoc

253 2652 98 69 non
309 2652 196 69 seruabatur
463 2652 84 69 in
505 2652 112 69 lege
575 2652 168 69 Mosaica:
700 2652 126 69 licet
784 2652 98 69 lex
840 2652 182 69 decimarum
966 2652 56 69 de

250 2699 128 80 bonis
335 2699 171 80 daretur.
463 2699 114 80 Quod
534 2699 128 80 autem
620 2699 128 80 dicit
705 2699 128 80 btuns
790 2699 128 80 Greg.
861 2699 171 80 congruitas

1039 288 159 75 uandam
1151 288 128 75 est.
1230 288 80 75 ⁋
1262 288 112 75 lam
1326 288 175 75 vidimus
1453 288 191 75 ieiunium
1581 288 239 75 quadragesimae

1032 344 118 58 esse
1106 344 88 58 de
1150 344 118 58 iure
1223 344 162 58 humano:
1341 344 73 58 &
1370 344 73 58 a
1400 344 176 58 fortiori
1532 344 191 58 quidlibet
1679 344 132 58 aliud
1752 344 59 58 ie

1027 387 136 59 iunium
1123 387 259 59 ecclesiasticum:
1341 387 109 59 quia
1409 387 123 59 inter
1490 387 123 59 omnia
1572 387 150 59 ieiunia
1667 387 150 59 ecclesiae

1035 431 256 68 quadragesima
1243 431 80 68 &
1275 431 240 68 antiquitate
1466 431 80 68 &
1498 431 240 68 veneratione
1674 431 144 68 praece-

1043 479 110 63 dit.
1112 479 69 63 &
1140 479 124 63 licet
1223 479 97 63 sit
1278 479 83 63 de
1319 479 110 63 iure
1388 479 152 63 humano,
1499 479 124 63 nihil
1581 479 138 63 refert
1678 479 110 63 quin
1733 479 83 63 obli

1044 519 98 69 get
1100 519 98 69 sub
1156 519 126 69 poena
1240 519 154 69 peccati
1353 519 70 69 &
1381 519 140 69 gratia
1479 519 140 69 illius
1577 519 84 69 ad
1619 519 98 69 hoc
1662 519 154 69 probandum

1038 562 170 68 paululum
1165 562 213 68 institimus,
1336 562 113 68 quia
1407 562 71 68 &
1435 562 128 68 aliis
1520 562 170 68 materiis
1648 562 128 68 sicut
1719 562 99 68 ieiu-

1030 612 107 53 nio
1091 612 198 53 deseruit.
1243 612 122 53 ldem
1320 612 183 53 dicendum
1457 612 92 53 de
1503 612 153 53 multis
1609 612 137 53 aliis
1686 612 137 53 legibus

1035 661 170 63 humanis.
1163 661 85 63 vt
1205 661 128 63 patet
1290 661 85 63 ex
1333 661 199 63 probatione
1489 661 170 63 secundae
1603 661 213 63 conclusionis.

1038 703 115 90 ⁋
1084 703 323 90 Dubitatur:
1338 703 138 90 an
1407 703 231 90 petens
1568 703 231 90 coenam
1707 703 115 90 cui

1043 770 107 62 non
1104 770 138 62 detur
1196 770 138 62 cibus
1288 770 214 62 comedendus
1456 770 92 62 in
1502 770 107 62 die
1563 770 184 62 ieiunii,
1685 770 138 62 frangat

1030 816 184 69 ieiunium.
1171 816 156 69 Secundo
1285 816 184 69 dubitatur
1426 816 85 69 an
1469 816 170 69 caupones
1596 816 227 69 ministrantes
1766 816 57 69 in

1040 865 114 59 die
1105 865 180 59 ieiunii
1236 865 196 59 vesperi,
1382 865 212 59 hominibus
1546 865 147 59 cibum
1627 865 196 59 comedendum

1043 908 180 66 peccent.
1178 908 75 66 ⁋
1208 908 90 66 Ad
1253 908 165 66 priorem
1373 908 240 66 dubitationem
1568 908 165 66 dicitur
1688 908 120 66 quod
1748 908 75 66 vbi

1055 951 189 61 fficaciter
1203 951 121 61 facit
1284 951 108 61 quod
1351 951 81 61 in
1392 951 81 61 se
1432 951 94 61 est
1486 951 81 61 ad
1526 951 189 61 coenandum,
1675 951 135 61 peccat
1756 951 67 61 pec

1047 995 115 59 cato
1119 995 173 59 fractiuo
1248 995 173 59 ieiunii:
1377 995 101 59 sed
1435 995 201 59 recuperari
1593 995 144 59 potest
1679 995 144 59 ieiunium

1050 1037 134 61 licet
1140 1037 149 61 facere
1244 1037 149 61 nequat
1349 1037 179 61 quinante
1483 1037 224 61 peccauerit.
1662 1037 75 61 ⁋
1692 1037 90 61 Ad
1722 1037 104 61 secun

1041 1083 100 70 dam
1098 1083 229 70 dubitationem
1284 1083 157 70 dicitur
1398 1083 114 70 quod
1470 1083 172 70 caupones
1598 1083 100 70 vel
1655 1083 114 70 alii
1713 1083 114 70 quicum

1052 1128 119 72 quod
1127 1128 164 72 fuerint
1246 1128 268 72 patresfamilias
1469 1128 179 72 domorum,
1603 1128 179 72 respectu
1722 1128 104 72 libe-

1036 1170 133 61 rorum
1125 1170 104 61 vel
1184 1170 207 61 famulorum,
1347 1170 237 61 ministrantes
1539 1170 133 61 cibos
1628 1170 104 61 per
1687 1170 118 61 quos
1746 1170 74 61 sci

1044 1223 132 51 unt,
1127 1223 116 51 vel
1193 1223 231 51 vehementer
1375 1223 198 51 dubitant
1523 1223 149 51 alios
1622 1223 182 51 peccare
1738 1223 99 51 come

1052 1262 158 60 dendo:
1163 1262 189 60 peccant.
1305 1262 142 60 ratio
1399 1262 126 60 est,
1478 1262 126 60 quia
1557 1262 237 60 cooperantur
1731 1262 110 60 alio-

1056 1312 104 54 rum
1116 1312 193 54 peccatis.
1264 1312 89 54 et
1309 1312 134 54 licet
1398 1312 119 54 alii
1472 1312 208 54 mentaliter
1636 1312 119 54 ante
1695 1312 134 54 peccaue

1051 1360 122 48 rint
1127 1360 184 48 volentes
1265 1360 184 48 coenare:
1403 1360 77 48 &
1433 1360 92 48 ad
1479 1360 138 48 illud
1571 1360 184 48 peccatum
1709 1360 122 48 isti
1770 1360 61 48 de

1057 1392 146 71 quibus
1160 1392 102 71 est
1218 1392 190 71 quaestio,
1365 1392 102 71 non
1423 1392 234 71 cooperantur:
1613 1392 132 71 tamen
1687 1392 146 71 cooperan

1054 1444 106 51 tur
1115 1444 258 51 continuationi
1327 1444 167 51 liberae
1449 1444 137 51 actus
1540 1444 137 51 mali:
1631 1444 182 51 scilicet
1753 1444 91 51 come

1057 1481 143 62 stioni
1157 1481 200 62 exteriori:
1314 1481 114 62 quae
1386 1481 114 62 esse
1457 1481 100 62 non
1514 1481 143 62 potest
1614 1481 114 62 sine
1686 1481 114 62 actu
1743 1481 86 62 inte

1065 1526 133 64 tiori
1154 1526 133 64 malo.
1242 1526 88 64 Ex
1286 1526 103 64 quo
1345 1526 177 64 sequitur
1478 1526 118 64 quod
1551 1526 177 64 caupones
1669 1526 162 64 quirentes

1062 1571 77 59 a
1092 1571 230 59 facientibus
1276 1571 230 59 collationem
1461 1571 92 59 in
1507 1571 107 59 die
1568 1571 169 59 ieiunii
1691 1571 92 59 in
1721 1571 123 59 hospi-

1058 1618 130 57 tio,
1139 1618 97 57 an
1187 1618 162 57 velint
1301 1618 162 57 pisces
1414 1618 194 57 comedere
1560 1618 130 57 quos
1641 1618 178 57 paratos
1754 1618 81 57 ha-

1055 1659 118 64 bent
1129 1659 104 64 vel
1188 1659 178 64 protinus
1322 1659 193 64 parabunt,
1470 1659 178 64 peccant.
1603 1659 133 64 ratio
1692 1659 118 64 est:
1751 1659 89 64 quia

1053 1703 191 58 alliciunt
1200 1703 132 58 alios
1288 1703 73 58 &
1318 1703 191 58 instigant
1465 1703 88 58 ad
1509 1703 206 58 peccandum:
1670 1703 73 58 &
1700 1703 118 58 dant
1759 1703 73 58 eis

1064 1745 156 73 causam
1174 1745 172 73 propter
1299 1745 125 73 quam
1377 1745 188 73 peccant.
1518 1745 141 73 eodem
1612 1745 125 73 modo
1690 1745 94 73 si
1721 1745 110 73 tales

1069 1794 152 72 cibos
1170 1794 169 72 ponant
1289 1794 135 72 ante
1373 1794 135 72 eos.
1458 1794 220 72 Signanter
1627 1794 186 72 dicebam
1745 1794 118 72 (sci-

1065 1835 113 77 unt
1129 1835 113 77 vel
1194 1835 226 77 vehementer
1371 1835 194 77 dubitant
1516 1835 145 77 alios
1613 1835 194 77 peccare)
1742 1835 97 77 alio

1082 1884 130 70 iuin
1163 1884 260 70 ministrantes
1374 1884 114 70 eis
1439 1884 146 70 cibum
1536 1884 114 70 non
1601 1884 195 70 peccant:
1748 1884 97 70 vt
1780 1884 65 70 po

1065 1928 107 69 te
1119 1928 267 69 collationem
1332 1928 213 69 secundum
1492 1928 302 69 consuetudinem
1723 1928 125 69 regio

1078 1966 109 65 ais.
1146 1966 109 65 quia
1215 1966 95 65 hoc
1269 1966 123 65 licet
1351 1966 123 65 aliis
1432 1966 177 65 accipere.
1569 1966 95 65 vel
1623 1966 82 65 si
1664 1966 109 65 alii
1718 1966 123 65 habeant

1072 2015 225 59 probabilem
1249 2015 161 59 causam
1361 2015 209 59 comedendi
1522 2015 177 59 licite:
1650 2015 161 59 licite
1747 2015 96 59 mini

1071 2071 173 51 stratur
1197 2071 110 51 eis
1260 2071 157 51 cibus.
1369 2071 173 51 Declaro
1495 2071 110 51 hoc
1558 2071 267 51 exemplariter.
1762 2071 94 51 pro-

1073 2099 93 75 bus
1126 2099 93 75 vir
1179 2099 93 75 vel
1232 2099 120 75 talis
1312 2099 186 75 reputatus,
1458 2099 120 75 eques
1538 2099 66 75 /
1564 2099 93 75 aut
1617 2099 120 75 pedes
1697 2099 66 75 /
1723 2099 80 75 ex
1750 2099 93 75 cauns

1076 2146 113 61 bis
1141 2146 178 61 veniens
1270 2146 227 61 ingreditur
1448 2146 210 61 hospitium
1610 2146 97 61 in
1659 2146 178 61 vespere
1772 2146 81 61 ie-

1070 2200 140 50 iunii
1164 2200 171 50 cupiens
1288 2200 187 50 coenare.
1429 2200 109 50 cui
1491 2200 156 50 dices.
1600 2200 156 50 Domine
1709 2200 109 50 est
1756 2200 93 50 ieiu

1072 2244 131 63 nium
1153 2244 98 63 in
1202 2244 114 63 hoc
1268 2244 147 63 loco.
1366 2244 98 63 si
1415 2244 147 63 dicat
1513 2244 98 63 se
1562 2244 114 63 non
1627 2244 131 63 esse
1693 2244 147 63 pransum

1073 2286 114 59 vel
1138 2286 130 59 male
1219 2286 195 59 pransum:
1365 2286 114 59 vel
1430 2286 162 59 magnos
1544 2286 162 59 passum
1657 2286 130 59 illo
1738 2286 114 59 die
1787 2286 65 59 la

1072 2321 157 65 bores:
1182 2321 172 65 habebis
1307 2321 94 65 ei
1354 2321 141 65 fidem
1448 2321 78 65 &
1480 2321 157 65 coenam
1589 2321 94 65 ei
1636 2321 172 65 facies.
1746 2321 94 65 Tar-

1085 2363 104 79 tae
1145 2363 134 79 etiam
1234 2363 209 79 probitatis
1398 2363 104 79 vel
1458 2363 194 79 reputatae
1607 2363 209 79 probitatis
1756 2363 89 79 esse

1085 2410 165 77 potest:
1205 2410 90 77 vt
1250 2410 135 77 nullo
1341 2410 120 77 modo
1416 2410 180 77 tenearis
1551 2410 165 77 reddere
1672 2410 105 77 eum
1717 2410 135 77 certio-

1086 2452 107 78 tem
1147 2452 92 78 de
1193 2452 183 78 ieiunio:
1330 2452 122 78 quia
1407 2452 153 78 melius
1514 2452 92 78 te
1559 2452 153 78 nouit.
1666 2452 107 78 sed
1727 2452 122 78 ipso
1789 2452 76 78 coe

1088 2503 123 81 nam
1159 2503 176 81 petent
1282 2503 88 81 e
1317 2503 123 81 mox
1369 2503 211 81 parabisei.
