2310 3324
219 309 211 59 aequaliter
385 309 90 59 in
430 309 151 59 tertia
536 309 211 59 comestione
701 309 75 59 &
732 309 90 59 in
777 309 181 59 secunda.
897 309 106 59 Eccle

228 363 105 53 sia
288 363 120 53 enim
363 363 90 53 in
408 363 196 53 proposito
559 363 105 53 est
619 363 165 53 Romanus
739 363 180 53 pontifex
875 363 75 53 &
890 363 105 53 consi

225 404 134 56 liarii
318 404 120 56 eius:
399 404 94 56 qui
452 404 80 56 de
492 404 94 56 hoc
546 404 174 56 fortassis
680 404 134 56 tantum
773 404 187 56 cogitarunt
907 404 94 56 quanm

218 455 117 44 tum
285 455 168 44 vulpes
403 455 101 44 ad
453 455 235 44 occidendos
638 455 151 44 agnos
738 455 101 44 in
789 455 151 44 eodem
873 455 134 44 nemore

222 492 90 55 in
267 492 105 55 quo
327 492 180 55 latitat.
463 492 211 55 Respondeo.
628 492 135 55 Licet
718 492 180 55 ecclesia
854 492 135 55 nihil
929 492 75 55 co-

228 539 185 61 gitauit:
367 539 201 61 exponimus
521 539 93 61 in
567 539 185 61 mitiorem
706 539 154 61 partem
799 539 201 61 intentionem

240 582 189 52 ecclesiae.
388 582 135 52 Poenae
482 582 108 52 enim
549 582 108 52 sunt
617 582 229 52 restringendae
805 582 108 52 nisi
873 582 94 52 vbi
913 582 81 52 con-

223 627 117 54 stat
297 627 88 54 de
341 627 191 54 opposito.
487 627 88 54 In
531 627 132 54 super
620 627 88 54 in
664 627 293 54 constitutionibus
898 627 103 54 poena

228 676 138 50 libus
320 676 199 50 positiuis
473 676 169 50 humanis
596 676 107 50 non
657 676 169 50 totiens
779 676 184 50 incurrit
902 676 92 50 quis

238 714 126 57 poena
322 714 168 57 quotiens
447 714 237 57 transgreditur
643 714 209 57 praeceptum.
811 714 84 57 Si
852 714 140 57 namque
936 714 70 57 rex

240 761 102 51 vel
299 761 160 51 senatus
415 761 204 51 prohiberet
575 761 131 51 Sorti
662 761 102 51 non
721 761 189 51 percutere
852 761 145 51 Plaronem

228 809 110 54 sub
291 809 142 54 poena
386 809 158 54 centum
496 809 205 54 marcharum
654 809 189 54 argenti:
795 809 79 54 &
827 809 158 54 Sortes
921 809 79 54 qua

239 846 97 52 ter
295 846 194 52 percuteret
447 846 180 52 Platonem:
586 846 97 52 non
641 846 125 52 tantu
725 846 166 52 solueret
849 846 97 52 pro
891 846 111 52 secuda

223 890 216 60 percussione
395 890 158 60 quantum
511 890 101 60 pro
568 890 144 60 prima.
669 890 187 60 Similiter
813 890 101 60 qui
856 890 144 60 promisit

229 940 136 54 stare
319 940 211 54 sententiae
485 940 166 54 arbitri
605 940 105 54 sub
666 940 151 54 poena:
771 940 136 54 primo
846 940 151 54 contraue

233 983 115 48 niens
310 983 141 48 incidit
412 983 77 48 in
451 983 141 48 poenam:
553 983 90 48 non
604 983 115 48 autem
681 983 154 48 amplius.
796 983 90 48 ir.
847 983 77 48 de
886 983 128 48 arbit.
963 983 38 48 l

230 1022 91 53 Si
275 1022 122 53 duo.
352 1022 91 53 s.
397 1022 213 53 penultimo.
565 1022 91 53 Et
611 1022 91 53 si
656 1022 137 53 dicas
748 1022 152 53 contra
839 1022 168 53 exemplum.

231 1064 154 59 Sortes
338 1064 169 59 secundo
461 1064 215 59 percutiens
631 1064 154 59 peccat
738 1064 138 59 sicut
831 1064 154 59 primo.
923 1064 77 59 Hoc

227 1112 90 55 est
279 1112 129 55 verum,
369 1112 103 55 quia
433 1112 129 55 contra
523 1112 116 55 legem
601 1112 142 55 diuinam
704 1112 64 55 &
729 1112 155 55 naturae:
845 1112 90 55 sed
897 1112 90 55 non
936 1112 64 55 con

233 1155 101 51 tra
290 1155 259 51 constitutionem
506 1155 187 51 positiuam
650 1155 173 51 humanam:
780 1155 158 51 secunda
895 1155 115 51 enim
952 1155 58 51 vi

233 1199 85 60 ce
275 1199 100 60 est
332 1199 171 60 poenalis
460 1199 242 60 transgressor:
660 1199 114 60 quod
717 1199 157 60 sufficit.

216 1257 114 83 â‹
262 1257 227 83 Tertio
421 1257 341 83 argumentor.
694 1257 159 83 qui
785 1257 205 83 vouit
898 1257 114 83 hoc

229 1329 116 52 toto
301 1329 101 52 die
359 1329 101 52 non
417 1329 145 52 bibere
518 1329 130 52 vinum
605 1329 159 52 totiens
721 1329 145 52 peccat
823 1329 174 52 quotiens
939 1329 72 52 bi-

227 1370 114 56 bit
292 1370 163 56 vinum.
406 1370 130 56 ergo
487 1370 146 56 eodem
584 1370 130 56 modo
666 1370 98 56 de
714 1370 163 56 tertia
812 1370 195 56 comestione

237 1416 77 54 &
267 1416 169 54 quarta.
390 1416 215 54 Antecedens
559 1416 153 54 patet:
666 1416 123 54 quia
742 1416 107 54 qui
804 1416 138 54 vouit
896 1416 107 54 non
942 1416 61 54 bi

229 1459 112 58 bere
299 1459 127 58 vinum
384 1459 84 58 in
426 1459 141 58 aliqua
524 1459 127 58 parte
608 1459 127 58 huius
693 1459 127 58 diei,
777 1459 169 58 postquam
890 1459 112 58 bibit:

231 1507 133 49 adhuc
320 1507 133 49 manet
408 1507 192 49 obligatus
555 1507 103 49 pro
614 1507 118 49 alia
688 1507 147 49 parte.
791 1507 162 49 igitur.
909 1507 88 49 Et
938 1507 74 49 con

232 1550 188 55 firmatur.
376 1550 145 55 tertio
477 1550 188 55 celebrans
622 1550 87 55 in
665 1550 101 55 die
723 1550 101 55 non
781 1550 174 55 concesso
897 1550 101 55 pecca

234 1593 95 51 vt
282 1593 173 51 secundo
408 1593 221 51 celebrans.
581 1593 79 51 â‹
612 1593 95 51 Ad
660 1593 173 51 tertium
786 1593 221 51 argumentum
943 1593 63 51 du

236 1637 171 54 bitatur
361 1637 93 54 de
407 1637 233 54 antecedente
593 1637 93 54 ab
640 1637 217 54 aliquibus.
811 1637 155 54 Potest
904 1637 93 54 homo

231 1681 148 52 dicere
335 1681 133 52 sicut
424 1681 89 52 de
468 1681 148 52 veniis
572 1681 192 52 perpetuis
720 1681 89 52 in
764 1681 148 52 aliqua
853 1681 148 52 ecclesia

245 1735 221 46 ordinatis:
419 1735 126 46 quas
498 1735 284 46 quotienscumque
735 1735 126 46 homo
814 1735 142 46 vadit
908 1735 95 46 ad
940 1735 79 46 eas

236 1772 199 52 obtinendas
392 1772 170 52 obtinet,
520 1772 99 52 non
577 1772 128 52 tamen
662 1772 85 52 si
705 1772 114 52 sint
776 1772 213 52 temporaneae
932 1772 85 52 puta

240 1814 102 58 pro
299 1814 146 58 certis
401 1814 146 58 diebus
503 1814 102 58 qui
561 1814 117 58 sunt
634 1814 190 58 ordinati:
780 1814 87 58 vt
824 1814 102 58 qui
882 1814 102 58 non
926 1814 87 58 pos-

244 1859 120 51 sunt
319 1859 150 51 venire
424 1859 105 51 vno
485 1859 120 51 die:
560 1859 165 51 veniant
680 1859 90 51 ad
725 1859 105 51 eas
785 1859 196 51 lucrandas
921 1859 90 51 alio

243 1905 104 48 die
302 1905 74 48 &
332 1905 104 48 non
391 1905 163 48 pluries
510 1905 118 48 illo
584 1905 178 48 tempore.
717 1905 104 48 Sic
776 1905 89 48 si
821 1905 118 48 homo
880 1905 133 48 voueret

242 1946 155 67 numquam
355 1946 141 67 bibere
453 1946 141 67 vinum,
552 1946 141 67 toties
650 1946 99 67 est
706 1946 225 67 transgressor
875 1946 141 67 quotiens

235 1993 150 53 bibit:
340 1993 105 53 sed
400 1993 90 53 si
445 1993 135 53 vouet
535 1993 105 53 non
595 1993 150 53 bibere
701 1993 120 53 isto
776 1993 120 53 die:
851 1993 150 53 potest
941 1993 75 53 so-

240 2037 102 50 lum
299 2037 132 50 semel
387 2037 219 50 transgredi.
562 2037 102 50 Sed
620 2037 175 50 concesso
752 2037 219 50 antecedente
927 2037 117 50 nego

235 2080 278 49 consequentiam:
466 2080 124 49 quia
543 2080 124 49 post
621 2080 154 49 primam
729 2080 278 49 transgressione
960 2080 93 49 in

241 2129 201 51 bibitione
395 2129 124 51 vini
473 2129 124 51 stat
550 2129 201 51 obligatio
705 2129 108 51 pro
767 2129 170 51 tempore
876 2129 139 51 futuro.

249 2168 102 58 pse
308 2168 117 58 enim
381 2168 219 58 virtualiter
556 2168 131 58 vouet
644 2168 102 58 non
702 2168 146 58 bibere
804 2168 88 58 in
848 2168 73 58 a
878 2168 102 58 non
921 2168 88 58 bibe

248 2211 80 54 re
288 2211 80 54 in
328 2211 67 54 b
355 2211 94 54 non
409 2211 134 54 bibere
502 2211 80 54 in
543 2211 80 54 c.
583 2211 67 54 &
610 2211 94 54 sic
663 2211 228 54 consequenter:
851 2211 94 54 ita
905 2211 80 54 vt
932 2211 80 54 obli

249 2262 125 55 gatio
332 2262 125 55 cadat
416 2262 125 55 super
499 2262 180 55 quamlibet
638 2262 139 55 partem
735 2262 111 55 diei
804 2262 83 55 in
846 2262 139 55 forma.
929 2262 83 55 prae

250 2312 152 45 ceptum
356 2312 137 45 autem
448 2312 91 45 de
494 2312 168 45 ieiunio
616 2312 259 45 quadragesimae
829 2312 137 45 cadit
905 2312 107 45 super

237 2352 218 43 quadraginta
412 2352 116 43 dies
484 2352 131 43 solum
571 2352 73 43 &
600 2352 102 43 non
658 2352 131 43 super
745 2352 145 43 partes
847 2352 160 43 dierum:
948 2352 73 43 li-

242 2392 109 52 cet
305 2392 125 52 bene
383 2392 140 52 super
476 2392 203 52 quemlibet
633 2392 140 52 diem.
726 2392 94 52 Ad
757 2392 250 52 confirmationem

244 2437 227 55 consequentia
428 2437 99 55 non
485 2437 142 55 valet,
585 2437 85 55 vt
627 2437 128 55 patet
713 2437 85 55 ex
755 2437 156 55 dictis.
869 2437 71 55 â‹
897 2437 85 55 Et
940 2437 85 55 si
968 2437 57 55 di

245 2483 113 50 cas.
316 2483 99 50 per
372 2483 156 50 tertiam
486 2483 213 50 comestionem
656 2483 113 50 caro
727 2483 99 50 sic
783 2483 170 50 insurgit
897 2483 113 50 contra

249 2529 182 47 spiritum
386 2529 91 47 vt
431 2529 91 47 in
477 2529 182 47 secunda.
614 2529 122 47 ergo
690 2529 152 47 tertia
796 2529 122 47 vice
857 2529 152 47 comedens

249 2569 214 48 contrauenit
420 2569 199 48 intentioni
576 2569 185 48 ecclesiae
719 2569 85 48 vt
762 2569 157 48 secundo
861 2569 157 48 comedens.

247 2611 68 55 â‹
275 2611 190 55 Respondeo.
424 2611 163 55 ecclesia
546 2611 122 55 licet
628 2611 95 55 hoc
682 2611 177 55 intendat:
818 2611 95 55 non
873 2611 122 55 tamen
940 2611 82 55 con-

252 2657 124 56 stat
329 2657 93 56 an
375 2657 186 56 intendat
515 2657 93 56 ad
561 2657 108 56 hoc
623 2657 201 56 obligare.
778 2657 124 56 Ecce
840 2657 170 56 analogiam

249 2703 95 63 in
297 2703 127 63 lege
376 2703 175 63 diuina.
503 2703 127 63 deus
583 2703 191 63 intendit
726 2703 127 63 quod
805 2703 127 63 homo
869 2703 159 63 mereatur

1076 303 120 68 vitam
1156 303 160 68 aeternam
1276 303 160 68 implendo
1396 303 187 68 praecepta:
1542 303 93 68 non
1595 303 120 68 tamen
1675 303 147 68 obligat
1769 303 53 68 ho

1072 371 135 39 mines
1162 371 150 39 semper
1267 371 165 39 implere
1386 371 194 39 praecepta
1536 371 90 39 ex
1581 371 150 39 gratia
1685 371 105 39 vel
1745 371 90 39 ex
1775 371 60 39 me

1061 403 129 48 rito.
1147 403 201 48 frequenter
1305 403 115 48 enim
1377 403 173 48 existens
1506 403 86 48 in
1549 403 158 48 peccato
1664 403 158 48 mortali
1779 403 86 48 ad

1060 445 142 48 implet
1159 445 199 48 praeceptum
1316 445 85 48 ad
1359 445 214 48 intentionem
1530 445 85 48 ad
1573 445 114 48 quam
1644 445 114 48 deus
1701 445 128 48 obligat

1058 491 115 54 sub
1123 491 148 54 poena
1222 491 197 54 peccati.
1369 491 131 54 Adde
1452 491 131 54 quod
1534 491 197 54 Martinus
1665 491 164 54 magister

1060 532 85 58 in
1102 532 113 58 fine
1173 532 141 58 illius
1271 532 211 58 quaestionis
1440 532 85 58 de
1483 532 155 58 ieiunio
1595 532 169 58 titubare
1708 532 127 58 videtur

1070 578 85 47 in
1112 578 99 47 sua
1169 578 198 47 positione,
1325 578 71 47 &
1353 578 99 47 non
1409 578 127 47 recte
1494 578 127 47 loqui
1579 578 241 47 consequenter.
1763 578 71 47 sic

1061 627 155 47 dicens.
1174 627 99 47 Cum
1230 627 155 47 omnibus
1342 627 127 47 primo
1427 627 141 47 dictis
1525 627 113 47 stat
1596 627 113 47 quod
1666 627 127 47 licet
1736 627 99 47 obli-

1065 670 137 53 gatus
1156 670 107 53 hoc
1217 670 107 53 die
1278 670 183 53 ieiunare
1416 670 107 53 non
1477 670 168 53 totiens
1599 670 153 53 peccet
1690 670 153 53 mortali-

1061 717 97 51 ter
1117 717 166 51 quotiens
1241 717 153 51 pluries
1352 717 166 51 comedit:
1477 717 125 51 tamen
1561 717 236 51 circumstantia
1741 717 97 51 tempo

1060 758 106 50 ris
1121 758 106 50 est
1181 758 213 50 consuetudo
1348 758 197 50 aggrauans
1500 758 182 50 peccatum
1637 758 106 50 ter
1697 758 106 50 aut
1743 758 91 50 qua-

1066 798 100 58 ter
1123 798 100 58 aut
1180 798 185 58 quinquies
1322 798 214 58 comedentis,
1493 798 100 58 non
1550 798 128 58 tamen
1636 798 171 58 sequitur
1750 798 85 58 quod

1059 842 154 57 peccet
1167 842 185 57 qualibet
1306 842 124 57 vice
1383 842 232 57 mortaliter:
1568 842 185 57 quotiens
1692 842 139 57 pluries

1064 889 169 57 comedit:
1190 889 98 57 nec
1247 889 112 57 quod
1317 889 141 57 tantum
1415 889 141 57 peccet
1514 889 141 57 tertia
1612 889 98 57 aut
1668 889 141 57 quarta
1753 889 84 57 vici

1065 933 106 51 bus
1125 933 167 51 quantum
1247 933 152 51 peccat
1353 933 182 51 secunda:
1489 933 76 51 &
1520 933 106 51 hoc
1580 933 152 51 quantu
1686 933 106 51 est
1747 933 91 51 ex
1777 933 61 51 vi

1060 975 187 61 praecepti
1203 975 86 61 de
1246 975 172 61 ieiunio.
1375 975 100 61 Hic
1433 975 115 61 vult
1505 975 144 61 dicere
1605 975 115 61 quod
1677 975 144 61 tertio
1763 975 86 61 come

1074 1018 118 52 dens
1148 1018 206 52 venialiter
1310 1018 147 52 peccat
1413 1018 103 52 vel
1472 1018 133 52 minus
1561 1018 206 52 mortaliter
1723 1018 118 52 quam
1782 1018 59 52 se

1073 1065 125 48 cundo
1156 1065 180 48 comedens.
1295 1065 83 48 In
1336 1065 125 48 super
1419 1065 83 48 in
1461 1065 125 48 eadem
1544 1065 194 48 quaestione
1683 1065 152 48 conclusio

1060 1109 107 48 ne
1114 1109 179 48 quarta
1239 1109 197 48 allegat
1382 1109 250 48 Godefridum
1579 1109 215 48 Fontanum
1740 1109 143 48 Quod

1072 1151 142 49 libeto
1171 1151 142 49 quito,
1270 1151 199 49 quiestione
1427 1151 199 49 duodecima,
1583 1151 184 49 dicentem.
1724 1151 85 49 Si
1753 1151 85 49 pri-

1067 1196 96 55 mo
1115 1196 143 55 tango
1210 1196 96 55 no
1258 1196 127 55 meam
1338 1196 159 55 pecco.
1449 1196 96 55 si
1497 1196 175 55 secundo
1624 1196 111 55 eam
1688 1196 159 55 tango:
1783 1196 64 55 mi

1067 1235 110 52 nus
1130 1235 158 52 pecco:
1241 1235 126 52 quia
1320 1235 110 52 iam
1383 1235 110 52 sum
1446 1235 252 52 transgressus
1635 1235 205 52 praeceptum.

1074 1282 103 50 Non
1133 1282 132 50 credo
1221 1282 88 50 ei
1265 1282 103 50 nec
1324 1282 191 50 Godefrido
1471 1282 117 50 quod
1544 1282 176 50 caeteris
1676 1282 161 50 paribus
1779 1282 73 50 co-

1068 1326 173 62 gnoscens
1197 1326 158 62 secundo
1312 1326 101 62 non
1370 1326 115 62 meam
1442 1326 130 62 minus
1528 1326 144 62 peccem
1629 1326 115 62 quam
1701 1326 130 62 primo
1773 1326 72 62 eam

1065 1378 234 45 cognoscens.
1253 1378 141 45 secus
1347 1378 109 45 est
1409 1378 94 45 de
1456 1378 250 45 virginitate:
1659 1378 109 45 vbi
1706 1378 141 45 caetera

1060 1414 115 52 sunt
1131 1414 172 52 imparia.
1261 1414 115 52 Dico
1333 1414 144 52 igitur
1433 1414 115 52 quod
1505 1414 115 52 illa
1577 1414 158 52 positio
1692 1414 129 52 debet
1764 1414 86 52 dice

1072 1462 87 49 re
1115 1462 116 49 quod
1188 1462 145 49 tertio
1289 1462 174 49 comedens
1420 1462 73 49 &
1449 1462 131 49 extra
1536 1462 174 49 secundam
1652 1462 189 49 comestionem

1066 1512 97 52 non
1122 1512 152 52 peccat:
1232 1512 111 52 nisi
1301 1512 152 52 aliunde
1412 1512 180 52 proueniat
1550 1512 221 52 impedimentum
1730 1512 97 52 per
1786 1512 83 52 in

1077 1548 217 58 temperantiam.
1256 1548 166 58 oppositum
1384 1548 115 58 autem
1460 1548 128 58 dicens
1549 1548 89 58 non
1601 1548 179 58 intelligit
1728 1548 115 58 seipsum

1069 1592 126 65 nec
1141 1592 144 65 suam
1213 1592 235 65 positionem.

1058 1654 127 77 â‹
1108 1654 203 77 Nunc
1236 1654 356 77 argumentor
1515 1654 254 77 contra
1668 1654 178 77 aliam

1075 1730 191 51 positionem
1225 1730 109 51 quae
1293 1730 123 51 tenet
1375 1730 109 51 quod
1443 1730 136 51 tertio
1539 1730 164 51 comedens
1661 1730 136 51 tantum
1743 1730 109 51 peccat

1078 1781 184 46 quantum
1212 1781 184 46 secundo
1346 1781 218 46 comedens:
1514 1781 117 46 vel
1581 1781 168 46 quarto
1681 1781 168 46 comedens

1074 1813 167 54 quantum
1195 1813 167 54 secundo
1316 1813 197 54 comedens.
1468 1813 76 54 &
1498 1813 212 54 introducam
1665 1813 167 54 aliquas
1771 1813 76 54 ra-

1069 1856 154 51 tiones
1176 1856 169 51 Durandi
1299 1856 77 51 /
1330 1856 77 51 &
1361 1856 154 51 domini
1469 1856 169 51 Martini
1592 1856 200 51 Magistri,
1730 1856 123 51 quibus

1078 1899 183 53 nituntur
1215 1899 168 53 probare
1337 1899 213 53 oppositum:
1504 1899 122 53 quas
1581 1899 152 53 eluere
1672 1899 183 53 elaborabo.

1073 1947 117 54 Sic
1140 1947 167 54 arguit
1257 1947 218 54 Martinus.
1425 1947 184 54 Secundo
1559 1947 201 54 comedens
1692 1947 151 54 frangit

1068 1992 194 48 ieiunium:
1217 1992 119 48 ergo
1292 1992 149 48 tertio
1396 1992 179 48 comedens
1530 1992 164 48 reperit
1649 1992 179 48 ieiunium
1768 1992 75 48 iam

1076 2036 167 51 fractum:
1201 2036 111 51 ergo
1271 2036 97 51 non
1327 2036 153 51 frangit
1438 2036 181 51 ieiunium.
1577 2036 125 51 tenet
1647 2036 209 51 consequentia:

1072 2083 110 53 quia
1141 2083 124 53 solum
1223 2083 165 53 integrum
1347 2083 192 53 frangitur.
1498 2083 69 53 â‹
1525 2083 206 53 Respondetur
1690 2083 110 53 quod
1759 2083 96 53 hoc
1800 2083 55 53 ar

1078 2122 163 61 gumentum
1201 2122 95 61 non
1255 2122 177 61 cocludit,
1391 2122 109 61 quod
1459 2122 95 61 sic
1513 2122 163 61 declaro:
1636 2122 109 61 quia
1704 2122 136 61 vouens
1785 2122 68 61 non

1070 2166 159 51 bibere
1182 2166 143 51 vinum
1277 2166 159 51 hodie:
1388 2166 143 51 primo
1484 2166 159 51 bibens
1595 2166 239 51 contrauenit
1770 2166 80 51 suo

1084 2211 122 50 voto:
1166 2211 68 50 &
1193 2211 95 50 est
1247 2211 163 50 fractum.
1369 2211 122 50 Dicam
1451 2211 109 50 quod
1518 2211 149 50 secundo
1627 2211 136 50 bibens
1722 2211 95 50 non
1763 2211 81 50 fran

1071 2252 100 57 git
1128 2252 129 57 votum
1214 2252 114 57 quia
1285 2252 100 57 iam
1342 2252 157 57 fractum
1457 2252 100 57 est
1514 2252 129 57 ante.
1600 2252 129 57 Illud
1686 2252 100 57 est
1729 2252 114 57 contra

1079 2298 222 55 Godefridum
1254 2298 190 55 Fontanum
1397 2298 159 55 quinto
1508 2298 238 55 Quodlibeto:
1682 2298 159 55 quaestio

1071 2343 93 48 ne
1117 2343 216 48 duodecima,
1287 2343 124 48 quem
1364 2343 185 48 Martinus
1503 2343 216 48 insequitur
1673 2343 93 48 in
1704 2343 139 48 conclu-

1080 2389 140 54 sione
1174 2389 155 54 quarta
1282 2389 171 54 eiusdem
1406 2389 248 54 quaestionis.
1608 2389 140 54 Fodem
1701 2389 124 54 modo
1778 2389 109 54 qui

1074 2432 149 48 vouit
1174 2432 281 48 virginitatem:
1405 2432 231 48 cognoscens
1586 2432 182 48 aliquam
1702 2432 132 48 primo.

1072 2481 205 45 mortaliter
1234 2481 161 45 peccat:
1351 2481 73 45 &
1380 2481 147 45 secudo
1483 2481 147 45 etiam:
1586 2481 73 45 &
1615 2481 132 45 tamen
1703 2481 132 45 votum
1777 2481 73 45 est

1075 2526 177 44 fractum.
1208 2526 88 44 Si
1252 2526 147 44 dicas.
1355 2526 133 44 secus
1444 2526 103 44 est
1502 2526 133 44 circa
1591 2526 177 44 materiam
1723 2526 147 44 gustus
1812 2526 44 44 &

1081 2564 171 57 tactus.
1206 2564 171 57 Contra.
1330 2564 156 57 potest
1439 2564 109 57 eam
1502 2564 156 57 ducere
1611 2564 93 57 in
1657 2564 156 57 vxorem
1751 2564 93 57 post

1088 2611 119 50 votum
1167 2611 159 50 simplex:
1287 2611 66 50 &
1313 2611 119 50 tamen
1393 2611 93 50 num
1446 2611 106 50 quam
1512 2611 119 50 licet
1591 2611 80 50 ei
1631 2611 133 50 petere
1711 2611 133 50 debitum:

1072 2651 115 61 quod
1143 2651 172 61 Martinus
1272 2651 100 61 non
1330 2651 143 61 negat.
1430 2651 72 61 â‹
1459 2651 158 61 Secundo
1574 2651 172 61 arguitur
1703 2651 115 61 sic.
1760 2651 86 61 Prae

1072 2700 155 66 ceptum
1180 2700 186 66 obligans
1320 2700 93 66 ad
1366 2700 109 66 non
1428 2700 295 66 transgrediendum
1676 2700 171 66 limitem
1785 2700 78 66 non
