2339 3317
453 283 148 67 obligat
560 283 108 67 nisi
627 283 94 67 eos
681 283 94 67 qui
735 283 108 67 sunt
802 283 229 67 infralimitem:
990 283 94 67 sed
1044 283 94 67 per
1085 283 134 67 secundam

455 339 203 54 comestionem
618 339 108 54 iste
685 339 81 54 no
726 339 95 54 est
780 339 122 54 infra
861 339 162 54 limitem.
983 339 149 54 igitur.
1091 339 68 54 ⁋
1105 339 108 54 Respon

453 387 103 43 deo
512 387 117 43 quod
585 387 103 43 hoc
644 387 205 43 argumentum
805 387 205 43 aequaliter
967 387 176 43 probaret
1099 387 88 43 de
1128 387 88 43 voto

458 429 220 52 virginitatis
637 429 69 52 &
664 429 124 52 vini:
747 429 110 52 quod
816 429 124 52 tamen
898 429 110 52 ipse
967 429 165 52 negaret.
1077 429 137 52 Fortasse

457 472 170 58 inficiaris
591 472 97 58 esse
651 472 134 58 simile:
749 472 97 58 quia
810 472 122 58 bibens
895 472 73 58 in
931 472 61 58 a
956 472 134 58 tempore
1053 472 158 58 obligatur
1162 472 49 58 pr

454 518 74 44 b.
491 518 61 44 &
515 518 74 44 c.
552 518 184 44 temporibus,
699 518 74 44 in
736 518 123 44 quibus
821 518 123 44 potest
907 518 135 44 seruare
1005 518 86 44 suu
1054 518 123 44 votum.
1140 518 86 44 Sic
1177 518 49 44 ti

453 562 79 49 bi
492 562 119 49 dicam
572 562 106 49 quod
638 562 172 49 obligatio
770 562 172 49 ecclesiae
903 562 93 49 est
955 562 106 49 hunc
1022 562 185 49 obligantis
1154 562 66 49 non

450 606 155 54 pluries
563 606 99 54 qui
619 606 127 54 semel
704 606 183 54 comedere:
845 606 70 54 &
873 606 254 54 quotienscumque
1084 606 113 54 illi
1141 606 70 54 cor

450 652 157 54 trauenit
568 652 144 54 totiens
672 652 222 54 transgreditur
856 652 196 54 praeceptum.
1013 652 144 54 Tertium
1104 652 118 54 argumen

452 695 99 54 tum
508 695 113 54 eius
579 695 99 54 est
635 695 113 54 idem
705 695 99 54 cum
762 695 141 54 primo.
860 695 70 54 ⁋
888 695 141 54 Quarto
987 695 183 54 arguitur.
1127 695 84 54 si
1156 695 70 54 se-

452 737 102 49 mel
510 737 160 49 secundo
626 737 174 49 comedit,
756 737 160 49 frangit
872 737 189 49 ieiunium:
1017 737 73 49 &
1046 737 87 49 si
1090 737 116 49 ter,
1148 737 73 49 duo

447 782 180 49 ieiunia:
582 782 105 49 sed
642 782 90 49 in
687 782 135 49 eodem
777 782 105 49 die
837 782 105 49 non
896 782 165 49 possunt
1016 782 120 49 esse
1076 782 135 49 ieiunia

444 828 121 54 duo.
519 828 75 54 ⁋
549 828 211 54 Respondeo.
715 828 151 54 quando
821 828 166 54 secundo
942 828 181 54 comedit,
1062 828 151 54 ieiunium

454 872 172 57 frangit.
583 872 72 57 &
611 872 143 57 quando
712 872 115 57 ter,
784 872 100 57 non
841 872 158 57 frangit
956 872 100 57 duo
1013 872 172 57 ieiunia:
1128 872 86 57 quia

452 915 100 47 non
509 915 114 47 sunt
580 915 100 47 duo
637 915 85 47 in
679 915 128 47 eodem
765 915 114 47 die,
836 915 100 47 nec
893 915 128 47 vnum:
978 915 114 47 quia
1049 915 100 47 est
1092 915 128 47 fractu.

446 962 100 50 sed
503 962 114 50 quia
574 962 128 50 facit
659 962 114 50 quod
730 962 85 50 in
773 962 85 50 se
816 962 100 50 est
873 962 85 50 in
915 962 142 50 tertia
1015 962 199 50 comestione
1157 962 57 50 ad

453 1005 210 45 frangendum
618 1005 90 45 ac
663 1005 90 45 si
708 1005 135 45 esset
798 1005 195 45 integrum:
949 1005 105 45 non
1009 1005 135 45 minus
1084 1005 135 45 peccat.

442 1049 122 51 Etiam
524 1049 108 51 tibi
591 1049 122 51 dicam
673 1049 108 51 esse
740 1049 122 51 plura
821 1049 149 51 ieiunia
930 1049 81 51 in
970 1049 122 51 eodem
1052 1049 108 51 die:
1106 1049 108 51 quando

444 1093 119 43 enim
518 1093 163 43 secundo
637 1093 178 43 comedit,
771 1093 178 43 ieiunium
905 1093 149 43 totius
1009 1093 119 43 diei
1068 1093 149 43 categore

445 1136 149 46 matice
549 1136 104 46 est
609 1136 179 46 fractum:
743 1136 104 46 sed
803 1136 104 46 non
862 1136 134 46 huius
952 1136 164 46 partis,
1056 1136 164 46 demostran

447 1180 96 51 do
495 1180 144 51 horam
591 1180 176 51 quartam
720 1180 273 51 pomeridianam.
944 1180 144 51 sicut
1041 1180 96 51 de
1073 1180 144 51 vouente

444 1225 247 45 virginitatem
644 1225 185 45 diximus.
783 1225 93 45 Et
830 1225 93 45 si
876 1225 154 45 dicas:
984 1225 124 45 ipse
1062 1225 108 45 est
1108 1225 108 45 bonus

449 1268 226 51 Theologus,
626 1268 81 51 &
659 1268 194 51 opinatur
804 1268 97 51 vt
853 1268 194 51 Durandus
998 1268 113 51 vel
1046 1268 178 51 Martinus:

449 1313 72 56 &
477 1313 86 56 si
521 1313 144 56 tertio
621 1313 173 56 comedens
751 1313 144 56 sciret
852 1313 86 56 se
895 1313 144 56 tertio
996 1313 202 56 peccaturum
1140 1313 72 56 non

450 1358 149 47 vellet
554 1358 193 47 comedere.
703 1358 134 47 Illud
792 1358 104 47 non
851 1358 149 47 iuuat.
955 1358 149 47 Dubium
1060 1358 104 47 est
1104 1358 119 47 satis:

442 1401 83 44 an
484 1401 139 44 tertio
581 1401 139 44 tantum
678 1401 139 44 peccet
775 1401 153 44 quantum
887 1401 167 44 secundo:
1012 1401 167 44 exponens
1123 1401 97 44 autem

439 1444 84 48 se
481 1444 168 48 periculo
607 1444 154 48 peccat,
719 1444 168 48 vtcumque
846 1444 112 48 sit.
916 1444 154 48 Adducit
1028 1444 182 48 exemplum.
1154 1444 56 48 si

448 1490 155 48 dominus
561 1490 169 48 inhibeat
687 1490 113 48 mihi
758 1490 169 48 frangere
885 1490 155 48 vitrum:
998 1490 211 48 percutiendo
1153 1490 70 48 vi-

444 1536 104 54 trum
509 1536 129 54 pecco:
599 1536 155 54 postquam
716 1536 117 54 autem
794 1536 155 54 percutio
910 1536 129 54 vitrum
1001 1536 142 54 fractum
1104 1536 91 54 non
1143 1536 65 54 pec

437 1578 101 46 co.
494 1578 87 46 Et
538 1578 87 46 si
581 1578 145 46 debeam
682 1578 116 46 dare
755 1578 145 46 scutum
856 1578 188 46 frangendo
1000 1578 159 46 vitrum:
1101 1578 116 46 fracto

438 1628 144 51 vitro
534 1628 239 51 percutiendo
725 1628 112 51 non
789 1628 144 51 debeo
885 1628 128 51 dare
965 1628 112 51 tot
1029 1628 144 51 scuta
1124 1628 128 51 quo-

445 1667 126 48 tiens
529 1667 182 48 percutio.
669 1667 84 48 Et
711 1667 126 48 dicit
795 1667 126 48 illud
879 1667 168 48 exemplum
1005 1667 112 48 esse
1061 1667 140 48 perempto

433 1714 125 52 rium.
517 1714 223 52 Respondetur.
698 1714 167 52 quicquid
823 1714 97 52 sit
879 1714 84 52 de
921 1714 111 52 illo
990 1714 167 52 exemplo:
1116 1714 97 52 vbi
1157 1714 56 52 vi

439 1756 122 49 trum
515 1756 107 49 est
576 1756 183 49 fractum,
713 1756 107 49 non
774 1756 107 49 est
835 1756 168 49 amplius
957 1756 229 49 frangendum.
1140 1756 107 49 sed

444 1800 131 55 coram
532 1800 102 55 deo
590 1800 102 55 non
649 1800 131 55 minus
736 1800 146 55 pecco:
838 1800 102 55 cum
896 1800 146 55 faciam
998 1800 117 55 quod
1071 1800 87 55 in
1115 1800 87 55 me
1144 1800 73 55 est

434 1852 96 43 ad
482 1852 176 43 secundo
610 1852 80 43 &
643 1852 160 43 tertio
755 1852 241 43 frangendum.
947 1852 96 43 Et
995 1852 128 43 quia
1060 1852 160 43 Martinus

442 1888 130 48 dicit
528 1888 130 48 illud
614 1888 173 48 exemplum
744 1888 202 48 concludere
903 1888 144 48 contra
1003 1888 216 48 aduersarios
1162 1888 43 48 i

443 1934 125 50 llud
522 1934 219 50 euacuandum
694 1934 125 50 est.
772 1934 110 50 vel
835 1934 219 50 prohibitio
1007 1934 94 50 de
1038 1934 172 50 fractione

450 1979 138 54 vitri
542 1979 107 54 est
603 1979 138 54 ipsum
695 1979 107 54 non
757 1979 184 54 frangere
895 1979 107 54 sub
956 1979 138 54 poena
1048 1979 107 54 vel
1094 1979 123 54 pecca-

440 2022 83 53 ti
482 2022 97 53 vel
537 2022 167 53 alterius
663 2022 153 53 poenae:
774 2022 97 53 vel
830 2022 97 53 non
885 2022 181 53 percutere
1024 2022 97 53 hoc
1080 2022 97 53 vel
1122 2022 83 53 haec

437 2063 249 50 demonstrando
640 2063 125 50 eius
718 2063 171 50 partes,
842 2063 109 50 vel
905 2063 109 50 que
967 2063 171 50 fuerunt
1076 2063 140 50 partes.

433 2115 87 55 Si
476 2115 159 55 primum:
592 2115 145 55 fracto
693 2115 130 55 vitro
779 2115 145 55 partes
881 2115 101 55 vel
938 2115 130 55 entia
1025 2115 116 55 quae
1083 2115 130 55 fuerunt

432 2156 118 51 eius
506 2156 148 51 partes
610 2156 237 51 percutiendo,
802 2156 103 51 non
861 2156 163 51 peccas:
979 2156 103 51 nec
1024 2156 177 51 cotrauenis

438 2208 260 46 prohibitioni.
652 2208 92 46 Si
698 2208 168 46 secundo
820 2208 214 46 percutias:
988 2208 153 46 tantum
1080 2208 122 46 peccas

437 2243 154 57 quantum
549 2243 140 57 primo:
646 2243 70 57 &
674 2243 126 57 etiam
758 2243 154 57 amplius
870 2243 154 57 propter
982 2243 209 57 contemptum,
1135 2243 70 57 vel

430 2286 146 48 saltem
533 2286 102 48 non
591 2286 146 48 minus.
694 2286 102 48 Sic
752 2286 263 48 impresentiarum
972 2286 132 48 dico,
1060 2286 117 48 quod
1118 2286 88 48 deus

436 2333 123 47 etiam
518 2333 136 47 potest
614 2333 177 47 prohibere
750 2333 191 47 fractionem
900 2333 150 47 ieiunii
1009 2333 123 47 huius
1090 2333 123 47 diei.
1159 2333 55 47 Et

434 2377 112 55 hoc
498 2377 191 55 bifariam
641 2377 207 55 intelligi
801 2377 175 55 potest.
928 2377 112 55 Vno
992 2377 127 55 modo
1072 2377 96 55 vt
1103 2377 96 55 homo

433 2420 102 56 non
491 2420 189 56 obligetur
636 2420 87 56 ad
679 2420 131 56 aliud
766 2420 116 56 ipso
839 2420 160 56 fracto.
955 2420 87 56 Et
998 2420 145 56 restat
1085 2420 116 56 proba-

439 2469 89 54 re
484 2469 192 54 ecclesiam
631 2469 192 54 intendere
779 2469 163 54 hominem
898 2469 177 54 obligare
1031 2469 89 54 in
1075 2469 118 54 illo
1134 2469 74 54 mem

435 2506 117 52 bro.
508 2506 117 52 Alio
581 2506 131 52 modo:
669 2506 117 52 quia
741 2506 175 52 prohibet
872 2506 175 52 comedere
1004 2506 160 52 pluries
1106 2506 87 52 quam

438 2553 137 48 semel
529 2553 107 48 hoc
590 2553 122 48 die:
666 2553 76 48 &
697 2553 107 48 hoc
757 2553 167 48 reputat
879 2553 213 48 fractionem
1047 2553 183 48 ieiunii:
1168 2553 46 48 &

444 2593 120 49 llud
519 2593 210 49 aestimatur
684 2593 180 49 frangere
819 2593 105 49 qui
878 2593 240 49 contrauenit.
1073 2593 135 49 sicut
1148 2593 60 49 vo

432 2640 120 59 uens
507 2640 255 59 virginitatem,
717 2640 165 59 secundo
838 2640 165 59 cognita
958 2640 210 59 voluntatie
1123 2640 75 59 a
1138 2640 75 59 non

427 2679 100 81 suo
484 2679 157 81 peccat:
598 2679 71 81 &
626 2679 228 81 contrauaenit
812 2679 100 81 suo
869 2679 128 81 voto:
954 2679 128 81 licet
1040 2679 100 81 non
1097 2679 86 81 in
1125 2679 86 81 pro

1279 290 129 68 priis
1364 290 186 68 terminis:
1507 290 100 68 cum
1564 290 157 68 amplius
1679 290 100 68 non
1736 290 100 68 sit
1793 290 143 68 virgo.
1893 290 71 68 ⁋
1921 290 86 68 In
1950 290 100 68 super

1278 347 240 45 argumentor.
1470 347 96 45 si
1518 347 160 45 tertio
1630 347 192 45 comedens
1775 347 192 45 peccaret
1903 347 144 45 peccato

1289 385 192 60 fractionis
1440 385 165 60 ieiunii,
1564 385 192 60 sequeretur
1715 385 110 60 quod
1783 385 110 60 ille
1852 385 96 60 qui
1907 385 82 60 in
1934 385 124 60 secunda

1281 433 220 44 comestione
1454 433 204 44 comederet
1611 433 141 44 centu
1705 433 157 44 bolos,
1815 433 173 44 totiens
1925 433 126 44 pecca-

1276 476 101 46 ret
1333 476 159 46 peccato
1449 476 203 46 fractionis
1608 476 174 46 ieiunii.
1739 476 203 46 consequens
1898 476 101 46 est
1941 476 116 46 falsum

1285 519 117 49 ergo
1359 519 73 49 &
1388 519 220 49 antecedens.
1564 519 132 49 probo
1652 519 264 49 consequentiam:
1871 519 117 49 quia
1930 519 117 49 tertia

1294 565 182 48 comestio
1430 565 106 48 est
1491 565 197 48 peccatum:
1642 565 151 48 quarta
1748 565 76 48 &
1778 565 151 48 quinta
1884 565 76 48 &
1915 565 106 48 sic
1960 565 91 48 sine

1282 609 123 47 statu.
1368 609 61 47 ⁋
1392 609 159 47 Praeterea
1515 609 147 47 sequitur
1625 609 98 47 quod
1686 609 135 47 aliquis
1784 609 74 47 in
1821 609 98 47 casu
1883 609 110 47 esset
1944 609 98 47 perple

1291 655 115 59 xus.
1362 655 201 59 consequens
1520 655 100 59 est
1577 655 158 59 falsum:
1692 655 115 59 quia
1763 655 100 59 non
1821 655 129 59 cadit
1892 655 158 59 perplexi-

1289 697 96 57 tas
1344 697 82 57 in
1385 697 110 57 lege
1454 697 137 57 aliqua
1550 697 123 57 etiam
1632 697 219 57 quantucumque
1810 697 123 57 culpa
1879 697 178 57 praecedente

1280 740 171 48 secundum
1408 740 185 48 rectiorem
1551 740 128 48 viam.
1636 740 128 48 probo
1722 740 257 48 consequentiam.
1922 740 128 48 comedat

1290 782 148 50 aliquis
1397 782 121 50 parum
1478 782 108 50 mane
1545 782 108 50 quod
1612 782 94 50 non
1666 782 175 50 sufficiat
1801 782 229 50 sustentationi
1975 782 81 50 suae

1280 830 174 48 naturae:
1410 830 160 48 secundo
1526 830 174 48 comedens
1657 830 145 48 peccat
1758 830 102 48 per
1816 830 116 48 hanc
1874 830 174 48 positionem

1278 874 187 57 frangendo
1421 874 187 57 ieiunium:
1565 874 72 57 &
1594 874 187 57 obligatur
1737 874 201 57 succurrere
1895 874 115 57 suae
1952 874 101 57 natu-

1277 920 114 47 rae:
1348 920 114 47 ergo
1419 920 86 47 ad
1462 920 157 47 aliquod
1576 920 143 47 impost
1676 920 128 47 ibile
1762 920 200 47 obligatur.
1919 920 71 47 ⁋
1947 920 86 47 Ad
1976 920 71 47 pri

1274 964 111 57 mum
1338 964 127 57 dico
1417 964 127 57 quod
1497 964 111 57 hoc
1561 964 223 57 argumentum
1736 964 111 57 non
1799 964 111 57 est
1863 964 143 57 multo
1943 964 111 57 magis

1275 1002 131 53 contra
1367 1002 105 53 hanc
1432 1002 183 53 positionem
1576 1002 105 53 quam
1642 1002 183 53 oppositam.
1786 1002 92 53 des
1838 1002 105 53 illi
1891 1002 157 53 solutionem

1277 1051 70 45 &
1305 1051 112 45 illa
1375 1051 112 45 mihi
1445 1051 195 45 sufficiet.
1598 1051 182 45 Propterea
1738 1051 98 45 pro
1794 1051 154 45 vtraque
1891 1051 154 45 positione

1279 1091 182 53 dicamus?
1415 1091 213 53 Argumentum
1582 1091 121 53 enim
1658 1091 167 53 aliquid
1780 1091 167 53 coloris
1901 1091 137 53 habet
1977 1091 76 53 dum

1286 1139 108 47 modo
1353 1139 108 47 homo
1420 1139 121 47 sciat
1501 1139 108 47 ipum
1569 1139 148 47 regere)
1677 1139 108 47 quod
1744 1139 94 47 pro
1798 1139 148 47 secunda
1892 1139 162 47 comestione

1278 1183 147 56 totali
1381 1183 118 56 homo
1455 1183 147 56 peccat
1558 1183 133 56 vnico
1647 1183 162 56 peccato
1765 1183 177 56 mortali:
1883 1183 162 56 similiter

1273 1222 89 66 in
1318 1222 148 66 tertia
1421 1222 221 66 comestione:
1598 1222 103 66 sed
1657 1222 103 66 non
1716 1222 103 66 pro
1775 1222 177 66 qualibet
1893 1222 148 66 comestio

1267 1269 79 53 ne
1306 1269 171 53 partiali:
1438 1269 119 53 sicut
1517 1269 92 53 cum
1570 1269 105 53 quis
1636 1269 158 53 intendit
1754 1269 158 53 occidere
1873 1269 145 53 hominem
1965 1269 92 53 fuste

1279 1322 103 48 vel
1338 1322 148 48 pugno,
1442 1322 103 48 non
1501 1322 103 48 est
1560 1322 118 48 nisi
1634 1322 103 48 vna
1693 1322 163 48 occisio
1811 1322 74 48 &
1841 1322 118 48 vnum
1900 1322 148 48 mortale.

1280 1361 93 51 non
1333 1361 106 51 enim
1399 1361 133 51 loquor
1492 1361 80 51 de
1532 1361 159 51 partibus
1652 1361 133 51 illius
1745 1361 173 51 mortalis:
1877 1361 93 51 sed
1917 1361 133 51 sufficit

1270 1405 112 52 mihi
1340 1405 112 52 quod
1410 1405 98 52 non
1466 1405 182 52 quaelibet
1607 1405 168 52 ipositio
1733 1405 140 52 carnis
1831 1405 98 52 vel
1888 1405 126 52 panis
1972 1405 84 52 in
2000 1405 56 52 os

1271 1446 157 55 reddat
1381 1446 189 55 mortale.
1523 1446 110 55 Sed
1586 1446 157 55 contra
1696 1446 141 55 istud
1790 1446 157 55 insto.
1900 1446 126 55 Pono
1963 1446 94 55 ali-

1282 1493 114 50 quem
1353 1493 100 50 qui
1410 1493 157 50 pransus
1525 1493 100 50 est
1582 1493 86 50 in
1625 1493 172 50 meridie:
1754 1493 100 50 sit
1811 1493 157 50 Sortes:
1911 1493 143 50 incipiat

1265 1538 201 43 comedere
1416 1538 134 43 hora
1499 1538 184 43 tertia:
1633 1538 84 43 &
1667 1538 184 43 comedat
1800 1538 201 43 paulatim
1951 1538 100 43 ad
1984 1538 67 43 ho

1273 1584 103 51 ram
1332 1584 147 51 sextam
1435 1584 147 51 vsque:
1537 1584 132 51 Plato
1625 1584 147 51 octies
1728 1584 161 51 comedat
1846 1584 73 51 &
1860 1584 191 51 interrumpat

1274 1626 231 53 comestionem.
1461 1626 173 53 arguitur
1591 1626 115 53 sic.
1663 1626 86 53 Ex
1706 1626 187 53 solutione
1850 1626 159 53 oportet
1951 1626 101 53 dice-

1280 1670 87 46 ce
1323 1670 174 46 Platonem
1454 1670 145 46 octies
1555 1670 116 46 plus
1628 1670 160 46 peccare
1744 1670 116 46 quam
1816 1670 145 46 Sortes
1918 1670 160 46 peccet:

1279 1711 112 53 quod
1349 1711 126 53 tamen
1433 1711 140 53 minime
1530 1711 154 53 videtur
1642 1711 182 53 dicendum:
1782 1711 98 53 cum
1838 1711 140 53 Sortes
1921 1711 126 53 diutius

1278 1759 169 52 continuet.
1411 1759 193 52 Respondetur.
1567 1759 193 52 consequentia
1724 1759 84 52 est
1773 1759 121 52 nulla.
1857 1759 109 52 Forte
1929 1759 109 52 tamen
1990 1759 60 52 con

1264 1802 154 58 sequens
1376 1802 98 58 est
1432 1802 140 58 verum,
1530 1802 112 58 quia
1600 1802 112 58 stat
1669 1802 140 58 Sortem
1767 1802 182 58 aduertere
1907 1802 84 58 ad
1935 1802 112 58 princi

1272 1846 125 52 pium
1351 1846 250 52 comestionis,
1554 1846 78 52 &
1585 1846 110 52 non
1648 1846 94 52 ad
1695 1846 297 52 continuationem.
1929 1846 110 52 Plato

1276 1888 131 43 autem
1364 1888 87 43 ex
1407 1888 102 43 sua
1466 1888 160 43 malitia
1582 1888 146 43 octies
1684 1888 189 43 distincte
1830 1888 175 43 comedens
1961 1888 73 43 &
1975 1888 73 43 vo-

1273 1931 109 49 lens
1341 1931 163 49 comedere
1464 1931 109 49 bene
1532 1931 136 49 potest
1627 1931 149 49 octiens
1735 1931 109 49 plus
1803 1931 149 49 peccare
1912 1931 109 49 quam
1966 1931 82 49 Sor-

1273 1979 116 47 tes.
1345 1979 102 47 sed
1403 1979 87 47 si
1447 1979 145 47 Sortes
1548 1979 145 47 toties
1650 1979 189 47 distincte
1795 1979 160 47 cogitet
1911 1979 87 47 de
1940 1979 102 47 come-

1269 2023 154 47 stione
1377 2023 185 47 quotiens
1515 2023 154 47 Plato:
1623 2023 170 47 quamuis
1747 2023 139 47 semel
1839 2023 170 47 comedat
1947 2023 93 47 come

1275 2066 128 50 stione
1365 2066 140 50 totali:
1467 2066 102 50 stat
1530 2066 102 50 quod
1594 2066 102 50 plus
1658 2066 89 50 vel
1709 2066 179 50 aequaliter
1850 2066 128 50 peccet
1939 2066 89 50 cum
1977 2066 64 50 Pla

1274 2108 113 49 tone.
1350 2108 164 49 propterea
1476 2108 76 49 in
1513 2108 138 49 omnibus
1614 2108 113 49 istis
1690 2108 164 49 currendum
1816 2108 88 49 est
1866 2108 76 49 ad
1904 2108 113 49 actus
1967 2108 76 49 inte

1267 2153 145 49 riores
1369 2153 73 49 &
1398 2153 102 49 non
1456 2153 218 49 exteriores.
1630 2153 73 49 ⁋
1659 2153 87 49 Ad
1703 2153 131 49 aliud
1790 2153 116 49 nego
1862 2153 116 49 quod
1920 2153 131 49 aliquis

1274 2195 98 53 est
1330 2195 183 53 perplexus
1471 2195 84 53 in
1513 2195 141 53 aliqua
1611 2195 127 53 lege.
1696 2195 84 53 de
1738 2195 112 53 illo
1808 2195 112 53 enim
1878 2195 98 53 qui
1921 2195 127 53 comedit

1271 2242 108 54 mane
1338 2242 135 54 quaero
1432 2242 81 54 ab
1472 2242 202 54 aduersario:
1634 2242 108 54 quid
1701 2242 148 54 deberet
1809 2242 135 54 facere
1903 2242 81 54 in
1930 2242 121 54 secunda

1272 2287 227 46 comestione.
1454 2287 76 46 &
1484 2287 136 46 sicut
1575 2287 121 46 ipse
1650 2287 197 46 respondet
1802 2287 227 46 respondebo.
1968 2287 76 46 pro

1273 2332 145 53 pterea
1374 2332 102 53 hoc
1432 2332 102 53 non
1490 2332 102 53 est
1548 2332 203 53 poderandum
1708 2332 145 53 contra
1809 2332 116 53 hanc
1867 2332 174 53 positionem

1274 2380 154 56 plusquam
1390 2380 128 56 contra
1480 2380 128 56 aliam.
1570 2380 116 56 Dico,
1647 2380 90 56 vel
1698 2380 154 56 aduertit
1814 2380 128 56 quando
1904 2380 103 56 mane
1955 2380 77 56 con-

1275 2418 116 49 edit:
1352 2418 90 49 vel
1404 2418 103 49 non.
1469 2418 77 49 si
1507 2418 168 49 secundum,
1636 2418 77 49 vt
1675 2418 168 49 plerumque
1804 2418 155 49 accidit,
1920 2418 90 49 est
1959 2418 77 49 sine

1271 2464 142 45 culpa
1366 2464 237 45 comedentis.
1555 2464 95 45 si
1602 2464 126 45 vero
1681 2464 173 45 comedat
1807 2464 142 45 parum
1886 2464 158 45 cogitans

1268 2508 67 49 &
1294 2508 147 49 sciens:
1401 2508 107 49 tunc
1468 2508 94 49 vel
1522 2508 134 49 potest
1616 2508 107 49 sine
1683 2508 161 49 laesione
1803 2508 94 49 sui
1857 2508 161 49 corporis
1964 2508 80 49 ieiu

1265 2553 128 44 nare:
1350 2553 100 44 vel
1407 2553 114 44 non.
1478 2553 85 44 Si
1521 2553 157 44 primum,
1635 2553 171 44 ieiunet:
1763 2553 85 44 si
1806 2553 100 44 non
1863 2553 157 44 potest,
1977 2553 100 44 non

1263 2597 207 53 obligatur.
1426 2597 133 53 sicut
1515 2597 178 53 mendicus
1648 2597 74 53 &
1678 2597 178 53 plerique
1811 2597 118 53 alii
1870 2597 163 53 deobligam

1264 2642 110 45 tur.
1333 2642 138 45 Dicis.
1429 2642 124 45 forte
1512 2642 96 45 est
1567 2642 83 45 ei
1608 2642 193 45 difficile.
1759 2642 83 45 Ex
1801 2642 138 45 dictis
1883 2642 165 45 solutionem

1255 2683 163 64 habes
1364 2683 145 64 quid
1454 2683 181 64 facere
1563 2683 163 64 debeat.
