2300 3323
375 328 121 75 a
423 328 290 75 Vbitatur
641 328 145 75 an
713 328 242 75 habens
858 328 145 75 hanc

379 394 84 64 as
421 394 197 64 nolitionem
576 394 84 64 in
618 394 140 64 fronte
716 394 253 64 quadragesimae:
913 394 84 64 nolc

407 441 174 63 ieiunare
537 441 116 63 vnum
610 441 116 63 diem
682 441 261 63 quadragesimae:
885 441 116 63 tantum

418 495 144 49 peccet
518 495 158 49 quantum
633 495 115 49 ille
705 495 101 49 qui
763 495 129 49 habet
835 495 173 49 quadragita

232 528 210 50 distinctas
397 528 210 50 nolitiones
562 528 180 50 cadentes
698 528 135 50 super
788 528 180 50 singulos
908 528 105 50 dies.

239 571 209 64 Respondetur
407 571 112 64 quod
476 571 112 64 non,
546 571 209 64 quemadmodum
714 571 112 64 stat
784 571 126 64 virum
853 571 154 64 occidendo

241 625 121 55 vnum
316 625 151 55 homine
422 625 151 55 tantum
528 625 166 55 peccare
649 625 166 55 quantum
770 625 197 55 occidendo
906 625 106 55 vigin

234 663 88 49 ti,
285 663 88 49 per
335 663 239 49 frequentationem
537 663 139 49 actuum.
638 663 88 49 Sed
688 663 88 49 hic
738 663 126 49 potest
827 663 101 49 quis
877 663 126 49 replica:

233 707 84 48 re
275 707 155 48 tenendo
388 707 113 48 quod
458 707 141 48 tertia
557 707 169 48 comestio
683 707 99 48 non
740 707 99 48 est
796 707 169 48 fractiua
908 707 99 48 ieiu-

225 755 106 49 nii:
291 755 106 49 quod
357 755 132 49 tertia
449 755 145 49 volitio
555 755 92 49 non
607 755 92 49 est
660 755 171 49 peccatum.
792 755 145 49 petendo
897 755 79 49 an
924 755 79 49 ille

226 796 108 59 qui
287 796 124 59 vult
365 796 170 59 secundo
488 796 201 59 comedere,
642 796 93 59 si
689 796 139 59 nihil
781 796 139 59 detur
874 796 93 59 ei
920 796 124 59 quod

233 843 168 52 comedat,
359 843 154 52 frangat
471 843 182 52 ieiunium:
611 843 98 52 iam
668 843 112 52 enim
738 843 98 52 est
794 843 210 52 difficultas
948 843 56 52 an

231 886 97 50 in
279 886 162 50 tertia
393 886 211 50 volitione
555 886 113 50 qua
620 886 130 50 vult
701 886 195 50 comedere
847 886 81 50 &
863 886 146 50 comedit

236 933 97 49 sit
291 933 152 49 fractio
402 933 152 49 ieiunii
513 933 111 49 quae
582 933 166 49 realiter
706 933 97 49 est
761 933 152 49 secunda
858 933 152 49 comestio.

233 973 139 62 Potest
331 973 97 62 hic
386 973 111 62 dici
456 973 111 62 quod
526 973 153 62 secunda
637 973 153 62 volitio
748 973 97 62 est
804 973 167 62 fractiua
916 973 97 62 ieiu-

235 1014 114 57 nii:
306 1014 128 57 licet
391 1014 100 57 non
448 1014 171 57 comedat:
576 1014 100 57 sed
633 1014 100 57 non
690 1014 313 57 irrecuperabiliter.
946 1014 57 57 si

238 1072 118 46 enim
312 1072 222 46 poenitudine
490 1072 118 46 illo
563 1072 103 46 die
623 1072 177 46 ducatur:
756 1072 163 46 incipit
874 1072 118 46 esse
933 1072 74 46 ie-

233 1104 140 51 iunium.
335 1104 128 51 Simile
425 1104 89 51 est
476 1104 77 51 de
514 1104 102 51 illa
578 1104 102 51 quae
642 1104 89 51 per
693 1104 115 51 actum
769 1104 179 51 voluntatis
897 1104 115 51 desinit

235 1148 116 57 esse
308 1148 131 57 virgo
395 1148 73 57 /
424 1148 73 57 &
454 1148 145 57 rursus
555 1148 116 57 post
628 1148 233 57 poenitentiam
817 1148 160 57 incipit
919 1148 87 57 esse

235 1205 144 44 virgo.
335 1205 101 44 sed
393 1205 115 44 post
465 1205 144 44 realem
566 1205 216 44 comestionem
739 1205 187 44 secundam,
869 1205 144 44 irrecupe

232 1236 177 52 rabiliter
369 1236 163 52 perditur
491 1236 177 52 ieiunium:
627 1236 123 52 sicut
709 1236 191 52 virginitas
859 1236 82 52 in
900 1236 109 52 illa
954 1236 41 52 e

241 1280 206 59 actualiter
403 1280 235 59 cognoscitur:
594 1280 73 59 &
623 1280 117 59 ille
697 1280 88 59 in
741 1280 147 59 tertia
829 1280 176 59 comestione

237 1326 104 49 vel
297 1326 149 49 quarta
401 1326 104 49 dum
461 1326 179 49 realiter
595 1326 179 49 comedit:
715 1326 283 49 irrecuperabiliter

233 1369 157 58 frangit
347 1369 171 58 ieiunium
475 1369 143 58 illius
575 1369 128 58 diei.
661 1369 100 58 Sed
718 1369 86 58 si
761 1369 114 58 quis
832 1369 143 58 habeat
917 1369 86 58 tres

240 1419 222 49 volitiones
414 1419 111 49 vel
478 1419 158 49 plures
589 1419 206 49 frangendi
747 1419 206 49 ieiunium:
905 1419 79 49 &
937 1419 111 49 non

237 1458 174 52 comedat:
368 1458 87 52 si
412 1458 102 52 non
470 1458 174 52 sequatur
600 1458 232 52 poenitentia:
789 1458 145 52 tertia
876 1458 131 52 volitio

233 1512 99 48 non
289 1512 99 48 est
346 1512 183 48 peccatum:
487 1512 99 48 sed
543 1512 127 48 solum
628 1512 169 48 secunda.
755 1512 71 48 &
783 1512 127 48 causa
868 1512 113 48 est:
924 1512 85 48 quia

236 1550 139 54 tertia
333 1550 97 54 iam
389 1550 153 54 reperit
500 1550 166 54 ieiunium
625 1550 166 54 fractum.
749 1550 97 54 sed
805 1550 83 54 si
833 1550 180 54 poenituerit

238 1591 117 48 ante
312 1591 146 48 realem
414 1591 234 48 comestionem:
605 1591 117 48 etsi
678 1591 161 48 viginti
795 1591 205 48 volitiones
941 1591 59 48 so

242 1638 93 47 lum
295 1638 186 47 interiores
441 1638 146 47 habuit:
548 1638 67 47 &
574 1638 93 47 non
628 1638 120 47 actum
707 1638 200 47 exteriorem:
867 1638 120 47 licet
933 1638 67 47 sem

236 1683 112 58 per
300 1683 128 58 vnus
380 1683 144 58 actus
476 1683 128 58 puta
556 1683 160 58 primus
667 1683 128 58 post
747 1683 160 58 realem
843 1683 160 58 comestio

238 1722 105 59 nem
298 1722 105 59 sit
358 1722 195 59 peccatum:
508 1722 105 59 vel
568 1722 180 59 secundus
704 1722 135 59 actus
794 1722 120 59 post
854 1722 150 59 volitio-

239 1764 101 60 nem
296 1764 130 60 solum
383 1764 217 60 interiorem:
556 1764 159 60 reliqui
672 1764 130 60 actus
758 1764 101 60 non
816 1764 116 60 sunt
874 1764 130 60 peccata

245 1812 85 51 si
287 1812 99 51 non
344 1812 156 51 accedat
457 1812 255 51 intemperantia.
669 1812 113 51 tunc
740 1812 113 51 enim
811 1812 142 51 quando
896 1812 113 51 Sortes

247 1859 88 59 in
291 1859 117 59 fine
365 1859 176 59 vigesimi
497 1859 132 59 actus
585 1859 191 59 poenitet:
731 1859 132 59 adhuc
819 1859 132 59 verum
907 1859 103 59 est
951 1859 59 59 di

244 1902 122 55 cere,
326 1902 136 55 Sortes
421 1902 95 55 est
476 1902 150 55 ieiunus
584 1902 150 55 ieiunio
693 1902 190 55 ecclesiae,
843 1902 122 55 licet
911 1902 95 55 pecca

237 1944 146 49 uerit.
340 1944 88 49 Et
384 1944 146 49 rursus
486 1944 132 49 actus
574 1944 161 49 sequens
691 1944 234 49 poenitentiam
881 1944 102 49 est
925 1944 88 49 pec-

235 2001 133 48 catum
324 2001 74 48 &
353 2001 192 48 fractiuus
501 2001 177 48 ieiunii.
664 2001 89 48 Ex
708 2001 118 48 illo
782 2001 133 48 habes
871 2001 118 48 quod
930 2001 74 48 poe

242 2034 168 54 nitentia
368 2034 98 54 est
424 2034 182 54 partialis
564 2034 126 54 causa
648 2034 126 54 quare
732 2034 126 54 actus
816 2034 98 54 est
858 2034 154 54 peccatum:

245 2079 95 56 qui
300 2079 163 56 alioquin
422 2079 95 56 non
476 2079 122 56 esset
558 2079 177 56 peccatum.
694 2079 163 56 Exemplum
816 2079 81 56 in
857 2079 149 56 simili:
952 2079 54 56 ne

237 2120 193 56 terrearis
386 2120 104 56 hoc
445 2120 208 56 concedere.
609 2120 223 56 Poenitentia
787 2120 104 56 est
847 2120 134 56 causa
936 2120 104 56 qua

244 2173 88 45 re
288 2173 175 45 perditur
420 2173 219 45 virginitas:
595 2173 102 45 vbi
653 2173 88 45 si
697 2173 102 45 non
755 2173 131 45 esset
828 2173 190 45 poenitentia

239 2211 101 48 non
296 2211 217 48 amitteretur
470 2211 217 48 virginitas.
643 2211 101 48 nam
700 2211 173 48 postquam
830 2211 144 48 aliqua
917 2211 101 48 commi

239 2253 112 56 sit
303 2253 144 56 actum
399 2253 240 56 meretricium
591 2253 128 56 vnum
670 2253 112 56 vel
734 2253 176 56 plures:
846 2253 160 56 secundus

249 2298 137 49 actus
340 2298 106 49 non
401 2298 167 49 frangit
522 2298 258 49 virginitatem:
735 2298 122 49 quia
811 2298 106 49 iam
872 2298 106 49 est
918 2298 91 49 amis

244 2342 87 54 sa
287 2342 101 54 per
345 2342 145 54 primum
446 2342 145 54 actum.
547 2342 101 54 sed
605 2342 87 54 si
648 2342 202 54 resipiscat
808 2342 145 54 mulier
909 2342 72 54 &
923 2342 87 54 duca

243 2393 113 48 tur
307 2393 258 48 poenitudine:
517 2393 145 48 actus
613 2393 258 48 corruptionis
823 2393 177 48 proxime
935 2393 81 48 se-

250 2431 126 62 quens
334 2431 98 62 est
390 2431 182 62 fractiuus
530 2431 168 62 realiter
655 2431 238 62 virginitatis.
851 2431 98 62 Sic
907 2431 98 62 est
963 2431 84 62 in

246 2483 188 53 proposito:
393 2483 67 53 &
420 2483 94 53 est
474 2483 134 53 omnino
567 2483 148 53 simile.
675 2483 107 53 nisi
742 2483 107 53 quod
809 2483 94 53 hic
862 2483 94 53 non
903 2483 107 53 semper

237 2519 180 61 peccatur
372 2519 105 61 per
432 2519 196 61 quemlibet
583 2519 135 61 actum
673 2519 90 61 in
718 2519 180 61 ieiunio:
854 2519 90 61 vt
884 2519 135 61 positio

257 2562 134 55 tenet:
350 2562 120 55 secus
430 2562 94 55 est
484 2562 80 55 in
524 2562 107 55 actu
591 2562 227 55 impudicitiae.
778 2562 200 55 Poenitentia
925 2562 94 55 etiam

252 2613 104 51 est
312 2613 134 51 causa
401 2613 134 51 quare
490 2613 134 51 actus
579 2613 178 51 secundus
712 2613 104 51 est
772 2613 134 51 maius
846 2613 163 51 peccatum,

243 2660 163 53 propter
361 2660 281 53 ingratitudinem.
598 2660 177 53 postquam
731 2660 118 53 enim
805 2660 118 53 deus
864 2660 148 53 pepercit

243 2701 205 69 peccatori:
405 2701 117 69 ille
478 2701 103 69 est
537 2701 176 69 ingratus
669 2701 103 69 qui
728 2701 161 69 recidit
845 2701 88 69 in
874 2701 147 69 peccatum

1080 327 109 67 seu
1143 327 218 67 recidiuat:
1314 327 94 67 vt
1361 327 156 67 postea
1471 327 187 67 dicemus.
1642 327 172 67 Insuper
1751 327 94 67 vir-

1077 386 102 56 tus
1136 386 102 56 est
1194 386 132 56 causa
1282 386 161 56 maioris
1399 386 161 56 peccati
1516 386 88 56 de
1560 386 102 56 per
1619 386 190 56 accidens.
1750 386 88 56 For-

1074 430 87 51 te
1118 430 145 51 dicis.
1220 430 145 51 melius
1322 430 102 51 est
1380 430 145 51 dicere
1482 430 189 51 quamlibet
1627 430 204 51 volitionem
1772 430 73 51 vbi

1072 475 102 50 non
1131 475 102 50 est
1189 475 175 50 comestio
1321 475 190 50 exterior,
1467 475 117 50 esse
1540 475 175 50 peccatum
1672 475 73 50 &
1686 475 161 50 fractiuam

1067 516 201 61 ieiunii.
1218 516 185 61 Contra.
1352 516 134 61 pono
1436 516 151 61 duos:
1537 516 168 61 Sortem
1654 516 84 61 &
1671 516 168 61 Platonem

1078 563 114 58 qui
1143 563 162 58 habent
1256 563 130 58 duos
1337 563 146 58 actus
1435 563 227 58 distinctos
1613 563 81 58 &
1629 563 211 58 interruptos

1069 603 195 47 frangendi
1219 603 195 47 ieiunium:
1369 603 135 47 Sorti
1459 603 135 47 datur
1550 603 120 47 quod
1625 603 180 47 comedat,
1745 603 105 47 Plato

1065 647 93 55 ni
1111 647 155 55 nihil.
1219 647 186 55 Arguitur
1359 647 124 55 sic:
1436 647 155 55 Sortes
1544 647 155 55 tertio
1653 647 186 55 comedens
1777 647 77 55 non

1076 690 144 56 peccat
1176 690 101 56 per
1234 690 216 56 positionem:
1406 690 101 56 nec
1464 690 158 56 quarto,
1579 690 115 56 ergo
1651 690 129 56 neque
1723 690 115 56 Plato-

1081 732 182 60 Alioquin
1218 732 137 60 actus
1309 732 182 60 exterior
1446 732 167 60 aliquid
1567 732 182 60 malitiae
1704 732 137 60 actui
1780 732 61 60 in

1076 779 151 62 teriori
1186 779 206 62 superaddet:
1351 779 110 62 quod
1419 779 124 62 alibi
1502 779 192 62 reprobatum
1653 779 110 62 est.
1721 779 110 62 ergo
1776 779 69 62 pri

1065 822 125 52 mus
1137 822 161 52 modus
1244 822 125 52 est
1315 822 321 52 rationabilior.
1582 822 143 52 Huic
1654 822 196 52 argumento

1078 869 131 50 potes
1166 869 219 50 respondere:
1341 869 131 50 licet
1429 869 131 50 actus
1517 869 205 50 interiores
1677 869 117 50 sint
1736 869 102 50 pares

1068 917 94 47 in
1115 917 156 47 specie
1224 917 218 47 essentiali
1396 917 78 47 &
1427 917 234 47 entitatiua:
1614 917 125 47 sunt
1692 917 140 47 tamen
1770 917 78 47 im-

1069 954 124 65 pares
1152 954 83 65 in
1194 954 263 65 imputabilitate:
1415 954 152 65 propter
1525 954 235 65 prohibitionem
1705 954 152 65 ecclesiae

1073 1002 117 46 non
1140 1002 218 46 imputatis
1308 1002 251 46 comestionem
1508 1002 184 46 tertiam
1642 1002 117 46 vel
1692 1002 151 46 volunta

1070 1049 116 42 tem
1137 1049 150 42 eius:
1237 1049 200 42 quousque
1386 1049 166 42 fuerit
1503 1049 166 42 exitus
1619 1049 100 42 in
1669 1049 166 42 actum.
1769 1049 83 42 Po-

1072 1090 110 51 test
1141 1090 96 51 hic
1196 1090 110 51 dari
1265 1090 179 51 analogia,
1402 1090 82 51 si
1443 1090 220 51 prohiberetur
1622 1090 137 51 alicui
1705 1090 137 51 frangere

1071 1137 147 45 vitrum:
1177 1137 173 45 quaelibet
1311 1137 147 45 volitio
1418 1137 173 45 frangendi
1551 1137 133 45 vitrum
1644 1137 147 45 quamdiu
1751 1137 93 45 est
1805 1137 80 45 in

1067 1178 151 48 tegrum:
1177 1178 96 48 est
1232 1178 179 48 peccatum:
1370 1178 96 48 non
1425 1178 124 48 autem
1508 1178 151 48 postea.
1618 1178 96 48 Cui
1673 1178 124 48 magis
1742 1178 110 48 placet

1079 1221 108 55 haec
1146 1221 148 55 solutio
1254 1221 108 55 quam
1321 1221 135 55 prior,
1415 1221 202 55 amplectatur
1577 1221 108 55 eam:
1644 1221 67 55 &
1671 1221 148 55 videtur
1765 1221 81 55 secu

1069 1269 132 49 rior:
1157 1269 103 49 cum
1216 1269 176 49 ieiunium
1348 1269 103 49 sit
1407 1269 132 49 adhuc
1495 1269 249 49 recuperabile.
1700 1269 132 49 secus
1774 1269 73 49 est

1073 1312 157 49 postquam
1191 1312 157 49 perditur
1308 1312 91 49 per
1360 1312 131 49 exitum
1452 1312 78 49 in
1491 1312 183 49 exteriorem
1635 1312 131 49 actum.
1726 1312 91 49 Sed
1766 1312 78 49 con-

1065 1356 119 52 tra.
1140 1356 164 52 ponamus
1259 1356 119 52 quod
1333 1356 164 52 aliquis
1453 1356 149 52 habeat
1557 1356 119 52 hanc
1631 1356 209 52 nolitionem
1795 1356 89 52 in

1075 1396 153 55 fronte
1182 1396 275 55 quadragesimae,
1411 1396 122 55 nolo
1488 1396 184 55 ieiunare
1626 1396 122 55 vnum
1702 1396 122 55 diem
1779 1396 107 55 qua

1066 1442 229 55 dragesimae:
1249 1442 91 55 is
1294 1442 137 55 nulla
1386 1442 107 55 die
1447 1442 183 55 sequenti
1584 1442 183 55 comedens
1706 1442 137 55 peccat.

1081 1483 135 54 Forte
1171 1483 150 54 dicis.
1276 1483 165 54 confusa
1396 1483 165 54 nolitio
1516 1483 105 54 non
1576 1483 195 54 sufficit.
1711 1483 135 54 Contra.

1069 1526 169 53 saltem
1187 1526 101 53 si
1238 1526 152 53 primo
1340 1526 118 53 die
1407 1526 135 53 quis
1492 1526 203 53 habuerit
1627 1526 220 53 quadraginta

1076 1574 227 55 distinctas
1254 1574 243 55 nolitiones:
1448 1574 113 55 non
1513 1574 194 55 peccabit
1659 1574 97 55 in
1691 1574 162 55 posterum

1068 1623 206 43 comedens.
1226 1623 253 43 Respondetur,
1432 1623 111 43 non
1495 1623 206 43 sequitur,
1653 1623 127 43 quia
1717 1623 127 43 requi-

1065 1668 127 54 ritur
1150 1668 155 54 nolitio
1262 1668 85 54 in
1305 1668 113 54 illo
1375 1668 113 54 die.
1446 1668 85 54 si
1488 1668 141 54 namque
1587 1668 99 54 ego
1643 1668 113 54 nunc
1714 1668 99 54 per
1756 1668 85 54 duos

1065 1714 125 47 dies
1143 1714 249 47 praecedentes
1346 1714 203 47 profestum
1502 1714 234 47 natiuitatis
1689 1714 140 47 nolim
1767 1714 93 47 ieiu

1064 1755 136 59 nare:
1154 1755 106 59 non
1215 1755 196 59 propterea
1366 1755 136 59 tamen
1456 1755 166 59 excusor
1577 1755 91 59 in
1623 1755 121 59 ipso
1683 1755 166 59 profesto.

1074 1795 242 51 quemadmodum
1268 1795 97 51 si
1316 1795 129 51 nunc
1397 1795 178 51 secundo
1526 1795 210 51 comederem
1688 1795 129 51 pro.
1752 1795 97 51 illo

1068 1848 125 48 die:
1147 1848 110 48 non
1209 1848 94 48 me
1256 1848 235 48 deobligarem
1444 1848 78 48 a
1476 1848 172 48 ieiunio
1601 1848 188 48 profesti
1727 1848 125 48 natiui

1066 1888 147 46 tatis,
1169 1888 103 46 cum
1228 1888 132 46 adhuc
1316 1888 147 46 possem
1419 1888 177 46 ieiunare
1552 1888 118 46 illo
1625 1888 118 46 die.
1699 1888 132 46 secus
1772 1888 74 46 est

1074 1934 123 46 post
1150 1934 230 46 comestionem
1334 1934 92 46 in
1380 1934 123 46 ipso
1457 1934 107 46 die
1519 1934 184 46 ieiunii:
1657 1934 107 46 cum
1703 1934 153 46 ieiunium

1073 1968 119 50 sit
1141 1968 119 50 iam
1192 1968 169 50 fractum.

1111 2010 245 82 Secundo
1289 2010 289 82 dubitatur
1511 2010 133 82 de
1556 2010 289 82 dispensatio

1083 2069 88 72 ne
1127 2069 248 72 lacticiniorum
1331 2069 88 72 in
1375 2069 175 72 dioecesi
1506 2069 146 72 sancti
1609 2069 175 72 Andreae,
1725 2069 117 72 videtu

1078 2127 116 52 quod
1150 2127 130 52 parum
1237 2127 159 52 prosit.
1352 2127 101 52 Tum
1410 2127 116 52 quod
1482 2127 101 52 Iac
1540 2127 72 52 &
1569 2127 145 52 pisces
1670 2127 130 52 simul
1743 2127 101 52 gene-

1071 2179 124 42 rant
1148 2179 154 42 morbos
1256 2179 77 42 &
1287 2179 216 42 potissimum
1457 2179 170 42 lepram:
1580 2179 93 42 vt
1627 2179 185 42 Auicenna
1750 2179 93 42 pri-

1070 2216 93 56 mo
1116 2216 155 56 canone
1225 2216 124 56 Fen.
1302 2216 124 56 iii.
1380 2216 155 56 dicit.
1488 2216 171 56 Experti
1612 2216 155 56 quoque
1721 2216 124 56 Indi
1798 2216 78 56 /
1814 2216 47 56 &

1081 2257 111 54 alii
1151 2257 167 54 dixerunt
1276 2257 111 54 quod
1345 2257 97 54 Iac
1401 2257 97 54 cum
1457 2257 167 54 acetosis
1582 2257 97 54 non
1637 2257 97 54 est
1679 2257 167 54 comedendum

1072 2307 126 45 neque
1156 2307 140 45 pisces
1254 2307 98 45 cum
1310 2307 140 45 lacte:
1408 2307 154 45 quoniam
1519 2307 224 45 aegritudines
1687 2307 154 45 producunt

1081 2347 232 53 perniciosas
1266 2347 77 53 &
1297 2347 170 53 lepram.
1421 2347 108 53 Tum
1482 2347 170 53 secudo,
1606 2347 108 53 non
1668 2347 139 53 credo
1745 2347 93 53 ali-

1091 2388 113 57 quam
1161 2388 141 57 partem
1260 2388 141 57 illius
1359 2388 183 57 dioecesis
1500 2388 155 57 distare
1613 2388 71 57 a
1641 2388 113 57 mari
1698 2388 155 57 quindecim

1081 2437 156 51 leucis:
1194 2437 99 51 vbi
1251 2437 99 51 est
1308 2437 199 51 abundantia
1464 2437 170 51 piscium.
1592 2437 114 51 ergo
1663 2437 128 51 causa
1733 2437 114 51 dispen

1073 2481 129 52 sandi
1159 2481 101 52 est
1216 2481 273 52 irrationabilis.
1475 2481 230 52 Respondetur.
1647 2481 187 52 dispensatio

1080 2527 105 49 est
1140 2527 255 49 rationabilis,
1350 2527 105 49 non
1410 2527 120 49 enim
1486 2527 210 49 comeduntur
1651 2527 150 49 pisces
1741 2527 105 49 simul

1071 2565 104 53 cum
1131 2565 149 53 lacte,
1235 2565 104 53 sed
1295 2565 119 53 nunc
1369 2565 119 53 hoc,
1444 2565 119 53 nunc
1518 2565 134 53 illi.
1608 2565 89 53 Ad
1652 2565 134 53 aliud
1742 2565 104 53 vbi
1786 2565 60 53 di

1082 2616 91 57 cis
1134 2616 104 57 esse
1199 2616 194 57 abundantiam
1354 2616 156 57 piscium:
1471 2616 91 57 non
1523 2616 130 57 semper
1614 2616 143 57 propter
1717 2616 130 57 frigus
1795 2616 39 57 &

1086 2652 147 51 ventum
1189 2652 191 51 capiuntur
1336 2652 161 51 pisces.
1453 2652 147 51 Solent
1556 2652 103 51 vbi
1614 2652 176 51 oriundus
1746 2652 103 51 sum
1790 2652 59 51 no

1075 2701 113 62 stri
1145 2701 197 62 piscatores
1300 2701 169 62 irrideri
1427 2701 99 62 per
1484 2701 127 62 motum
1568 2701 169 62 arborum:
1695 2701 85 62 ac
1737 2701 85 62 si
1765 2701 99 62 dice
