2341 3317
436 310 112 65 rent
506 310 154 65 communi
618 310 182 65 deuerbio,
757 310 112 65 diem
827 310 112 65 esse
897 310 154 65 ineptum
1009 310 98 65 pro
1050 310 154 65 capiendis

440 370 172 55 piscibus,
572 370 106 55 quod
638 370 119 55 solet
718 370 159 55 accidere
837 370 79 55 in
877 370 119 55 vere:
956 370 106 55 tunc
1023 370 106 55 enim
1089 370 66 55 &
1115 370 79 55 in
1142 370 66 55 au-

436 413 125 55 tumno
519 413 139 55 maxime
617 413 139 55 vigent
714 413 139 55 venti.
811 413 125 55 lstud
895 413 125 55 etiam
978 413 97 55 est
1033 413 153 55 licitum
1131 413 83 55 apud

437 460 171 63 Paganos
562 460 187 63 habentes
702 460 234 63 lacticinia,
889 460 156 63 quibus
998 460 109 63 non
1045 460 171 63 suppetunt

448 501 152 63 semper
554 501 182 63 pecuniae
691 501 91 63 ad
736 501 228 63 comparandos
903 501 137 63 pisces.

462 552 107 91 â‹
504 552 129 91 Ex
569 552 150 91 his
655 552 236 91 liquere
827 552 258 91 arbitror
998 552 215 91 problema

445 635 129 50 ticum
531 635 129 50 esse.
617 635 86 50 an
660 635 143 50 tertio
760 635 172 50 comedens
889 635 86 50 in
932 635 100 50 die
990 635 158 50 ieiunii
1090 635 129 50 frangat

440 676 184 54 leiunium.
582 676 99 54 hoc
638 676 99 54 est
695 676 142 54 peccet
794 676 156 54 peccato
907 676 170 54 fractiuo
1035 676 170 54 ieiunii.
1148 676 57 54 Et

450 718 117 50 licet
528 718 170 50 vsitatius
659 718 104 50 pars
724 718 157 50 negatiua
842 718 170 50 teneatur:
972 718 117 50 nulla
1050 718 117 50 tamen
1116 718 91 50 ratio

449 768 138 46 currens
550 768 88 46 pro
600 768 75 46 ea
637 768 88 46 est
688 768 201 46 peremptoria.
851 768 113 46 Satis
926 768 113 46 tamen
1001 768 100 46 vero
1064 768 125 46 simile
1139 768 75 46 est:

450 814 107 51 quod
516 814 160 51 ecclesia
637 814 94 51 non
690 814 160 51 intendit
810 814 147 51 hominem
917 814 160 51 obligare
1037 814 107 51 nisi
1104 814 80 51 ad
1131 814 80 51 ieiu

449 860 107 46 nium
515 860 107 46 vnum
582 860 80 46 in
622 860 107 46 die.
688 860 93 46 hoc
742 860 107 46 est:
808 860 80 46 si
848 860 93 46 non
902 860 226 46 intemperanter
1075 860 133 46 comedat,

442 893 71 58 p
470 893 157 58 eccabit
585 893 171 58 duntaxat
713 893 100 58 vno
770 893 171 58 peccato.
899 893 186 58 Ecclesiae
1042 893 129 58 autem
1113 893 100 58 ieiu-

442 941 108 49 nia
503 941 77 49 a
534 941 248 49 consuetudine
736 941 217 49 potissimum
906 941 294 49 deprehenduntur:
1139 941 77 49 nec

441 982 147 52 oportet
548 982 147 52 exactam
655 982 107 52 dare
721 982 174 52 rationem:
855 982 147 52 quaeare
962 982 80 52 in
1002 982 160 52 profesto
1109 982 107 52 sancti

441 1026 191 55 Laurentii
588 1026 205 55 ieiunetur:
749 1026 73 55 &
779 1026 103 55 non
837 1026 205 55 Sebastiani
999 1026 103 55 vel
1043 1026 161 55 Vincentii

449 1070 84 49 In
491 1070 154 49 talibus
603 1070 112 49 enim
673 1070 168 49 sufficit
799 1070 168 49 voluntas
926 1070 182 49 ecclesiae
1066 1070 112 49 vnum
1122 1070 98 49 ieiu-

449 1123 105 40 nium
514 1123 209 40 instituentis
684 1123 65 40 &
711 1123 92 40 non
763 1123 131 40 aliud.
855 1123 92 40 sed
907 1123 79 40 vt
946 1123 144 40 omnibus
1038 1123 170 40 satisfaciat

434 1158 195 65 imposuit
580 1158 211 65 Gregorius
743 1158 179 65 Quartus
873 1158 195 65 ieiunium
1019 1158 163 65 omnium
1116 1158 98 65 san-

439 1203 154 57 ctorum:
551 1203 70 57 &
579 1203 168 57 eorundem
705 1203 154 57 festum:
817 1203 70 57 a
845 1203 98 57 quo
901 1203 140 57 nullus
999 1203 98 57 est
1055 1203 154 57 sanctus
1167 1203 84 57 in

445 1255 139 51 patria
542 1255 97 51 qui
598 1255 208 51 secludatur.
764 1255 125 51 cuius
847 1255 222 51 transgressio
1028 1255 97 51 est
1083 1255 125 51 maior
1153 1255 69 51 hoc

446 1293 106 55 anno
512 1293 93 55 qui
565 1293 106 55 alio
631 1293 212 55 praecedente.
803 1293 119 55 Ratio
882 1293 106 55 est:
948 1293 146 55 quoniam
1054 1293 132 55 plures
1134 1293 79 55 sunt

452 1335 125 59 sancti
540 1335 75 59 in
578 1335 125 59 patria
665 1335 100 59 isto
728 1335 100 59 anno
790 1335 100 59 quae
853 1335 100 59 anno
916 1335 188 59 praeterito.
1066 1335 63 59 &
1091 1335 88 59 per
1128 1335 88 59 conse

448 1380 129 58 quens
534 1380 158 58 grauior
648 1380 115 58 erit
720 1380 229 58 transgressio
906 1380 172 58 continuo
1035 1380 201 58 ascendendo

448 1434 166 48 posterum
573 1434 166 48 caeteris
697 1434 166 48 paribus.
821 1434 83 48 Et
863 1434 124 48 licet
946 1434 152 48 fractio
1056 1434 138 48 illius
1139 1434 83 48 ieiu

449 1478 95 49 nii
504 1478 95 49 sit
558 1478 149 49 grauior
667 1478 95 49 qui
721 1478 149 49 fractio
829 1478 149 49 ieiunii
938 1478 163 49 alterius
1060 1478 149 49 sancti:
1155 1478 68 49 si-

452 1511 98 64 cut
508 1511 155 64 fractio
621 1511 169 64 profesti
747 1511 155 64 Simonis
860 1511 70 64 &
888 1511 127 64 ludae
972 1511 98 64 est
1028 1511 155 64 grauior
1127 1511 84 64 quam

449 1553 120 61 vnius
529 1553 133 61 sancti
622 1553 147 61 similis
728 1553 93 61 vni
782 1553 133 61 eorum:
875 1553 93 61 non
928 1553 120 61 tamen
1008 1553 120 61 maior
1088 1553 107 61 erit
1141 1553 67 61 qua

442 1602 232 50 transgressio
630 1602 145 50 omnium
731 1602 174 50 aliorum,
861 1602 217 50 quemadmodum
1035 1602 159 50 possunt
1136 1602 87 50 dari

454 1649 137 55 pauci
545 1649 137 55 actus
636 1649 197 55 distincti
788 1649 121 55 mali
864 1649 228 55 exuperantes
1046 1649 91 55 in
1076 1649 137 55 malitia

459 1697 106 52 vnum
525 1697 119 52 actum
604 1697 119 52 malum
684 1697 106 52 plus
750 1697 159 52 malitiae
869 1697 146 52 habetem
975 1697 79 52 ex
1014 1697 119 52 parte
1094 1697 159 52 obiecti:

455 1735 84 53 vt
497 1735 113 53 volo
568 1735 169 53 occidere
694 1735 127 53 mille
779 1735 155 53 homines
891 1735 99 53 per
948 1735 113 53 vnum
1018 1735 141 53 actum,
1116 1735 70 53 &
1145 1735 113 53 pau-

449 1774 97 63 cos
505 1774 153 63 homines
616 1774 97 63 per
672 1774 139 63 varios
769 1774 139 63 actus.
867 1774 84 63 Ex
909 1774 111 63 isto
978 1774 125 63 patet
1062 1774 111 63 quod
1118 1774 111 63 aliqui

452 1820 127 53 sancti
541 1820 153 53 coluntur
656 1820 76 53 in
694 1820 191 53 particulari
847 1820 76 53 in
885 1820 166 53 ecclesia:
1013 1820 89 53 qui
1063 1820 115 53 etiam
1127 1820 102 53 inclu-

448 1868 153 51 duntur
555 1868 92 51 in
601 1868 107 51 hoc
662 1868 214 51 vniuersali
830 1868 153 51 festo.
937 1868 77 51 â‹
968 1868 138 51 Licet
1060 1868 138 51 autem
1136 1868 92 51 homo

460 1909 78 54 non
505 1909 145 54 obligetur
616 1909 67 54 ad
650 1909 101 54 plura
717 1909 123 54 ieiunia
806 1909 89 54 quam
862 1909 201 54 praecipiantur:
1030 1909 112 54 potest
1108 1909 101 54 tamen
1164 1909 56 54 ie-

454 1960 142 42 iunare
553 1960 85 42 in
596 1960 142 42 diebus
695 1960 185 42 dominicis
837 1960 71 42 /
866 1960 71 42 &
894 1960 128 42 inter
979 1960 142 42 pascha
1079 1960 71 42 &
1093 1960 142 42 penteco-

454 1996 116 63 sten
526 1996 87 63 si
569 1996 188 63 voluerit.
714 1996 87 63 De
757 1996 145 63 diebus
858 1996 188 63 dominicis
1003 1996 145 63 probat
1090 1996 130 63 Augusti

461 2046 97 51 nus
516 2046 83 51 in
558 2046 138 51 quadam
654 2046 179 51 epistola,
792 2046 97 51 hoc
848 2046 138 51 licite
944 2046 124 51 poste
1027 2046 124 51 fieri
1096 2046 124 51 exemplo

462 2089 190 46 Christi:
605 2089 238 46 quadraginta
795 2089 127 46 dies
874 2089 206 46 continuos
1017 2089 206 46 ieiunantis.

453 2129 129 52 ldem
533 2129 145 52 tenet
630 2129 225 52 Hieronymus
807 2129 97 52 ad
856 2129 209 52 Lucianum.
1017 2129 113 52 Nec
1081 2129 145 52 valet
1162 2129 64 52 di

452 2179 111 51 ctum
521 2179 166 51 Martini,
646 2179 111 51 quod
716 2179 97 51 hoc
771 2179 97 51 per
827 2179 111 51 iura
896 2179 194 51 posteriora
1049 2179 97 51 sit
1090 2179 139 51 vetitum:

472 2215 113 65 quia
543 2215 85 65 de
585 2215 99 65 hoc
642 2215 85 65 no
684 2215 170 65 constat,
812 2215 113 65 quod
883 2215 128 65 patet
968 2215 85 65 ex
1010 2215 142 65 signo:
1110 2215 113 65 quia
1166 2215 57 65 Ap

461 2272 149 48 paratus
570 2272 163 48 diligens
692 2272 122 48 iuris
774 2272 177 48 collector
910 2272 122 48 dicit
991 2272 122 48 illud
1073 2272 149 48 licere:
1168 2272 54 48 ni

453 2308 86 50 si
496 2308 115 50 fiat
568 2308 86 50 ob
611 2308 201 50 contemptum
769 2308 101 50 vel
826 2308 158 50 putando
941 2308 86 50 id
985 2308 115 50 esse
1042 2308 187 50 necessarium

458 2354 116 48 more
530 2354 232 48 Manicheorum,
718 2354 116 48 quod
791 2354 145 48 videre
892 2354 101 48 est
950 2354 87 48 de
993 2354 188 48 consecra.
1124 2354 101 48 dist.

455 2397 105 48 lii.
520 2397 92 48 in.
573 2397 79 48 c.
612 2397 157 48 Placuit.
730 2397 92 48 ca.
783 2397 171 48 leiunium.
914 2397 66 48 &
940 2397 92 48 ca.
993 2397 79 48 Ne
1032 2397 118 48 quis.
1098 2397 131 48 Martinus

455 2444 120 43 tamen
535 2444 120 43 dicit
615 2444 120 43 illud
695 2444 133 43 fuisse
788 2444 133 43 cuidam
881 2444 133 43 sancto
975 2444 173 43 reuelatum
1108 2444 107 43 quod
1161 2444 67 43 non

465 2485 189 47 leiunaretur
616 2485 126 47 diebus
704 2485 176 47 dominicis.
842 2485 88 47 sed
893 2485 101 47 illa
956 2485 151 47 probatio
1069 2485 88 47 non
1106 2485 126 47 sufficit

454 2532 109 55 nisi
523 2532 136 55 melius
618 2532 136 55 doceat
713 2532 82 55 de
754 2532 123 55 illo.
836 2532 123 55 Licet
918 2532 123 55 etiam
999 2532 150 55 doceret
1108 2532 109 55 quod
1163 2532 68 55 ali

464 2570 94 52 cui
517 2570 107 52 tale
584 2570 175 52 reuelatum
719 2570 107 52 sit:
786 2570 134 52 docere
880 2570 175 52 oporteret
1014 2570 81 52 an
1054 2570 107 52 isti
1122 2570 107 52 soli
1175 2570 54 52 re

452 2618 143 52 uelatum
556 2618 130 52 esset:
647 2618 78 52 an
686 2618 143 52 omnibus
790 2618 117 52 aliis
869 2618 208 52 praeceptiue.
1038 2618 156 52 Sequendi
1142 2618 78 52 sunt

457 2662 137 49 ergo
543 2662 240 49 Augustinus
731 2662 86 49 &
765 2662 240 49 Hieronymus
954 2662 120 49 vbi
1022 2662 120 49 non
1074 2662 154 49 docetur

454 2707 86 63 de
497 2707 185 63 opposito.
639 2707 171 63 Quilibet
767 2707 157 63 insuper
882 2707 100 63 qui
939 2707 171 63 voluerit
1067 2707 143 63 potest
1152 2707 86 63 car

1269 309 105 68 nes
1329 309 180 68 comedere
1464 309 90 68 in
1508 309 105 68 die
1568 309 165 68 veneris
1688 309 90 68 si
1733 309 90 68 in
1778 309 90 68 eo
1823 309 150 68 festum
1912 309 135 68 natalis

1274 370 173 53 Curisti
1400 370 204 53 occurrat:
1557 370 126 53 nisi
1636 370 173 53 vouerit
1762 370 94 53 se
1809 370 110 53 non
1856 370 189 53 comesturum

1277 414 137 48 carnes
1373 414 82 48 in
1414 414 96 48 die
1469 414 164 48 veneris:
1591 414 96 48 vel
1646 414 82 48 ex
1687 414 96 48 sua
1742 414 205 48 professione
1905 414 96 48 hoc
1946 414 96 48 ipsum

1276 460 149 54 habeat,
1385 460 95 54 non
1439 460 135 54 vouens
1533 460 122 54 tamen
1614 460 135 54 potest
1709 460 176 54 abstinere
1844 460 81 54 ab
1885 460 95 54 esu
1925 460 122 54 carnium

1284 506 135 52 eodem
1374 506 105 52 die
1434 506 90 52 si
1479 506 195 52 voluerit.
1629 506 165 52 Studeat
1748 506 180 52 quilibet
1883 506 180 52 ieiunare
2003 506 45 52 &

1274 548 180 49 abstinere
1412 548 83 49 ab
1454 548 249 49 intemperantia:
1661 548 111 49 quae
1730 548 97 49 est
1785 548 166 49 peccatum
1896 548 152 49 exprobra-

1276 592 139 53 bilius
1373 592 153 53 foedius
1484 592 69 53 &
1512 592 208 53 perniciosus
1679 592 111 53 quam
1748 592 264 53 insensibilitas.
1957 592 97 53 Recte

1274 635 129 50 enim
1354 635 145 50 dixit
1451 635 193 50 antiquus
1595 635 129 50 ille
1676 635 241 50 Hippocrates
1868 635 96 50 in
1916 635 161 50 quodam

1268 679 222 53 Aphorismo:
1443 679 159 53 Plures
1554 679 174 53 occidit
1680 679 127 53 gula
1760 679 127 53 quam
1839 679 190 53 gladius.
1966 679 79 53 Stu

1285 721 119 69 deat
1360 721 149 69 inquam
1464 721 164 69 seruare
1583 721 179 69 ieiunium
1717 721 253 69 quadragesimae
1910 721 149 69 antiquis

1281 768 131 51 simum
1369 768 131 51 inter
1456 768 160 51 reliqua
1572 768 160 51 ieiunia
1688 768 73 51 &
1717 768 261 51 sacratissimum,
1920 768 131 51 exempio

1276 813 151 55 Curisti
1386 813 206 55 institutum.
1552 813 151 55 Quamuis
1662 813 110 55 enim
1730 813 110 55 pure
1799 813 165 55 ieiunare
1923 813 96 55 sit
1964 813 83 55 labo

1283 857 155 44 riosum:
1396 857 169 44 sequitur
1522 857 127 44 tamen
1607 857 141 44 magnus
1705 857 155 44 fructus
1818 857 70 44 &
1846 857 169 44 meritum.
1958 857 99 44 Omnes

1279 900 120 49 enim
1354 900 150 49 partes
1459 900 194 49 aliquotae
1608 900 165 49 numenti
1728 900 254 49 quadragenarii
1922 900 135 49 laborio

1275 946 106 49 si:
1335 946 243 49 quinquaginta
1533 946 197 49 producunt
1684 946 167 49 numerum
1805 946 167 49 quietis
1927 946 76 49 &
1942 946 106 49 annum

1282 990 176 48 lubileum.
1418 990 81 48 In
1458 990 149 48 congruo
1567 990 122 48 autem
1648 990 149 48 tempore
1756 990 95 48 hoc
1810 990 162 48 ieiunium
1919 990 135 48 institu-

1281 1035 93 53 tum
1334 1035 107 53 est,
1401 1035 160 53 scilicet
1521 1035 80 53 in
1561 1035 120 53 vere:
1641 1035 107 53 sole
1707 1035 147 53 anietem
1814 1035 200 53 ingrediente
1974 1035 67 53 &
2001 1035 80 53 ad

1281 1086 103 47 nos
1340 1086 279 47 appropinquante:
1575 1086 118 47 tunc
1649 1086 147 47 namque
1751 1086 176 47 pullulat
1884 1086 147 47 terra:
1972 1086 88 47 tunc

1275 1122 183 44 frondent
1412 1122 168 44 syluae,
1534 1122 122 44 tunc
1611 1122 183 44 parturit
1748 1122 153 44 arbos:
1855 1122 76 44 &
1886 1122 138 44 minor
1962 1122 92 44 mun-

1289 1165 114 50 dus
1354 1165 131 50 homo
1436 1165 213 50 humoribus
1599 1165 163 50 calet,
1714 1165 131 50 quod
1795 1165 245 50 experimento
1975 1165 82 50 di-

1292 1220 194 47 gnoscitur.
1445 1220 69 47 &
1472 1220 139 47 testis
1569 1220 97 47 est
1625 1220 125 47 Maro.
1708 1220 111 47 iii.
1777 1220 208 47 Georgicorum
1943 1220 97 47 cum
1985 1220 69 47 in-

1281 1254 132 47 quit.
1369 1254 117 47 Vere
1442 1254 132 47 magis
1530 1254 117 47 quia
1603 1254 117 47 vere
1677 1254 132 47 calor
1764 1254 132 47 redit
1852 1254 161 47 ossibus
1955 1254 102 47 ille.

1295 1300 216 49 Rationabile
1467 1300 129 49 tamen
1554 1300 129 49 debet
1640 1300 158 49 hominis
1755 1300 115 49 esse
1827 1300 201 49 obsequium:
1971 1300 86 49 quia

1277 1344 138 53 multo
1369 1344 230 53 difficilius
1553 1344 107 53 est
1614 1344 245 53 insensibilem
1814 1344 92 53 ad
1844 1344 215 53 teperamentum

1286 1388 171 52 reducere:
1417 1388 105 52 quam
1483 1388 223 52 intemperantem
1666 1388 79 52 ad
1706 1388 223 52 temperantiam:
1889 1388 66 52 &
1916 1388 105 52 plus
1968 1388 92 52 ratio

1294 1432 216 48 perturbatur
1466 1432 86 48 in
1509 1432 273 48 insensibilitate
1740 1432 115 48 quam
1811 1432 86 48 in
1840 1432 216 48 inteperantia.

1295 1476 106 58 Hinc
1361 1476 80 58 in
1401 1476 133 58 tertia
1494 1476 120 58 parte
1574 1476 120 58 vitae
1654 1476 133 58 patrum
1747 1476 106 58 cap.
1814 1476 133 58 xliii.
1907 1476 80 58 &.
1933 1476 120 58 xliiii.

1283 1521 213 48 scribitur
1447 1521 98 48 de
1496 1521 164 48 Herone
1611 1521 263 48 quinquaginta
1824 1521 148 48 annos
1923 1521 98 48 in
1956 1521 98 48 ere-

1282 1565 84 58 mo
1324 1565 196 58 ieiunante:
1478 1565 98 58 qui
1534 1565 140 58 tandem
1632 1565 84 58 se
1674 1565 238 58 praecipitauit
1869 1565 84 58 in
1911 1565 140 58 puteum
1995 1565 56 58 ob

1295 1606 266 54 insensibilitate
1519 1606 112 54 quam
1589 1606 210 54 incurrerat.
1756 1606 154 54 Pondera
1868 1606 112 54 quod
1924 1606 112 54 tetiae

1291 1652 108 48 mus
1352 1652 92 48 de
1398 1652 169 48 ieiunio
1522 1652 200 48 ecclesie:
1676 1652 92 48 an
1722 1652 123 48 homo
1799 1652 108 48 per
1860 1652 185 48 peccatum
1983 1652 62 48 sa

1283 1693 182 60 tisfaciat
1423 1693 182 60 praecepto
1564 1693 197 60 ecclesiae:
1718 1693 112 60 quia
1788 1693 84 60 si
1830 1693 126 60 parte
1901 1693 168 60 affirmati-

1291 1744 97 54 uam
1347 1744 153 54 teneas,
1458 1744 181 54 concedere
1597 1744 125 54 habes
1681 1744 111 54 quod
1751 1744 97 54 qui
1806 1744 181 54 ieiunauit
1932 1744 125 54 propter

1296 1786 207 49 diabolum,
1455 1786 111 49 vel
1519 1786 111 49 qui
1583 1786 143 49 dixit
1678 1786 143 49 horas
1774 1786 207 49 canonicas
1917 1786 143 49 propter

1289 1828 203 52 Mahumetum:
1448 1828 102 52 non
1506 1828 102 52 est
1564 1828 232 52 transgressor
1753 1828 232 52 praeceptorum
1927 1828 131 52 affirma

1285 1872 158 50 tiuorum
1400 1872 187 50 ecclesiae
1544 1872 202 50 omittendo:
1702 1872 130 50 licet
1788 1872 202 50 praeceptis
1932 1872 130 50 negati-

1292 1924 102 44 uis
1350 1924 247 44 contraueniat.
1553 1924 102 44 Qui
1611 1924 116 44 vero
1683 1924 160 44 alteram
1799 1924 145 44 partem
1901 1924 145 44 tenere
1988 1924 73 44 vo-

1289 1959 148 50 luerit:
1396 1959 134 50 instud
1490 1959 121 50 habet
1570 1959 188 50 concedere:
1718 1959 107 50 quod
1785 1959 134 50 potest
1865 1959 188 50 probabiliter

1289 2007 110 55 cum
1352 2007 172 55 Gersono
1477 2007 188 55 concedi.
1618 2007 78 55 &
1649 2007 94 55 ad
1696 2007 110 55 hoc
1759 2007 250 55 consequenter
1946 2007 110 55 loqui

1297 2048 124 58 potes
1380 2048 83 58 in
1422 2048 193 58 similibus.
1573 2048 83 58 De
1615 2048 180 58 solutione
1753 2048 124 58 tamen
1836 2048 124 58 primi
1905 2048 152 58 argumenti

1290 2095 129 63 primae
1380 2095 193 63 quaestionis
1535 2095 116 63 huius
1612 2095 116 63 dist.
1689 2095 129 63 contra
1780 2095 206 63 conclusionem
1934 2095 129 63 responsi

1300 2139 103 69 iam
1359 2139 148 69 iudico
1463 2139 133 69 sicut
1551 2139 133 69 illic
1640 2139 177 69 respondi
1773 2139 89 69 in
1817 2139 103 69 sua
1861 2139 148 69 materia.

1609 2328 259 82 Vperius
1798 2328 141 82 de
1869 2328 165 82 vno
1939 2328 118 82 ope

1616 2387 94 62 re
1663 2387 281 62 satisfactionis
1881 2387 172 62 mentionem

1620 2436 165 46 fecimus
1740 2436 180 46 scilicet
1876 2436 180 46 ieiunio.
1996 2436 60 46 Re

1608 2480 155 52 liquum
1716 2480 108 52 est
1778 2480 93 52 de
1824 2480 217 52 eleemosyna
1979 2480 77 52 lo-

1621 2522 119 62 qui:
1696 2522 134 62 circa
1785 2522 119 62 quam
1860 2522 194 62 triplicem
1994 2522 60 62 mo

1610 2566 108 61 uere
1677 2566 148 61 propono
1784 2566 215 61 quaestionem:
1959 2566 81 61 vt
1999 2566 81 61 in

1567 2611 102 60 Al
1618 2611 205 60 processu
1772 2611 205 60 patebit.
1908 2611 154 60 Septimo

1293 2662 124 47 ergo
1371 2662 140 47 circa
1464 2662 124 47 hanc
1542 2662 264 47 distinctionem
1759 2662 155 47 quero.
1868 2662 93 47 An
1899 2662 155 47 quilibet

1287 2704 177 65 teneatur
1420 2704 89 65 ad
1465 2704 222 65 eltemosynam
1642 2704 207 65 faciendam.
1805 2704 89 65 In
1849 2704 104 65 hac
1894 2704 177 65 quaestione
