2367 3326
481 323 69 75 â‹
509 323 208 75 Respondetur
675 323 194 75 concedendo
827 323 166 75 illatum.
952 323 83 75 si
994 323 111 75 enim
1063 323 97 75 non
1118 323 97 75 dem
1160 323 83 75 bona

479 390 194 52 fortunae
624 390 129 52 meae
705 390 97 52 vt
753 390 210 52 succurram
914 390 161 52 vicino
1027 390 113 52 meo
1076 390 161 52 quatenus

473 434 122 65 illum
555 434 68 65 a
582 434 149 65 peccato
691 434 204 65 praeseruem:
854 434 163 65 peruerto
976 434 149 65 ordinem
1071 434 163 65 charitatis

483 478 74 53 &
513 478 104 53 hoc
572 478 89 53 si
617 478 163 53 iudicem
735 478 104 53 eum
795 478 119 53 sola
869 478 148 53 inopia
973 478 89 53 ad
1017 478 104 53 hoc
1077 478 178 53 inductum
1195 478 45 53 &

481 521 206 56 reducibilem
646 521 69 56 a
673 521 110 56 malo
742 521 96 56 per
797 521 96 56 hoc
851 521 110 56 quod
920 521 110 56 illi
989 521 192 56 suffragor:
1139 521 69 56 &
1153 521 96 56 pauci

475 566 116 49 tate
547 566 189 49 contentum
692 566 131 49 fore.
779 566 116 49 Hinc
852 566 145 49 beatus
953 566 174 49 Nicolaus
1084 566 87 49 vt
1113 566 131 49 conser-

478 616 130 47 uaret
564 616 144 47 filias
665 616 116 47 tres
738 616 144 47 vicini
839 616 101 47 sui
896 616 72 47 a
925 616 217 47 prostibulo:
1099 616 130 47 dedit
1171 616 72 47 eis

481 658 143 48 dotes.
581 658 114 48 visa
652 658 114 48 enim
724 658 157 48 aliorum
838 658 215 48 negligentia
1010 658 86 48 ad
1053 658 100 48 non
1096 658 157 48 succurrem

475 696 103 57 dum
534 696 103 57 eis
593 696 118 57 suis
667 696 162 57 opibus:
785 696 88 57 ad
829 696 103 57 hoc
888 696 206 57 tenebatur:
1050 696 133 57 licet
1138 696 103 57 non
1182 696 59 57 ad

483 749 148 52 tantam
587 749 133 52 molem
676 749 178 52 pecuniae
809 749 148 52 dandam
913 749 192 52 filiabus.
1061 749 118 52 Quod
1120 749 133 52 fortius

484 789 122 50 est,
560 789 153 50 beatus
667 789 168 50 Vitalis
790 789 138 50 pater
882 789 184 50 Geruasii
1019 789 77 50 &
1050 789 199 50 Prothasii
1188 789 61 50 vt

486 835 163 54 vrsinum
604 835 103 54 iam
664 835 89 54 ad
708 835 192 54 martyrium
856 835 163 54 vocatum
974 835 222 54 conseruaret
1152 835 89 54 in
1181 835 74 54 fi-

472 868 117 64 de:
539 868 100 64 vt
589 868 117 64 non
656 868 184 64 negaret
790 868 201 64 Christum
940 868 100 64 in
991 868 167 64 agone:
1091 868 167 64 exposuit

485 919 179 58 propriam
620 919 134 58 vitam
709 919 224 58 discrimini:
888 919 75 58 &
918 919 164 58 occisus
1038 919 120 58 est.
1098 919 149 58 Redeundo

488 971 86 49 ad
531 971 215 49 argumentum:
703 971 144 49 potius
804 971 115 49 quam
876 971 144 49 rapiat
976 971 72 49 &
1005 971 158 49 spoliet
1105 971 144 49 transeun

484 1009 114 51 tes:
555 1009 129 51 debeo
641 1009 86 51 ei
684 1009 114 51 dare
755 1009 86 51 de
798 1009 114 51 meo:
869 1009 171 51 quatenus
998 1009 186 51 desistat,
1141 1009 71 51 &
1155 1009 100 51 etiam

481 1049 85 62 ne
523 1049 169 62 furetur.
650 1049 85 62 Et
693 1049 127 62 licet
777 1049 99 62 sit
834 1049 198 62 apparentia
989 1049 85 62 in
1031 1049 183 62 oppositum
1158 1049 85 62 quod

482 1093 101 54 non
539 1093 173 54 furetur:
669 1093 101 54 sed
727 1093 144 54 capiat
828 1093 116 54 sibi
900 1093 159 54 debitum
1016 1093 72 54 &
1045 1093 144 54 licite
1131 1093 116 54 faciat

483 1140 115 53 adhuc
560 1140 103 53 illd
624 1140 90 53 non
675 1140 167 53 sufficit,
804 1140 115 53 licet
880 1140 90 53 ita
932 1140 103 53 sit:
996 1140 90 53 sed
1047 1140 90 53 non
1098 1140 167 53 occidetur
1214 1140 38 53 a

487 1190 171 51 prudente
615 1190 143 51 iudice
715 1190 86 51 si
758 1190 143 51 capiat
858 1190 129 51 solum
944 1190 100 51 pro
1001 1190 186 51 releuanda
1129 1190 129 51 inopia:

480 1237 133 49 tamen
569 1237 178 49 aperitur
702 1237 89 49 ei
747 1237 104 49 via
806 1237 222 49 perpetrandi
984 1237 133 49 mala:
1072 1237 74 49 &
1102 1237 133 49 plura
1176 1237 74 49 ca-

490 1275 148 53 piendi
594 1275 119 53 quam
668 1275 193 53 oporteat:
816 1275 74 53 &
846 1275 178 53 ascensus
979 1275 133 53 datur
1068 1275 89 53 ad
1113 1275 163 53 rapinam
1217 1275 44 53 &

477 1325 226 48 homicidium:
658 1325 75 48 &
688 1325 90 48 ad
733 1325 181 48 infamiam
869 1325 75 48 &
899 1325 151 48 tandem
1005 1325 90 48 ad
1050 1325 196 48 periculum
1186 1325 60 48 oc

483 1360 192 61 cisionis.
631 1360 74 61 â‹
660 1360 118 61 Ecce
734 1360 118 61 quid
808 1360 103 61 est
867 1360 221 61 Eleemosyna:
1044 1360 118 61 quae
1117 1360 103 61 est
1162 1360 88 61 prae

485 1417 158 52 ceptum
596 1417 253 52 affirmatiuum
801 1417 111 52 pro
864 1417 126 52 loco
943 1417 79 52 &
975 1417 174 52 tempore
1085 1417 158 52 obligans

481 1452 95 52 ad
529 1452 158 52 dandum
639 1452 173 52 pauperi
765 1452 95 52 in
812 1452 173 52 extrema
938 1452 236 52 necessitate
1111 1452 142 52 consti-

488 1493 127 50 tuto:
572 1493 113 50 siue
643 1493 155 50 defectu
756 1493 127 50 cibi,
840 1493 113 50 siue
911 1493 141 50 potus,
1009 1493 169 50 vestium,
1122 1493 127 50 hospiti

485 1538 228 51 medicinae,
664 1538 81 51 &
696 1538 195 51 similium
843 1538 114 51 hoc
908 1538 195 51 eueniat.
1055 1538 179 51 Amplius
1169 1538 81 51 dix

479 1581 114 56 idem
550 1581 128 56 esse:
635 1581 142 56 quando
735 1581 85 56 si
777 1581 100 56 non
834 1581 213 56 succurratur
1005 1581 128 56 viro:
1090 1581 85 56 in
1119 1581 142 56 extreman

486 1625 164 52 labetur
605 1625 179 52 inopiam.
739 1625 149 52 Rursus
843 1625 134 52 dixi,
933 1625 104 52 non
992 1625 134 52 solum
1081 1625 149 52 dandam
1171 1625 89 52 esse

480 1671 217 61 eleemosyna
651 1671 93 61 in
698 1671 171 61 extrema
822 1671 248 61 necessitate:
1023 1671 109 61 sed
1085 1671 155 61 quando
1178 1671 78 61 est

479 1715 97 52 in
527 1715 146 52 arcta
625 1715 81 52 &
657 1715 146 52 magna
754 1715 178 52 penuria
884 1715 146 52 citra
981 1715 178 52 extrema
1094 1715 162 52 necessi-

488 1759 153 56 tatem.
595 1759 107 56 hoc
656 1759 92 56 ex
703 1759 200 56 industria
856 1759 200 56 prolixius
1009 1759 246 56 exemplariter
1194 1759 61 56 de

479 1806 190 51 claraui.
622 1806 79 51 &
653 1806 143 51 illud
748 1806 127 51 puto
828 1806 127 51 esse
907 1806 143 51 verum
1002 1806 158 51 quando
1113 1806 127 51 homo
1176 1806 79 51 ha-

490 1851 101 55 bet
547 1851 187 55 superflua
691 1851 158 55 naturae
806 1851 115 55 suae
878 1851 72 55 &
907 1851 144 55 suorum
1007 1851 115 55 quos
1079 1851 129 55 alere
1151 1851 101 55 habet

477 1894 102 54 nec
536 1894 88 54 ob
580 1894 175 54 dationem
711 1894 219 54 eleemosynae
887 1894 102 54 est
945 1894 117 54 vero
1018 1894 146 54 simile
1120 1894 117 54 quod
1179 1894 73 54 ips

489 1938 98 50 vel
545 1938 98 50 sui
601 1938 84 50 in
643 1938 154 50 similem
755 1938 210 50 necessitate
922 1938 182 50 incident.
1062 1938 112 50 ergo
1132 1938 70 50 a
1146 1938 112 50 fortio

488 1981 81 61 ri
528 1981 94 61 qui
582 1981 121 61 habet
662 1981 175 61 superflua
796 1981 148 61 naturae
904 1981 67 61 &
931 1981 148 61 status,
1038 1981 148 61 tenetur
1132 1981 121 61 talibus

480 2025 169 55 extreme
602 2025 246 55 indigentibus
802 2025 230 55 succurrere.
986 2025 107 55 nam
1047 2025 138 55 illud
1140 2025 107 55 est
1186 2025 61 55 di

486 2067 119 59 lege
560 2067 163 59 naturae
679 2067 74 59 a
709 2067 163 59 Christo
828 2067 89 59 in
873 2067 193 59 euangelio
1021 2067 149 59 tactum
1110 2067 149 59 Matthaei

484 2113 110 47 vii.
553 2113 96 47 Hoc
608 2113 96 47 fac
663 2113 124 47 aliis
746 2113 110 47 quod
815 2113 110 47 tibi
884 2113 124 47 fieri
967 2113 110 47 vis.
1035 2113 69 47 â‹
1063 2113 124 47 Citra
1146 2113 110 47 hanc
1201 2113 55 47 no

479 2157 172 46 tabilem
605 2157 250 46 necessitatem
808 2157 125 46 reor
886 2157 110 46 non
949 2157 125 46 esse
1027 2157 219 46 praeceptum
1184 2157 78 46 da-

494 2198 98 56 re
543 2198 262 56 eleemosynam:
756 2198 115 56 sed
821 2198 197 56 interdum
969 2198 229 56 consilium:
1133 2198 131 56 inter-

482 2249 142 58 dum
563 2249 162 58 vero
644 2249 101 58 non

485 2319 108 64 â‹
529 2319 130 64 Vt
594 2319 195 64 autem
723 2319 195 64 clare
853 2319 216 64 videas
1004 2319 173 64 quae
1113 2319 173 64 dixi
1199 2319 65 64 &

498 2378 151 54 dicere
603 2378 151 54 velim:
709 2378 121 54 pono
784 2378 256 54 propositiones
996 2378 211 54 sequentes.
1146 2378 106 54 Prima

493 2417 115 52 est.
564 2417 201 52 Praeceptum
722 2417 100 52 est
779 2417 115 52 dare
851 2417 186 52 existenti
994 2417 86 52 in
1037 2417 158 52 extrema
1137 2417 115 52 necess

491 2459 112 57 tate
561 2459 140 57 tantum
659 2459 210 57 eleemosynae
827 2459 154 57 quantum
938 2459 168 57 sufficit
1064 2459 98 57 eum
1106 2459 154 57 releuare:

497 2511 94 56 vel
550 2511 135 56 saltem
645 2511 108 56 dare
712 2511 81 56 ei
752 2511 135 56 mutuo.
846 2511 67 56 &
873 2511 81 56 si
914 2511 94 56 est
967 2511 108 56 vero
1035 2511 135 56 simile
1129 2511 108 56 quod
1183 2511 67 56 non

500 2556 107 53 erit
567 2556 174 53 soluendo:
700 2556 120 53 debeo
781 2556 80 53 ei
821 2556 161 53 absolute
941 2556 120 53 dare:
1022 2556 94 53 vel
1075 2556 80 53 si
1115 2556 94 53 est
1155 2556 94 53 cibus

495 2596 115 48 vel
560 2596 115 48 res
626 2596 165 48 modici
742 2596 181 48 momenti
873 2596 115 48 non
939 2596 148 48 debeo
1038 2596 214 48 expectare
1186 2596 66 48 so

490 2639 178 50 lutionem.
627 2639 69 50 â‹
655 2639 151 50 Secunda
764 2639 206 50 propositio.
929 2639 192 50 Praeceptum
1080 2639 96 50 est
1135 2639 110 50 dare
1189 2639 69 50 ill

497 2688 111 51 qui
561 2688 111 51 non
624 2688 111 51 est
688 2688 95 51 in
736 2688 175 51 extrema
863 2688 239 51 necessitate
1038 2688 223 51 eleemosynam:

486 2726 113 70 qui
550 2726 129 70 vero
631 2726 210 70 similiter
793 2726 194 70 protinus
938 2726 178 70 labetur
1067 2726 97 70 in
1100 2726 161 70 extremam

1305 325 260 73 necessitatem
1516 325 130 73 nisi
1598 325 146 73 detur
1695 325 98 73 ei
1744 325 244 73 eleemosyna.
1940 325 81 73 â‹
1956 325 130 73 Tertia

1314 381 209 64 propositio
1478 381 119 64 quam
1553 381 149 64 opinor
1657 381 134 64 veram
1747 381 164 64 (dicant
1866 381 119 64 alii
1941 381 90 64 vt
1971 381 119 64 volue-

1304 431 129 50 rint)
1390 431 201 50 praeceptum
1548 431 100 50 est
1605 431 115 50 dare
1677 431 215 50 eleemosynam
1849 431 115 50 illi
1921 431 100 50 qui
1978 431 100 50 est
2036 431 86 50 in

1307 478 198 45 notabili
1456 478 83 45 &
1489 478 149 45 magna
1588 478 248 45 necessitate
1787 478 149 45 citra
1886 478 198 45 extremam
2018 478 66 45 ne

1309 524 201 45 cessitatem
1466 524 115 45 nisi
1538 524 201 45 ignorantia
1696 524 229 45 inuincibilis
1882 524 172 45 excuset.
1997 524 86 45 Teti

1302 562 89 60 gi
1347 562 162 60 exempla
1465 562 103 60 duo
1524 562 89 60 in
1568 562 207 60 probatione
1730 562 148 60 illius
1833 562 148 60 partis
1922 562 177 60 conclusio-

1307 610 112 54 nis,
1377 610 98 54 nec
1433 610 98 54 tot
1490 610 183 54 propterea
1630 610 127 54 laici
1715 610 183 54 damnantur
1855 610 84 54 vt
1897 610 112 54 alii
1954 610 127 54 putant.

1308 656 105 45 non
1368 656 120 45 enim
1443 656 180 45 existimo
1579 656 135 45 vllum
1669 656 196 45 prudentem
1819 656 150 45 laicum
1925 656 135 45 nolle
2015 656 105 45 ma-

1305 694 102 50 nus
1364 694 220 50 adiutrices.
1540 694 190 50 porrigere
1686 694 102 50 sic
1745 694 161 50 egenti:
1862 694 102 50 cum
1920 694 132 50 multi
1994 694 102 50 eorum

1306 740 118 49 dent
1380 740 133 49 aliis
1468 740 147 49 quibus
1571 740 133 49 danda
1660 740 103 49 est
1719 740 206 49 eleemosyna
1881 740 133 49 solum
1969 740 88 49 de
1998 740 74 49 con

1321 785 153 46 silio.
1428 785 92 46 Et
1473 785 183 46 comestio
1611 785 229 46 apostolorum
1794 785 153 46 spicas
1886 785 198 46 euellentium

1315 831 103 45 hoc
1374 831 205 45 confirmat:
1535 831 103 45 qui
1594 831 103 45 non
1653 831 132 45 erant
1741 831 88 45 in
1785 831 161 45 extrema
1888 831 205 45 necessitate:

1317 871 101 52 sed
1374 871 116 52 bene
1447 871 87 52 vt
1490 871 159 52 opinor,
1606 871 87 52 in
1650 871 174 52 notabili
1780 871 159 52 inedia.
1896 871 130 52 Etiam
1983 871 87 52 de
2012 871 87 52 lai-

1313 918 112 51 cis
1377 918 193 51 loquutus
1522 918 128 51 sum:
1602 918 128 51 quia
1682 918 289 51 beneficiatorum
1907 918 176 51 superflua

1312 964 131 45 danda
1400 964 116 45 sunt
1473 964 218 45 pauperibus:
1647 964 160 45 quamuis
1764 964 102 45 non
1822 964 116 45 sint
1895 964 87 45 in
1924 964 160 45 necessita

1308 1004 89 49 te
1353 1004 89 49 de
1398 1004 104 49 qua
1457 1004 164 49 loquuti
1576 1004 134 49 sumus
1666 1004 89 49 in
1710 1004 149 49 tertia
1815 1004 238 49 conclusione.
1994 1004 89 49 Hinc

1315 1051 154 57 distin.
1427 1051 154 57 lxxxvi.
1538 1051 98 57 ca.
1594 1051 154 57 Fratrem
1706 1051 168 57 nostrum.
1832 1051 154 57 dicitur
1943 1051 84 57 de
1971 1051 112 57 quodam

1312 1092 197 61 episcopo.
1463 1092 151 61 Largam
1569 1092 136 61 manum
1660 1092 167 61 habeat:
1781 1092 242 61 necessitatem
1963 1092 136 61 patien-

1316 1139 134 47 tibus
1405 1139 194 47 occurrat:
1554 1139 164 47 alienam
1673 1139 164 47 inopiam
1792 1139 119 47 suam
1867 1139 164 47 credat:
1986 1139 119 47 quia
2045 1139 60 47 si

1308 1176 110 56 hoc
1371 1176 110 56 non
1434 1176 141 56 habet
1528 1176 157 56 vacuum
1638 1176 141 56 nomen
1732 1176 188 56 episcopi
1873 1176 157 56 tenet.
1983 1176 94 56 In
2015 1176 78 56 ca-

1313 1221 98 66 su
1362 1221 147 66 autem
1460 1221 147 66 dubio
1557 1221 163 66 quando
1672 1221 163 66 pauper
1786 1221 114 66 est
1851 1221 98 66 in
1900 1221 147 66 magna
1998 1221 82 66 &
2014 1221 82 66 vr-

1318 1272 130 52 gente
1404 1272 231 52 necessitate,
1592 1272 87 52 ob
1636 1272 217 52 securitatem
1809 1272 130 52 detur
1896 1272 87 52 ei
1939 1272 87 52 de
1968 1272 116 52 super-

1320 1317 132 47 fluo,
1408 1317 103 47 non
1467 1317 117 47 dare
1541 1317 117 47 enim
1614 1317 147 47 potest
1717 1317 117 47 esse
1790 1317 191 47 peccatum:
1937 1317 103 47 sed
1981 1317 103 47 nullo

1309 1363 118 52 modo
1383 1363 118 52 dare
1457 1363 103 52 est
1516 1363 192 52 peccatum.
1663 1363 147 52 tutior
1766 1363 133 52 autem
1854 1363 103 52 via
1913 1363 103 52 est
1972 1363 88 52 in
2002 1363 88 52 mate

1308 1404 102 49 tia
1367 1404 131 49 morum
1454 1404 175 49 tenenda.
1585 1404 87 49 Et
1629 1404 87 49 si
1672 1404 146 49 fueris
1774 1404 131 49 inter
1862 1404 146 49 multos
1949 1404 131 49 diuites

1322 1448 158 48 consule
1437 1448 101 48 eis
1494 1448 144 48 saltem
1595 1448 86 48 in
1638 1448 173 48 portione
1768 1448 144 48 aliqua
1868 1448 201 48 succurrere
2012 1448 72 48 ex-

1318 1494 128 48 treme
1403 1494 170 48 pauperi.
1531 1494 114 48 quod
1602 1494 85 48 si
1644 1494 128 48 agere
1729 1494 199 48 noluerint:
1885 1494 156 48 teneris
1999 1494 85 48 in
2027 1494 57 48 so

1323 1538 144 46 lidum
1419 1538 96 46 ei
1467 1538 241 46 succurrere.
1660 1538 225 46 queadmodum
1836 1538 96 46 si
1884 1538 160 46 Sortes
1981 1538 112 46 velit

1322 1580 188 52 Platonem
1463 1580 188 52 occidere
1604 1580 125 52 quem
1682 1580 172 52 quatuor
1807 1580 188 52 astantes
1933 1580 156 52 possunt.

1322 1624 71 52 &
1350 1624 142 52 debent
1449 1624 156 52 seruare
1562 1624 99 52 non
1619 1624 170 52 occisum:
1746 1624 85 52 si
1789 1624 113 52 alii
1860 1624 99 52 non
1902 1624 184 52 succurrant:

1323 1668 88 46 tu
1367 1668 205 46 succurrere
1528 1668 161 46 teneris
1645 1668 88 46 si
1689 1668 132 46 potes
1777 1668 117 46 sine
1850 1668 117 46 vite
1909 1668 190 46 apparentis-

1311 1714 129 56 simo
1391 1714 209 56 periculo.
1552 1714 193 56 Vlterius
1697 1714 129 56 dico
1778 1714 161 56 potius
1875 1714 209 56 eleemosynam

1319 1759 165 60 dandam
1434 1759 132 60 esse
1516 1759 181 60 pauperi
1648 1759 165 60 vicino
1763 1759 181 60 honeste
1895 1759 181 60 viuenti
2010 1759 82 60 non

1315 1803 193 46 mendicanti
1467 1803 83 46 oi
1508 1803 152 46 faciemn
1618 1803 165 46 attritam
1742 1803 152 46 habenti
1853 1803 96 46 iam
1908 1803 83 46 in
1935 1803 152 46 mendicita

1321 1844 100 48 te,
1378 1844 114 48 quem
1449 1844 85 48 si
1492 1844 142 48 videas
1591 1844 128 48 panem
1677 1844 171 48 habentem
1805 1844 85 48 in
1848 1844 171 48 mantica:
1962 1844 128 48 censeas

1321 1888 98 61 non
1377 1888 112 61 esse
1447 1888 84 61 in
1489 1888 154 61 extrema
1602 1888 225 61 necessitate.
1784 1888 84 61 In
1826 1888 126 61 super
1911 1888 168 61 interdum
2023 1888 70 61 te-

1318 1927 149 58 neris
1418 1927 215 58 inquirere
1583 1927 99 58 de
1632 1927 165 58 aliquo
1748 1927 149 58 probo
1847 1927 132 58 viro
1930 1927 149 58 morbo
2012 1927 83 58 la-

1319 1977 173 52 borante:
1448 1977 86 52 an
1491 1977 144 52 habeat
1592 1977 202 52 necessaria
1750 1977 144 52 vitae:
1851 1977 101 52 qui
1909 1977 173 52 fortasse
2024 1977 72 52 la-

1315 2017 159 58 borauit
1430 2017 87 58 in
1474 2017 130 58 vinea
1560 2017 145 58 domini
1661 2017 173 58 vtiliter
1791 2017 72 58 &
1820 2017 188 58 laborabit
1965 2017 130 58 adhuc
2037 2017 58 58 si

1333 2066 116 47 sibi
1405 2066 231 47 succurratur.
1593 2066 101 47 qui
1651 2066 130 47 forte
1737 2066 116 47 fuit
1810 2066 188 47 negligens
1954 2066 87 47 in
1983 2066 116 47 accumu

1330 2109 149 61 landis
1435 2109 134 61 bonis
1524 2109 194 61 fortunae,
1674 2109 105 61 vel
1733 2109 105 61 (vt
1793 2109 164 61 rectius
1913 2109 164 61 loquar)
2017 2109 75 61 pru

1326 2154 125 48 dens
1404 2154 93 48 in
1451 2154 109 48 non
1513 2154 249 48 congregandis
1716 2154 171 48 opibus:
1840 2154 109 48 sed
1903 2154 202 48 applicuit
2043 2154 62 48 se

1330 2196 153 47 studio:
1441 2196 181 47 exhortans
1581 2196 84 47 ad
1623 2196 167 47 virtutes
1748 2196 139 47 alios:
1845 2196 181 47 confidens
1985 2196 84 47 in
2026 2196 97 47 do-

1324 2239 137 55 mino,
1415 2239 76 55 &
1445 2239 91 55 in
1491 2239 152 55 bonis,
1597 2239 91 55 vt
1643 2239 122 55 sibi
1719 2239 91 55 in
1765 2239 228 55 necessitate
1932 2239 167 55 succurre-

1321 2286 129 60 rent.
1407 2286 86 60 Et
1450 2286 129 60 aeque
1536 2286 101 60 aut
1593 2286 144 60 potius
1694 2286 172 60 seculari
1823 2286 115 60 quam
1895 2286 187 60 religioso
2024 2286 72 60 sub

1317 2330 152 57 uenire
1423 2330 152 57 debes:
1529 2330 121 57 quia
1605 2330 197 57 religiosi
1756 2330 152 57 habent
1863 2330 212 57 confratres
2014 2330 76 57 qui

1329 2371 104 61 pro
1388 2371 192 61 laborante
1536 2371 133 61 morbo
1625 2371 222 61 prouisionem
1803 2371 178 61 faciunt.
1936 2371 118 61 iste
1995 2371 104 61 autem

1325 2418 203 51 erubescit
1481 2418 171 51 mediate
1606 2418 109 51 vel
1668 2418 203 51 immediate
1824 2418 171 51 petere.
1933 2418 156 51 Praeter-

1331 2460 80 60 ea
1371 2460 80 60 si
1411 2460 107 60 tibi
1477 2460 133 60 diuiti
1570 2460 133 60 fuerit
1664 2460 147 60 vicinus
1770 2460 173 60 calcifex,
1904 2460 120 60 faber
1970 2460 120 60 aliquis

1338 2509 103 44 vel
1397 2509 133 44 alius
1486 2509 177 44 artifex:
1618 2509 88 44 ob
1663 2509 162 44 debitum
1780 2509 192 44 creditori
1928 2509 103 44 non
1972 2509 118 44 potens

1330 2549 238 48 satisfacere:
1524 2549 75 48 &
1554 2549 164 48 rigidus
1673 2549 179 48 creditor
1807 2549 104 48 per
1867 2549 134 48 manus
1941 2549 164 48 iustitiae

1327 2595 223 57 instrumenta
1505 2595 193 57 artificii
1654 2595 178 57 auferat:
1787 2595 89 57 vt
1832 2595 178 57 laborare
1951 2595 148 57 nequeat:

1325 2638 124 61 quem
1403 2638 109 61 cum
1465 2638 124 61 suis
1543 2638 202 61 mendicare
1698 2638 186 61 oporteat
1838 2638 109 61 vel
1900 2638 155 61 peiora
1993 2638 109 61 exer-

1319 2681 138 51 cere:
1411 2681 169 51 consule
1534 2681 184 51 timentes
1672 2681 123 51 deum
1749 2681 123 51 quid
1826 2681 123 51 opus
1902 2681 108 51 sit
1964 2681 154 51 facto.
2056 2681 46 51 &

1313 2725 141 68 forte
1407 2725 235 68 necessarium
1596 2725 188 68 inuenies
1737 2725 188 68 pecuniam
1878 2725 94 68 ei
1925 2725 157 68 dandam
2020 2725 78 68 per
