2277 3312
193 233 123 84 Exiit
275 233 96 84 qui
330 233 164 84 seminat.
453 233 82 84 de
494 233 137 84 verbo.
590 233 137 84 signi.
686 233 109 84 lib.
754 233 96 84 vi.
809 233 109 84 ergo
864 233 109 84 quili-

187 309 100 48 bet
244 309 128 48 alius
329 309 200 48 excusatur.
486 309 128 48 tenet
572 309 242 48 consequentia:
771 309 114 48 quia
843 309 114 48 nemo
900 309 71 48 am-

179 348 134 75 plius
269 348 75 75 a
298 348 90 75 se
343 348 164 75 abdicat
463 348 119 75 bona
537 348 179 75 fortunae
671 348 119 75 quam
746 348 149 75 frater
836 348 119 75 minor.

188 423 108 62 â‹
232 423 215 62 Contra
382 423 345 62 conclusionem
662 423 280 62 arguitur:
856 423 108 62 vno

190 474 200 58 supposito
343 474 123 58 quod
420 474 108 58 sim
482 474 108 58 ego
543 474 92 58 in
590 474 138 58 campo
682 474 77 58 &
713 474 123 58 sint
789 474 169 58 quatuor
912 474 92 58 in

179 525 171 56 extrema
304 525 249 56 necessitate:
507 525 78 56 &
538 525 156 56 habeam
647 525 125 56 vnum
725 525 140 56 panem
818 525 109 56 qui
865 525 109 56 vnius

195 567 221 49 indigentiam
372 567 133 49 solum
460 567 177 49 sufficit
593 567 191 49 releuare.
740 567 118 49 isto
799 567 162 49 supposito

194 615 110 54 sic
257 615 235 54 argumentor.
445 615 141 54 nulli
539 615 172 54 istorum
664 615 157 54 teneor
774 615 141 54 illum
852 615 110 54 panem

181 657 125 56 dare:
265 657 167 56 quilibet
390 657 153 56 illorum
501 657 97 56 est
557 657 84 56 in
599 657 153 56 extrema
710 657 223 56 necessitate:
877 657 84 56 ergo

186 702 112 55 non
250 702 160 55 teneor
362 702 128 55 dare
441 702 239 55 eleemosynam
633 702 207 55 existenti
792 702 96 55 in
824 702 144 55 extrema

183 747 246 51 necessitate,
383 747 246 51 consequentia
583 747 138 51 tenet
675 747 108 51 cum
736 747 169 51 minore.
844 747 123 51 Proba-

181 793 107 60 tur
242 793 138 60 maior
334 793 107 60 per
395 793 199 60 ascensum,
548 793 107 60 nec
610 793 123 60 isti
686 793 169 60 istorum
809 793 153 60 teneor
901 793 61 60 da

187 840 90 49 re
232 840 150 49 panem:
337 840 135 49 sorte
427 840 240 49 demonstrato:
622 840 105 49 nec
682 840 120 49 illi
757 840 165 49 illorum
862 840 105 49 demon

188 879 150 61 strando
297 879 177 61 Platonem:
433 879 68 61 &
460 879 95 61 sic
515 879 82 61 de
556 879 150 61 vtroque
664 879 163 61 aliorum.
787 879 136 61 igitur
868 879 109 61 nulli.

185 926 198 56 probatur
333 926 115 56 vna
399 926 231 56 singularis
580 926 214 56 assumpta:
745 926 132 56 quia
828 926 132 56 idem
894 926 82 56 est

187 970 165 56 iudicium
311 970 82 56 de
352 970 137 56 aliis,
448 970 82 56 no
489 970 124 56 dando
572 970 124 56 sorti
654 970 82 56 no
695 970 137 56 pecco,
791 970 110 56 quod
860 970 137 56 patet:

179 1012 127 62 quia
259 1012 159 62 possum
370 1012 143 62 illum
465 1012 143 62 panem
561 1012 127 62 dare
640 1012 175 62 Platoni
767 1012 143 62 sorte
847 1012 127 62 negle-

192 1058 121 57 cto:
268 1058 76 57 &
298 1058 121 57 tunc
374 1058 106 57 non
434 1058 197 57 peccarem.
585 1058 121 57 ergo
661 1058 106 57 non
722 1058 151 57 teneor
828 1058 106 57 sub
873 1058 106 57 poena

194 1104 140 55 peccati
296 1104 102 55 dare
360 1104 115 55 illum
437 1104 115 55 panem
513 1104 128 55 sorti:
603 1104 166 55 supposito
730 1104 102 55 quod
794 1104 89 55 non
845 1104 102 55 plus
896 1104 77 55 obli

197 1146 91 61 ger
249 1146 91 61 vni
301 1146 104 61 quam
366 1146 143 61 alteri:
470 1146 65 61 &
496 1146 104 61 quod
561 1146 91 61 sit
612 1146 104 61 mihi
677 1146 143 61 licitum
781 1146 104 61 dare
846 1146 117 61 panem
911 1146 65 61 cui

204 1200 147 51 velim.
307 1200 103 51 Non
366 1200 133 51 valet
455 1200 162 51 dicere.
572 1200 133 51 panis
661 1200 118 51 ille
734 1200 103 51 est
779 1200 191 51 partiendus-

191 1237 111 49 hoc
255 1237 158 49 inquam
365 1237 111 49 non
429 1237 158 49 valet.
540 1237 143 49 parum
635 1237 127 49 enim
714 1237 143 49 panis
793 1237 174 49 appetitum

181 1282 198 50 famelici
330 1282 99 50 ad
380 1282 231 50 comedendum
561 1282 182 50 amplius
693 1282 198 50 irritat:
842 1282 83 50 &
858 1282 116 50 famen

186 1323 108 52 non
247 1323 216 52 extinguit.
417 1323 124 52 ltem
495 1323 155 52 aliqua
603 1323 108 52 est
665 1323 155 52 portio
773 1323 139 52 panis
850 1323 124 52 minima

194 1368 109 57 quae
263 1368 96 57 vni
317 1368 178 57 sufficit,
454 1368 96 57 vel
509 1368 137 57 maxima
605 1368 109 57 quae
673 1368 96 57 non
728 1368 164 57 sufficit
851 1368 109 57 vni:
906 1368 68 57 qua

196 1411 86 51 si
239 1411 242 51 diminueretur:
438 1411 128 51 nulli
524 1411 214 51 sufficeret:
695 1411 71 51 &
723 1411 100 51 sic
780 1411 128 51 omnes
852 1411 128 51 moreren

186 1458 122 61 tur.
262 1458 92 61 si
308 1458 122 61 ergo
384 1458 138 61 panem
476 1458 214 61 frangerem:
644 1458 138 61 dando
736 1458 183 61 cuilibet
858 1458 107 61 parum

201 1508 104 52 quod
266 1508 117 52 nulli
344 1508 195 52 sufficeret:
500 1508 117 52 nulli
578 1508 208 52 succurrerem:
746 1508 65 52 &
772 1508 91 52 per
811 1508 156 52 consequens

204 1546 192 53 peccarem.
352 1546 118 53 ergo
426 1546 148 53 teneor
529 1546 118 53 dare
603 1546 133 53 illum
692 1546 133 53 panem
781 1546 118 53 vni.
840 1546 133 53 Amplius

194 1593 186 57 ponantur
334 1593 155 57 centum
443 1593 109 57 vel
505 1593 155 57 mille:
613 1593 155 57 quorum
722 1593 186 57 quilibet
861 1593 109 57 est
908 1593 62 57 in

200 1643 156 53 extrema
314 1643 228 53 necessitate:
499 1643 100 53 iam
555 1643 128 53 notum
641 1643 100 53 est
698 1643 114 53 quod
769 1643 100 53 hic
826 1643 128 53 panis
897 1643 71 53 par

199 1680 100 45 uus
256 1680 100 45 non
313 1680 171 45 sufficit
442 1680 171 45 omnibus:
570 1680 71 45 &
599 1680 114 45 tunc
670 1680 129 45 nulli
756 1680 157 45 illorum
856 1680 114 45 teneor

199 1723 122 51 dare
275 1723 137 51 illum
366 1723 152 51 panem.
472 1723 167 51 igitur.
594 1723 76 51 â‹
624 1723 91 51 Ad
670 1723 137 51 istud
761 1723 213 51 argumentum
913 1723 61 51 re

198 1769 196 49 spondebo
345 1769 164 49 mixtim
459 1769 164 49 logice
574 1769 82 49 &
607 1769 245 49 theologice.
803 1769 164 49 Logice
918 1769 98 49 ad

186 1812 113 59 huc
251 1812 243 59 dupliciter,
445 1812 113 59 vno
510 1812 130 59 modo
591 1812 162 59 vtendo
704 1812 162 59 logica
818 1812 195 59 antiquo-

189 1857 109 55 rum
252 1857 250 55 sophistarum:
455 1857 94 55 de
502 1857 156 55 teneor
611 1857 78 55 &
643 1857 188 55 obligor:
783 1857 125 55 quod
846 1857 125 55 confun

192 1901 122 46 dant
268 1901 182 46 terminum
405 1901 198 46 sequentem
557 1901 243 46 immobiliter:
754 1901 167 46 ponendo
861 1901 106 46 propo

186 1947 185 58 sitiones
324 1947 215 58 sequentes.
493 1947 138 58 Prima
586 1947 123 58 est.
662 1947 154 58 Teneor
770 1947 92 58 de
801 1947 169 58 necessita

192 1992 90 44 te
237 1992 165 44 salutis
357 1992 120 44 dare
433 1992 150 44 alicui
538 1992 165 44 istorum
658 1992 165 44 quatuor
778 1992 135 44 illum
854 1992 120 44 panem.

199 2034 181 55 probatur:
338 2034 111 55 quia
407 2034 83 55 si
449 2034 97 55 non
505 2034 153 55 dedero,
616 2034 125 55 pecco
699 2034 83 55 ex
741 2034 222 55 conclusione.
908 2034 69 55 Se-

196 2082 138 49 cunda
288 2082 230 49 propositio.
472 2082 138 49 Nulli
564 2082 169 49 istorum
687 2082 153 49 teneor
794 2082 138 49 illum
871 2082 107 49 panem

190 2127 152 48 dare.
291 2127 118 48 hoc
359 2127 169 48 patuit
477 2127 152 48 inter
578 2127 219 48 arguendum
747 2127 118 48 per
797 2127 186 48 ascensum.

202 2166 135 60 quare
292 2166 135 60 illae
382 2166 105 60 non
443 2166 256 60 contradicunt.
653 2166 150 60 teneor
758 2166 150 60 alicui
849 2166 135 60 istorum

201 2220 174 49 quatuor
328 2220 127 49 dare
407 2220 127 49 hunc
486 2220 158 49 panem:
597 2220 79 49 &
628 2220 142 49 nulli
723 2220 174 49 istorum
834 2220 142 49 quatuor

201 2262 163 39 teneor
315 2262 130 39 dare
396 2262 130 39 hunc
477 2262 163 39 panem.
591 2262 114 39 hoc
656 2262 98 39 ex
705 2262 163 39 logica
819 2262 146 39 notum
900 2262 65 39 re

201 2300 162 48 linquo.
319 2300 147 48 Tertia
422 2300 220 48 propositio.
598 2300 147 48 teneor
701 2300 117 48 dare
774 2300 147 48 alicui
862 2300 103 48 isto-

195 2345 112 47 rum
259 2345 145 47 panem
356 2345 112 47 cui
420 2345 112 47 non
484 2345 161 47 teneor
597 2345 129 47 dare
677 2345 161 47 panem.
789 2345 161 47 Quarta
886 2345 96 47 pro-

195 2390 184 55 positio.
333 2390 138 55 Dando
425 2390 138 55 panem
517 2390 123 55 illi
594 2390 107 55 cui
655 2390 107 55 non
716 2390 153 55 teneor
824 2390 138 55 dare:
900 2390 77 55 sum

195 2434 227 50 deobligatus
377 2434 76 50 a
407 2434 212 50 praecepto.
574 2434 152 50 patet:
680 2434 121 50 quia
756 2434 106 50 per
816 2434 106 50 hoc
862 2434 121 50 suffi-

201 2480 174 47 cienter
328 2480 222 47 praeceptum
502 2480 206 47 adimpleo.
661 2480 190 47 Exemplum
804 2480 95 47 in
835 2480 143 47 simili.

197 2523 157 62 teneor
307 2523 188 62 diligere
448 2523 141 62 deum:
543 2523 78 62 &
574 2523 204 62 eliciendo
731 2523 141 62 actum
809 2523 173 62 dilectio-

206 2569 101 58 nis
263 2569 101 58 dei
321 2569 101 58 que
378 2569 158 58 elicere
493 2569 101 58 non
550 2569 158 58 teneor:
665 2569 201 58 satisfacio
809 2569 172 58 praecepto:

204 2614 133 49 sicut
293 2614 236 49 satisfacimus
484 2614 192 49 praecepto
632 2614 133 49 legis
720 2614 162 49 naturae
838 2614 74 49 &
853 2614 118 49 diuino

203 2662 110 63 per
266 2662 267 63 adimpletionem
486 2662 142 63 vnius
581 2662 204 63 praecepti
738 2662 157 63 humani
832 2662 142 63 positi

1030 232 108 86 ui.
1091 232 154 86 Quinta
1199 232 230 86 propositio.
1383 232 92 86 Si
1429 232 138 86 nulli
1521 232 169 86 istorum
1644 232 92 86 do
1675 232 138 86 praedi-

1039 304 148 48 ctum
1131 304 184 48 panem:
1260 304 129 48 sum
1334 304 240 48 homicida.
1518 304 92 48 â‹
1555 304 203 48 Secundo
1702 304 148 48 modo

1033 347 193 52 respondeo
1182 347 74 52 &
1211 347 163 52 melius:
1330 347 163 52 tenendo
1449 347 119 52 quod
1523 347 238 52 aequiualent:
1701 347 119 52 teneor

1043 393 127 64 dare
1122 393 111 64 vni
1186 393 174 64 istorum
1312 393 127 64 hunc
1392 393 158 64 panem:
1502 393 79 64 &
1534 393 127 64 hunc
1613 393 143 64 panem
1692 393 127 64 teneor

1033 437 113 64 dare
1103 437 99 64 vni
1160 437 169 64 istorum.
1287 437 70 64 &
1315 437 113 64 quod
1385 437 155 64 vtraque
1498 437 99 64 est
1554 437 127 64 falsa
1639 437 113 64 nisi
1695 437 113 64 capia-

1027 481 107 48 tur
1088 481 123 48 loco
1165 481 169 48 istius.
1287 481 169 48 Necesse
1410 481 107 48 est
1471 481 92 48 si
1517 481 153 48 debeam
1624 481 123 48 esse
1685 481 123 48 expers

1044 527 177 48 peccati,
1177 527 118 48 dare
1251 527 118 48 hunc
1325 527 133 48 panem
1414 527 103 48 vni
1473 527 177 48 istorum:
1606 527 89 48 vt
1650 527 163 48 necesse
1754 527 59 48 ca

1039 571 95 46 dat
1094 571 82 46 in
1135 571 123 46 totam
1217 571 245 46 conditionalem.
1421 571 68 46 &
1448 571 109 46 lege
1516 571 150 46 stante:
1625 571 82 46 si
1666 571 123 46 nulli
1734 571 82 46 isto

1027 614 116 55 rum
1094 614 133 55 hunc
1177 614 149 55 panem
1276 614 116 55 do,
1342 614 116 55 sum
1409 614 149 55 vnius
1508 614 215 55 homicida.
1674 614 99 55 Et
1724 614 99 55 si
1757 614 66 55 pe

1025 661 115 54 tas
1090 661 82 54 a
1123 661 115 54 me.
1189 661 148 54 cuius
1287 661 115 54 sum
1353 661 214 54 homicida:
1517 661 263 54 Respondetur.
1714 661 99 54 fre-

1042 705 170 54 nuenter
1165 705 124 54 homo
1242 705 108 54 est
1304 705 154 54 certus
1412 705 93 54 de
1459 705 232 54 indefinita:
1644 705 201 54 dubitando

1039 745 87 56 ue
1082 745 173 56 qualibet
1212 745 188 56 singulari
1357 745 145 56 illius
1458 745 231 56 indefinitae.
1646 745 87 56 vt
1689 745 116 56 haec
1747 745 72 56 est

1038 794 138 55 scita
1129 794 76 55 a
1160 794 107 55 me:
1221 794 168 55 Aliquis
1343 794 122 55 homo
1420 794 107 55 est
1481 794 92 55 in
1527 794 153 55 templo
1634 794 168 55 nostrae
1756 794 92 55 do

1033 840 133 44 minae
1122 840 222 44 Parisiensi:
1300 840 74 44 &
1330 840 193 44 quaelibet
1478 840 208 44 singularis
1641 840 104 44 est
1700 840 119 44 mihi
1760 840 59 44 du

1038 883 130 53 bia.
1119 883 130 53 Deus
1201 883 147 53 tamen
1298 883 163 53 nouit.
1413 883 81 53 â‹
1445 883 114 53 Sed
1510 883 163 53 contra
1624 883 147 53 istud
1706 883 114 53 argui

1026 928 130 47 tur.
1107 928 178 47 Nullius
1236 928 178 47 istorum
1366 928 276 47 imputabiliter
1593 928 113 47 sum
1642 928 178 47 homicida.

1029 967 104 51 non
1089 967 164 51 sortis:
1208 967 119 51 quia
1283 967 119 51 pari
1357 967 164 51 ratione
1477 967 104 51 sum
1536 967 254 51 imputabiliter
1745 967 104 51 ho-

1035 1016 159 47 micida
1146 1016 143 47 vitae
1242 1016 206 47 Platonis:
1400 1016 222 47 Ciceronis,
1575 1016 79 47 &
1607 1016 191 47 loannis:
1734 1016 79 47 nec

1035 1062 111 53 sum
1098 1062 269 53 imputabiliter
1320 1062 190 53 homicida
1463 1062 174 53 istorum
1589 1062 190 53 quatuor:
1716 1062 95 53 quia

1041 1105 105 56 non
1101 1105 150 56 possum
1206 1105 224 56 satisfacere
1385 1105 135 56 istis
1475 1105 180 56 quatuor:
1610 1105 75 56 &
1639 1105 105 56 non
1684 1105 135 56 obligor

1032 1150 177 46 seruare
1161 1150 145 46 vitas
1257 1150 177 46 istorum
1386 1150 193 46 quatuor:
1531 1150 129 46 quia
1611 1150 113 46 hoc
1675 1150 113 46 est
1724 1150 97 46 mihi

1035 1189 240 52 impossibile:
1230 1189 90 52 ad
1275 1189 120 52 quod
1350 1189 150 52 nullus
1456 1189 210 52 obligatur.
1621 1189 75 52 â‹
1651 1189 195 52 Responde-

1038 1233 127 56 tur:
1117 1233 111 56 sum
1181 1233 222 56 cuiussibet
1355 1233 174 56 istorum
1482 1233 190 56 homicida
1608 1233 206 56 imputabili-

1042 1282 106 47 ter
1103 1282 106 47 sub
1163 1282 258 47 disiunctione:
1376 1282 122 47 quia
1452 1282 213 47 cuiussibet
1619 1282 167 47 istorum
1726 1282 91 47 ser-

1037 1319 131 56 uare
1118 1319 147 56 vitam
1216 1319 180 56 possum:
1347 1319 114 56 sed
1412 1319 131 56 deus
1494 1319 196 56 acceptat
1640 1319 131 56 meam
1706 1319 114 56 omis-

1037 1369 163 47 sionem
1151 1369 98 47 si
1200 1369 147 47 nulli
1297 1369 179 47 istorum
1428 1369 147 47 panem
1526 1369 114 47 dem
1591 1369 98 47 ad
1623 1369 196 47 occisionem

1045 1416 125 48 vnius
1128 1416 153 48 tantum:
1240 1416 111 48 siue
1309 1416 97 48 pro
1365 1416 139 48 sorte:
1462 1416 111 48 siue
1531 1416 97 48 pro
1587 1416 167 48 platone:
1712 1416 83 48 in
1740 1416 83 48 idem

1030 1462 138 49 redit:
1127 1462 97 49 cum
1182 1462 110 49 sint
1251 1462 124 49 omnes
1334 1462 83 49 in
1375 1462 152 49 aequali
1486 1462 221 49 necessitate:
1665 1462 69 49 &
1679 1462 138 49 aequali-

1037 1500 106 53 ter
1097 1500 181 53 cuilibet
1233 1500 166 53 istorum
1354 1500 181 53 obliger.
1490 1500 76 53 â‹
1521 1500 151 53 Contra
1627 1500 136 53 totum
1702 1500 106 53 istud

1032 1550 241 52 argumentor:
1225 1550 161 52 veniat
1338 1550 161 52 sortes
1450 1550 97 52 ad
1498 1550 113 52 me:
1563 1550 80 52 &
1595 1550 145 52 petat
1691 1550 80 52 a
1724 1550 97 52 me
1756 1550 64 52 pa

1033 1588 116 52 nem:
1105 1588 145 52 habeam
1206 1588 130 52 nolle
1293 1588 130 52 dandi
1379 1588 130 52 panis
1466 1588 116 52 ipsi
1538 1588 145 52 sorti:
1640 1588 130 52 illud
1712 1588 101 52 nolle

1031 1634 106 50 non
1091 1634 106 50 est
1152 1634 166 50 mortale
1272 1634 181 50 peccatum
1408 1634 121 50 immo
1484 1634 106 50 non
1544 1634 106 50 est
1605 1634 196 50 peccatum.
1741 1634 75 50 ve-

1026 1683 118 53 niat
1100 1683 132 53 Plato
1188 1683 73 53 &
1217 1683 132 53 petat
1306 1683 147 53 panem:
1408 1683 147 53 habeam
1511 1683 132 53 etiam
1600 1683 132 53 nolle
1688 1683 132 53 dandi
1761 1683 59 53 pa

1036 1727 102 46 nis
1095 1727 174 46 Platoni.
1225 1727 73 46 &
1254 1727 102 46 sic
1312 1727 87 46 de
1356 1727 131 46 aliis
1443 1727 160 46 duobus.
1559 1727 174 46 Arguitur
1689 1727 116 46 sic:
1747 1727 73 46 nul

1039 1768 85 58 la
1081 1768 155 58 istarum
1194 1768 197 58 nolitionum
1349 1768 99 58 est
1405 1768 183 58 peccatum:
1546 1768 70 58 &
1574 1768 99 58 non
1631 1768 127 58 habeo
1701 1768 113 58 plures

1031 1812 125 52 actus
1115 1812 195 52 voluntatis
1268 1812 111 52 quam
1337 1812 139 52 illos.
1435 1812 111 52 ergo
1505 1812 84 52 in
1546 1812 111 52 casu
1616 1812 111 52 isto
1686 1812 97 52 non
1727 1812 84 52 pec-

1032 1857 110 58 co.
1095 1857 79 58 &
1127 1857 110 58 per
1190 1857 220 58 consequens
1363 1857 205 58 conclusio
1520 1857 157 58 falsa.
1630 1857 79 58 â‹
1646 1857 173 58 Responde-

1036 1899 116 52 tur
1103 1899 99 52 ad
1152 1899 116 52 hoc
1218 1899 232 52 argumentum
1400 1899 248 52 dupliciter.
1599 1899 116 52 Vno
1665 1899 132 52 modo
1731 1899 83 52 eua

1039 1946 132 47 dendo
1128 1946 177 47 vtcumque
1260 1946 118 47 dico
1334 1946 118 47 quod
1407 1946 162 47 nolitio
1525 1946 103 47 qua
1584 1946 118 47 nolo
1657 1946 118 47 dare
1716 1946 103 47 sorti

1026 1993 136 53 panem
1116 1993 106 53 non
1177 1993 106 53 est
1237 1993 196 53 mortalis:
1388 1993 121 53 immo
1463 1993 106 53 est
1524 1993 136 53 actus
1614 1993 166 53 licitus
1735 1993 75 53 &
1750 1993 60 53 bo

1028 2031 121 62 nus:
1104 2031 76 62 &
1134 2031 106 62 sic
1195 2031 91 62 de
1240 2031 152 62 duabus
1347 2031 243 62 nolitionibus
1544 2031 243 62 sequentibus:
1741 2031 106 62 sed

1038 2080 157 58 quarta
1148 2080 110 58 est
1211 2080 204 58 mortalis.
1368 2080 204 58 Coloratur
1525 2080 141 58 quare
1619 2080 110 58 hoc
1666 2080 157 58 concedi-

1026 2128 124 47 tur:
1103 2128 108 47 sum
1165 2128 201 47 obligatus
1319 2128 77 47 a
1350 2128 108 47 deo
1412 2128 124 47 dare
1489 2128 124 47 hunc
1566 2128 139 47 panem
1659 2128 108 47 vni
1705 2128 108 47 insto

1027 2170 118 45 rum:
1101 2170 74 45 &
1131 2170 104 45 non
1190 2170 148 45 tribus
1293 2170 163 45 primis:
1412 2170 133 45 immo.
1500 2170 133 45 illis
1574 2170 237 45 rationabiliter

1033 2214 150 58 panem
1134 2214 184 58 negaui:
1267 2214 184 58 oportet
1401 2214 134 58 ergo
1485 2214 134 58 dare
1568 2214 150 58 panem
1669 2214 184 58 quarto:

1032 2269 122 51 quia
1108 2269 106 51 hoc
1169 2269 182 51 sequitur
1305 2269 91 51 ex
1351 2269 198 51 obligato:
1503 2269 106 51 cum
1564 2269 198 51 oppositis
1701 2269 106 51 trium

1037 2304 127 52 bene
1117 2304 223 52 negatorum.
1291 2304 143 52 sicut
1387 2304 95 52 in
1435 2304 286 52 obligationibus
1657 2304 159 52 analogia

1031 2346 129 45 dari
1112 2346 178 45 potest.
1241 2346 113 45 Des
1306 2346 162 45 tuipse
1419 2346 210 45 memoriter
1581 2346 97 45 in
1629 2346 162 45 duobus
1726 2346 81 45 ver

1045 2394 98 58 bis
1101 2394 140 58 librum
1199 2394 168 58 legendo:
1324 2394 126 58 pudet
1408 2394 112 58 enim
1478 2394 154 58 logicum
1590 2394 112 58 tale
1659 2394 84 58 in
1687 2394 126 58 theoso-

1040 2434 126 57 phia
1119 2434 205 57 inserere.
1277 2434 111 57 Sed
1340 2434 158 57 contra
1451 2434 111 57 hoc
1514 2434 205 57 arguitur.
1656 2434 158 57 Supposi-

1030 2480 100 54 to
1080 2480 133 54 quod
1164 2480 150 54 omnes
1264 2480 183 54 quatuor
1397 2480 200 54 peterent
1547 2480 150 54 illum
1647 2480 150 54 panem
1731 2480 83 54 si-

1032 2529 111 60 mul
1096 2529 111 60 vel
1159 2529 238 60 successiue:
1350 2529 79 60 &
1382 2529 111 60 ego
1445 2529 191 60 elicerem
1588 2529 175 60 quatuor
1700 2529 111 60 noli-

1033 2565 151 50 tiones
1138 2565 241 50 particulares
1334 2565 151 50 simui:
1440 2565 121 50 puta
1515 2565 121 50 nolo
1591 2565 121 50 dare
1666 2565 136 50 sorti
1742 2565 75 50 pa-

1026 2607 128 55 nem:
1106 2607 128 55 nolo
1186 2607 128 55 dare
1266 2607 176 55 Platoni
1394 2607 144 55 panem
1491 2607 112 55 &c.
1555 2607 112 55 Hic
1619 2607 176 55 euadere
1731 2607 80 55 ne-

1043 2654 140 64 quis.
1137 2654 94 64 Si
1184 2654 140 64 dicas
1277 2654 94 64 me
1324 2654 109 64 non
1386 2654 140 64 posse
1480 2654 156 64 habere
1589 2654 171 64 quatuor
1698 2654 109 64 actus
