2296 3325
182 312 120 70 alter
262 312 93 70 non
315 312 134 70 potest
409 312 134 70 capere
502 312 147 70 propria
609 312 214 70 auctoritate:
782 312 80 70 vt
822 312 80 70 si
849 312 107 70 teneor

188 378 115 48 tibi
259 378 158 48 soluere
374 378 172 48 debitum:
504 378 86 48 tu
547 378 101 48 non
604 378 129 48 potes
690 378 72 48 a
719 378 86 48 me
762 378 115 48 tibi
820 378 129 48 debitum

174 411 201 67 subtrahere:
335 411 94 67 vbi
388 411 94 67 per
442 411 107 67 viam
509 411 121 67 iuris
590 411 161 67 consequi
710 411 121 67 potes
791 411 161 67 debitum.
898 411 54 67 op

185 464 154 46 posito
293 464 123 46 enim
370 464 123 46 dato
447 464 170 46 politia
570 464 154 46 humana
678 464 278 46 confunderetur.
894 464 62 46 Et

179 502 118 58 licet
258 502 105 58 tibi
323 502 131 58 tenear
415 502 183 58 restituere
559 502 157 58 debitum:
677 502 92 58 non
729 502 118 58 tamen
808 502 131 58 teneor
886 502 66 58 con

186 545 173 62 sentire:
315 545 87 62 vt
359 545 87 62 tu
402 545 159 62 propria
517 545 216 62 auctoritate
690 545 101 62 hoc
748 545 159 62 capias.
849 545 101 62 Secun

188 598 75 51 do
226 598 138 51 dicitur
326 598 75 51 vt
364 598 113 51 dicit
439 598 125 51 Panor.
526 598 88 51 in.
576 598 100 51 d.c.
639 598 100 51 quod
701 598 200 51 intelligitur
864 598 88 51 ca.
901 598 63 51 hoc

185 635 93 56 in
232 635 124 56 casu
310 635 109 56 quo
372 635 171 56 rapiens
496 635 124 56 fuit
574 635 93 56 in
620 635 171 56 extrema
745 635 233 56 necessitate
915 635 47 56 &

185 677 133 63 noluit
278 677 186 63 restituere
424 677 146 63 postea.
530 677 120 63 talis
610 677 106 63 enim
676 677 133 63 peccat
769 677 120 63 aeque
849 677 80 63 ac
875 677 80 63 ille

180 720 100 65 qui
237 720 142 65 furtum
336 720 171 65 commisit
464 720 142 65 primo:
564 720 71 65 &
592 720 142 65 postea
692 720 156 65 incidit
806 720 85 65 in
834 720 128 65 necessi

192 779 128 48 tatem:
282 779 89 48 sed
333 779 102 48 iste
397 779 153 48 cessante
511 779 192 48 necessitate
665 779 140 48 tenetur
767 779 89 48 rem
818 779 140 48 ablatam
907 779 64 48 re-

196 810 150 65 stituere
308 810 150 65 secundum
420 810 125 65 omnes.
507 810 87 65 sic
557 810 100 65 hic:
619 810 112 65 licet
694 810 100 65 homo
756 810 137 65 auferat
856 810 137 65 aliquid

189 853 91 72 in
234 853 167 72 extrema
356 853 243 72 necessitate,
553 853 137 72 primo
644 853 106 72 non
705 853 152 72 peccat
796 853 167 72 auferendo

186 904 87 49 si
229 904 130 49 mutuo
316 904 101 49 vel
374 904 116 49 alia
446 904 101 49 via
504 904 145 49 habere
606 904 101 49 non
664 904 116 49 pot:
736 904 101 49 sed
794 904 101 49 cum
838 904 130 49 venerit

201 949 78 54 ad
240 949 181 54 pinguiorem
382 949 168 54 fortunam:
512 949 142 54 tenetur
615 949 142 54 ablatum
719 949 194 54 restituere,
861 949 104 54 probat

200 994 89 57 hoc
251 994 127 57 Panor.
340 994 101 57 per.
403 994 76 57 l.
441 994 177 57 Neusenius.
581 994 101 57 ftf.
644 994 76 57 de
682 994 101 57 neg.
745 994 114 57 gest.
822 994 89 57 nam
860 994 101 57 subtra

206 1035 104 59 ctio
271 1035 131 59 potest
363 1035 104 59 esse
428 1035 78 59 in
467 1035 209 59 necessitate:
637 1035 91 59 sed
689 1035 157 59 cessante
806 1035 117 59 causa
872 1035 104 59 cessat

189 1078 161 58 effectus.
313 1078 112 58 sicut
387 1078 136 58 dicimus
486 1078 74 58 in
523 1078 74 58 eo
561 1078 87 58 qui
610 1078 136 58 tempore
710 1078 198 58 necessitatis
858 1078 112 58 praebet

203 1125 169 54 alimenta,
333 1125 65 54 &
359 1125 194 54 protestatur
514 1125 78 54 de
553 1125 194 54 rependendo.
709 1125 78 54 vt
748 1125 104 54 not.
812 1125 78 54 in
851 1125 130 54 dicta.
929 1125 39 54 l

201 1172 172 53 Neusenius.
336 1172 74 53 &.
373 1172 74 53 l.
409 1172 86 53 Per
459 1172 221 53 alimenta.litr.
643 1172 74 53 de
680 1172 98 53 neg.
741 1172 111 53 gest.
815 1172 74 53 &.
851 1172 98 53 xii.
901 1172 61 53 qui

202 1211 99 62 ii.
258 1211 99 62 ca.
315 1211 184 62 Sacrorum.
457 1211 113 62 &.c.
527 1211 141 62 Sicut.
626 1211 71 62 â‹
655 1211 141 62 Quarto
754 1211 184 62 arguitur.
881 1211 99 62 lona-

198 1255 122 59 thas
274 1255 137 59 cepit
365 1255 137 59 fauum
456 1255 152 59 mellis
563 1255 91 59 in
608 1255 167 59 extrema
730 1255 243 59 necessitate:
912 1255 61 59 vi

199 1299 126 64 patet.
287 1299 75 64 i.
325 1299 101 64 Reg.
388 1299 126 64 xiiii.
476 1299 63 64 &
501 1299 113 64 tamen
577 1299 163 64 peccauit,
702 1299 101 64 quod
765 1299 126 64 patet:
853 1299 101 64 quia
904 1299 75 64 post

196 1355 214 47 comestionem
367 1355 114 47 eius
438 1355 100 47 non
495 1355 157 47 dabatur
609 1355 185 47 responsum
752 1355 86 47 ad
780 1355 200 47 persequendos

192 1388 215 62 Philisteos:
363 1388 72 62 &
392 1388 115 62 sors
464 1388 129 62 super
550 1388 100 62 eum
607 1388 172 62 cecidit.
736 1388 72 62 â‹
764 1388 215 62 Respondetur
922 1388 57 62 ne

206 1433 116 64 gando
283 1433 103 64 quod
348 1433 193 64 deliquarit:
502 1433 90 64 tum
554 1433 142 64 propter
657 1433 129 64 causam
747 1433 219 64 conclusionis:
915 1433 64 64 tum

214 1484 111 57 quod
283 1484 111 57 erat
352 1484 152 57 ignarus
463 1484 249 57 inuincibiliter
670 1484 193 57 ignorantia
822 1484 124 57 purae
891 1484 97 57 nega-

209 1524 126 56 tionis
298 1524 215 56 prohibitionis
475 1524 164 56 paternae:
601 1524 101 56 deus
664 1524 114 56 autem
740 1524 126 56 libere
828 1524 88 56 dat
866 1524 114 56 respon-

205 1566 97 55 sum
261 1566 139 55 quando
358 1566 125 55 vult:
441 1566 69 55 &
469 1566 125 55 ipsum
552 1566 111 55 sine
622 1566 153 55 peccato
733 1566 153 55 tollit.
844 1566 125 55 etiam
914 1566 69 55 mul

200 1610 89 59 ti
245 1610 192 59 Philistei
392 1610 133 59 erant
481 1610 207 59 miraculose
628 1610 133 59 occisi.

378 1667 254 85 Vbitatur
568 1667 191 85 circa
696 1667 169 85 hanc
780 1667 212 85 quaestio

351 1708 118 89 nem:
425 1708 88 89 si
469 1708 133 89 diues
558 1708 147 89 fingat
661 1708 88 89 se
705 1708 118 89 esse
779 1708 162 89 extreme
882 1708 103 89 paupe

357 1775 107 55 rem:
423 1775 93 55 ita
477 1775 80 55 vt
517 1775 147 55 iudicem
623 1775 93 55 eum
677 1775 107 55 esse
743 1775 147 55 extreme
836 1775 147 55 pauperens

352 1826 95 53 an
400 1826 158 53 tenear
510 1826 95 53 ei
558 1826 127 53 dare
637 1826 253 53 eleemosynam.
843 1826 79 53 â‹
858 1826 127 53 Respon

218 1878 118 52 detur
296 1878 105 52 quod
362 1878 105 52 sic.
427 1878 118 52 Ratio
506 1878 105 52 est.
571 1878 105 52 quia
637 1878 105 52 siue
702 1878 92 52 sit
755 1878 105 52 vere
820 1878 131 52 pauper
898 1878 79 52 siui

205 1920 205 50 apparenter:
369 1920 96 50 non
424 1920 136 50 possum
519 1920 123 50 scire
601 1920 109 50 nisi
669 1920 96 50 per
724 1920 218 50 apparentiam:
901 1920 68 50 &
915 1920 68 50 cum

212 1967 158 51 iudicem
326 1967 100 51 eum
384 1967 115 51 esse
455 1967 143 51 talem:
556 1967 143 51 teneor
656 1967 115 51 dare
728 1967 86 51 ei
771 1967 229 51 eleemosynam:
943 1967 43 51 &

209 2009 117 51 bene
283 2009 117 51 ago.
356 2009 190 51 Praeterea
502 2009 117 51 sint
575 2009 117 51 duo:
648 2009 146 51 sortes
751 2009 73 51 &
780 2009 146 51 Plato:
868 2009 117 51 sortes

226 2053 199 51 Hypocrita
379 2053 153 51 diues:
486 2053 168 51 putatus
608 2053 168 51 extreme
731 2053 168 51 pauper:
853 2053 138 51 Plato
930 2053 61 51 re

223 2099 123 50 uera
299 2099 169 50 pauper.
422 2099 107 50 hoc
483 2099 199 50 supposito
636 2099 107 50 sic
698 2099 230 50 argumentor.
866 2099 123 50 teneor

216 2148 124 48 dare
294 2148 171 48 Platoni
419 2148 233 48 eleemosynam
605 2148 109 48 sub
667 2148 140 48 poena
761 2148 187 48 peccati:
885 2148 109 48 tanta

223 2185 116 52 enim
295 2185 102 52 est
353 2185 203 52 apparentia
513 2185 174 52 extremae
643 2185 189 52 pauptatis
788 2185 145 52 sortis
890 2185 87 52 vt
919 2185 73 52 Pla

219 2229 148 51 tonis:
323 2229 118 51 ergo
397 2229 133 51 etiam
485 2229 148 51 teneor
589 2229 118 51 dare
663 2229 222 51 eleemosynam
840 2229 133 51 sorti
914 2229 74 51 sub

208 2280 154 49 poena
311 2280 205 49 peccati.
465 2280 86 49 â‹
499 2280 103 49 Ex
550 2280 137 49 isto
636 2280 222 49 sequuntur
807 2280 120 49 hae
858 2280 137 49 propo-

218 2326 209 46 sitiones.
379 2326 161 46 Prima.
492 2326 161 46 Diuiti
604 2326 161 46 teneor
717 2326 129 46 dare
782 2326 209 46 eleemosynam

220 2368 106 48 sub
280 2368 136 48 poena
371 2368 166 48 peccati
491 2368 196 48 probatur.
642 2368 136 48 Sorti
733 2368 151 48 teneor
838 2368 121 48 dare
898 2368 106 48 elee-

217 2414 169 46 mosynam
340 2414 108 46 sub
401 2414 138 46 poena
494 2414 185 46 peccati:
632 2414 154 46 sortes
740 2414 108 46 est
801 2414 154 46 diues:
894 2414 92 46 ergi

222 2452 157 56 diuiti
332 2452 157 56 teneor
442 2452 125 56 dare
520 2452 235 56 eleemosynam
708 2452 110 56 sub
771 2452 141 56 poena
849 2452 157 56 peccati.

228 2497 77 47 â‹
258 2497 170 47 Secunda
382 2497 232 47 propositio.
567 2497 154 47 diuiti
676 2497 185 47 scienter
815 2497 154 47 teneor
907 2497 93 47 dare

226 2541 215 51 eleemosynam
398 2541 186 51 probatio.
541 2541 244 51 sortiscienter
742 2541 143 51 teneor
842 2541 115 51 dare
900 2541 100 51 elee-

224 2583 168 60 mosynam.
350 2583 140 60 sortes
448 2583 98 60 est
504 2583 140 60 diues.
602 2583 154 60 igitur.
714 2583 70 60 â‹
742 2583 140 60 Tertia
826 2583 168 60 propositio

221 2624 109 62 Non
284 2624 156 62 teneor
393 2624 125 62 dare
471 2624 187 62 scienter
611 2624 156 62 diuiti
720 2624 249 62 eleemosynam.
922 2624 78 62 &
938 2624 62 62 si

222 2677 160 56 extreme
339 2677 145 56 pauper
440 2677 160 56 apperet
556 2677 102 56 non
614 2677 145 56 talis:
716 2677 116 56 tunc
788 2677 102 56 non
846 2677 160 56 tenerer
948 2677 58 56 da

220 2724 106 67 re
273 2724 194 67 extreme
414 2724 194 67 pauperi
538 2724 247 67 eleemosynam.

1010 307 110 108 â‹
1054 307 220 108 Contra
1208 307 176 108 duas
1318 307 242 108 priores
1471 307 330 108 propositiones

1020 397 79 60 &
1052 397 253 60 responsionem
1257 397 95 60 ad
1305 397 174 60 dubium,
1431 397 190 60 arguitur
1574 397 127 60 sic.
1637 397 158 60 Quilibet

1023 442 141 54 actus
1117 442 219 54 voluntatis
1290 442 204 54 moraliter
1447 442 157 54 bonus,
1556 442 141 54 debet
1650 442 125 54 esse
1713 442 94 54 regu

1024 486 128 52 latus
1109 486 71 52 a
1138 486 185 52 prudentia
1280 486 157 52 actuali
1394 486 214 52 inhaerente.
1565 486 85 52 vt
1608 486 157 52 dicitur
1707 486 100 52 sexto

1020 528 194 60 Ethicorum.
1173 528 97 60 sed
1228 528 83 60 in
1270 528 181 60 proposito
1409 528 97 60 non
1465 528 97 60 est
1520 528 194 60 prudentia:
1673 528 111 60 quia
1729 528 69 60 hic

1019 574 137 53 actus
1110 574 243 53 intellectus,
1308 574 122 53 huic
1384 574 152 53 diuiti
1490 574 137 53 danda
1581 574 106 53 est
1627 574 167 53 eleemosy-

1032 623 109 51 na:
1095 623 109 51 non
1157 623 109 51 est
1219 623 140 51 actus
1312 623 264 51 prudentialis:
1529 623 109 51 cum
1591 623 109 51 sit
1638 623 155 51 erroneus

1032 662 83 61 â‹
1066 662 216 61 Respondet
1232 662 200 61 Martinus
1382 662 200 61 magister
1532 662 100 61 de
1582 662 216 61 ebrietate
1731 662 67 61 ad

1034 707 125 51 vnum
1112 707 156 51 simile
1221 707 94 51 de
1268 707 125 51 illo
1346 707 109 51 qui
1408 707 94 51 ex
1455 707 218 51 ignorantia
1611 707 187 51 inuincibi-

1032 749 85 59 li
1074 749 183 59 cognoscit
1215 749 99 59 non
1272 749 127 59 suam,
1356 749 141 59 dicens
1455 749 113 59 quod
1526 749 155 59 nunquam
1639 749 127 59 actus
1709 749 99 59 volun

1025 793 132 66 tatis
1113 793 191 66 conformis
1260 793 220 66 ignorantiae
1436 793 220 66 inuincibili
1612 793 103 66 est
1670 793 132 66 bonus
1743 793 59 66 mo

1028 837 160 56 raliter:
1148 837 107 56 immo
1215 837 94 56 est
1268 837 120 56 malus
1348 837 187 56 moraliter:
1495 837 120 56 licet
1575 837 94 56 non
1629 837 174 56 imputetur
1763 837 80 56 ad

1025 887 165 55 poenam:
1145 887 105 55 ita
1205 887 90 55 vt
1250 887 210 55 ignorantia
1415 887 105 55 non
1475 887 165 55 excuset
1595 887 75 55 a
1625 887 165 55 malitia
1730 887 75 55 mo-

1027 927 119 56 rali:
1106 927 93 56 sed
1159 927 119 56 solum
1238 927 79 56 ab
1278 927 251 56 imputabilitate.
1490 927 119 56 Dicit
1569 927 145 56 insuper
1675 927 106 56 quod
1728 927 79 56 iste

1028 966 186 62 ignorans
1167 966 139 62 habet
1259 966 108 62 duo
1321 966 186 62 iudicia:
1460 966 124 62 vnum
1538 966 216 62 vniuersale
1692 966 124 62 scili-

1038 1011 108 59 cet
1099 1011 154 59 istud.
1207 1011 231 59 cognoscenda
1392 1011 108 59 est
1454 1011 77 59 a
1484 1011 92 59 me
1531 1011 123 59 mea:
1608 1011 77 59 &
1639 1011 139 59 illum
1716 1011 92 59 iudi

1038 1067 123 48 cium
1114 1067 107 48 est
1176 1067 153 48 verum:
1283 1067 77 48 &
1314 1067 169 48 volitio
1437 1067 123 48 illi
1513 1067 200 48 conformis
1667 1067 107 48 est
1713 1067 92 48 bona

1033 1102 199 63 moraliter.
1189 1102 128 63 habet
1274 1102 128 63 aliud
1359 1102 170 63 iudicium
1487 1102 227 63 particulare:
1671 1102 113 63 puta
1728 1102 85 63 haec

1036 1147 98 59 est
1092 1147 112 59 mea:
1162 1147 70 59 &
1190 1147 98 59 hoc
1246 1147 168 59 iudicium
1372 1147 98 59 est
1429 1147 154 59 falsum:
1541 1147 70 59 &
1569 1147 154 59 volitio
1681 1147 112 59 illi
1737 1147 70 59 co-

1032 1188 145 60 formis
1133 1188 101 60 non
1191 1188 101 60 est
1249 1188 130 60 bona:
1335 1188 174 60 scilicet
1466 1188 130 60 ista,
1553 1188 217 60 cognoscenda
1726 1188 101 60 est
1770 1188 43 60 a

1040 1234 84 59 me
1082 1234 112 59 haec
1152 1234 154 59 mulier.
1264 1234 126 59 lstud
1348 1234 98 59 non
1404 1234 140 59 valet:
1503 1234 98 59 nam
1559 1234 112 59 stat
1629 1234 112 59 quod
1699 1234 98 59 non
1741 1234 70 59 ha-

1039 1279 109 60 beam
1108 1279 109 60 nisi
1176 1279 136 60 vnicum
1271 1279 123 60 actum
1353 1279 205 60 voluntatis,
1517 1279 68 60 &
1544 1279 164 60 iudicium
1653 1279 164 60 particula-

1037 1333 96 48 re
1085 1333 159 48 vnicum
1196 1333 255 48 intellectus:
1403 1333 207 48 videlicet
1562 1333 127 48 volo
1626 1333 191 48 cognoscere

1044 1366 127 61 hanc:
1128 1366 98 61 qui
1185 1366 98 61 est
1241 1366 127 61 actus
1325 1366 197 61 redditiuus
1480 1366 141 61 debiti
1578 1366 127 61 vxori
1662 1366 169 61 petenti:
1775 1366 42 61 &

1045 1412 69 61 a
1073 1412 152 61 iudicio
1183 1412 207 61 inuincibili
1348 1412 207 61 intellectus
1514 1412 193 61 regulatur,
1665 1412 110 61 quod
1721 1412 96 61 iudi-

1040 1458 120 56 cium
1115 1458 120 56 homo
1190 1458 105 56 non
1250 1458 150 56 potest
1355 1458 165 56 auferre
1475 1458 180 56 (ponatur
1610 1458 105 56 ita
1670 1458 135 56 esse)
1745 1458 75 56 vel

1045 1501 93 55 non
1098 1501 146 55 tenetur
1204 1501 160 55 auferre,
1324 1501 93 55 non
1378 1501 146 55 reddere
1484 1501 107 55 ergo
1551 1501 133 55 stante
1644 1501 107 55 tali
1697 1501 120 55 iudicio

1049 1547 86 60 est
1098 1547 159 60 peccatum:
1220 1547 86 60 cum
1269 1547 86 60 sit
1318 1547 122 60 contra
1403 1547 208 60 conscientiam.
1574 1547 122 60 sortes
1660 1547 98 60 ergo
1709 1547 110 60 tenetur

1044 1601 134 52 vitare
1138 1601 175 52 peccatum:
1272 1601 161 52 scilicet
1393 1601 94 52 non
1447 1601 148 52 reddere
1554 1601 161 52 debitum:
1675 1601 108 52 quod
1729 1601 94 52 vita-

1042 1636 74 61 re
1079 1636 86 61 non
1128 1636 123 61 potest
1214 1636 98 61 nisi
1275 1636 135 61 debitum
1373 1636 160 61 reddendo:
1496 1636 98 61 quia
1557 1636 86 61 non
1606 1636 123 61 potest
1692 1636 123 61 vitari
1766 1636 61 61 pri

1042 1681 127 63 uatio
1127 1681 113 63 nisi
1197 1681 155 63 ponendo
1310 1681 170 63 habitum:
1438 1681 113 63 ergo
1508 1681 155 63 tenetur
1621 1681 155 63 debitum
1720 1681 99 63 redde

1055 1727 90 58 re.
1107 1727 103 58 ergo
1171 1727 155 58 absurdum
1288 1727 90 58 est
1339 1727 129 58 dicere
1430 1727 103 58 quod
1494 1727 103 58 ille
1559 1727 116 58 actus
1636 1727 90 58 non
1688 1727 90 58 est
1727 1727 90 58 bonus

1053 1778 215 49 moraliter.
1221 1778 138 49 Fodem
1313 1778 123 49 modo
1390 1778 92 49 in
1436 1778 199 49 proposito
1589 1778 169 49 nostro:
1696 1778 123 49 habeat

1051 1814 204 63 intellectus
1214 1814 95 63 hoc
1269 1814 163 63 iudicium
1391 1814 190 63 practicum.
1541 1814 122 63 danda
1622 1814 95 63 est
1677 1814 109 63 huic
1731 1814 95 63 elee-

1054 1860 154 57 mosyna.
1166 1860 154 57 volitio
1278 1860 112 57 illi
1348 1860 168 57 coformis
1475 1860 98 57 est
1531 1860 112 57 bona
1601 1860 196 57 moraliter:
1741 1860 84 57 quod

1047 1906 137 63 patet:
1143 1906 110 63 quia
1212 1906 96 63 est
1267 1906 110 63 bona
1336 1906 179 63 meritorie
1473 1906 82 63 in
1514 1906 151 63 habente
1624 1906 165 63 gratiam.
1748 1906 110 63 ergo

1056 1957 96 51 est
1111 1957 109 51 bona
1179 1957 191 51 moraliter.
1330 1957 164 51 Absurdum
1453 1957 123 51 autem
1535 1957 96 51 est
1590 1957 178 51 oppositum
1713 1957 109 51 conse-

1058 1993 122 64 quenti
1143 1993 85 64 cum
1192 1993 183 64 antecedente
1338 1993 170 64 admittere.
1472 1993 61 64 â‹
1496 1993 183 64 Respondetur
1642 1993 122 64 itaque
1727 1993 122 64 aliter
1800 1993 37 64 &

1052 2041 236 57 apparentius:
1244 2041 207 57 concedendo
1407 2041 162 57 maiorem
1525 2041 192 57 argumenti
1673 2041 148 57 negata
1761 2041 74 57 mi-

1054 2082 124 57 nore:
1137 2082 97 57 ves
1192 2082 110 57 quod
1261 2082 165 57 iudicium
1385 2082 97 57 hoc
1440 2082 97 57 sit
1495 2082 179 57 erroneum:
1633 2082 110 57 huic
1702 2082 124 57 danda
1771 2082 69 57 est

1058 2135 196 53 eleemosyna:
1215 2135 104 53 immo
1280 2135 91 53 est
1332 2135 131 53 verum.
1423 2135 144 53 Simiter
1528 2135 78 53 si
1567 2135 78 53 ex
1606 2135 183 53 ignorantia
1737 2135 91 53 inuin

1059 2172 139 54 cibili
1156 2172 111 54 quis
1226 2172 181 54 cognoscat
1365 2172 153 54 alienam
1476 2172 111 54 loco
1546 2172 111 54 suae
1615 2172 153 54 vxoris:
1727 2172 97 54 hoc
1768 2172 56 54 iu

1055 2214 134 57 dicium
1148 2214 94 57 est
1202 2214 134 57 verum,
1295 2214 107 57 haec
1362 2214 94 57 est
1415 2214 67 57 a
1442 2214 80 57 me
1482 2214 214 57 cognoscenda.
1656 2214 147 57 vocatur
1749 2214 67 57 aut

1068 2256 172 66 ignorantia
1203 2256 209 66 inuincibilis:
1375 2256 98 66 quia
1437 2256 148 66 implicat
1548 2256 98 66 vnam
1609 2256 209 66 propositionem
1769 2256 62 66 fal

1062 2301 112 63 sam.
1132 2301 84 63 vt
1174 2301 126 63 patet
1258 2301 98 63 sic
1314 2301 182 63 arguendo.
1454 2301 168 63 Cuilibet
1579 2301 154 63 pauperi
1691 2301 126 63 danda
1761 2301 70 63 est

1065 2345 206 63 eleemosyna:
1230 2345 96 63 hic
1285 2345 96 63 est
1340 2345 151 63 pauper:
1450 2345 110 63 ergo
1518 2345 110 63 huic
1587 2345 124 63 danda
1669 2345 96 63 est
1710 2345 124 63 eleemo-

1061 2391 128 61 synam.
1151 2391 115 61 minor
1227 2391 89 61 est
1278 2391 128 61 falsa.
1368 2391 89 61 sed
1419 2391 166 61 conclusio
1546 2391 89 61 est
1597 2391 115 61 vera.
1674 2391 89 61 Non
1725 2391 102 61 enim
1776 2391 64 61 est

1066 2433 201 68 inconveniens
1230 2433 101 68 quod
1293 2433 76 68 ex
1331 2433 113 68 falso
1406 2433 151 68 sequatur
1519 2433 126 68 verum.
1608 2433 88 68 Sed
1658 2433 113 68 istud
1733 2433 76 68 in
1759 2433 76 68 radi

1061 2477 88 59 ce
1105 2477 73 59 &
1134 2477 190 59 vtrobique
1280 2477 102 59 non
1339 2477 146 59 soluit
1441 2477 219 59 argumentum.
1616 2477 102 59 nam
1674 2477 146 59 habeam
1762 2477 73 59 hoc

1064 2522 163 63 iudicium
1187 2522 82 63 in
1227 2522 204 63 intellectu.
1391 2522 109 63 huic
1459 2522 149 63 pauperi
1567 2522 122 63 danda
1649 2522 95 63 est
1690 2522 149 63 eleemosy-

1063 2568 105 59 na.
1123 2568 120 59 quod
1198 2568 180 59 iudicium
1333 2568 165 59 regulat
1453 2568 105 59 huc
1512 2568 135 59 actum
1602 2568 225 59 voluntatis,
1767 2568 75 59 vo-

1062 2612 92 57 lo
1108 2612 122 57 huic
1184 2612 168 57 pauperi
1306 2612 122 57 dare
1383 2612 244 57 eleemosynam,
1581 2612 138 57 adhuc
1673 2612 122 57 ille
1734 2612 107 57 actus

1069 2657 191 64 voluntatis
1220 2657 96 64 est
1274 2657 137 64 bonus,
1370 2657 109 64 quod
1438 2657 137 64 probo.
1534 2657 137 64 habeam
1630 2657 96 64 ego
1685 2657 109 64 hunc
1739 2657 96 64 syllo

1067 2702 146 75 gismum
1170 2702 205 75 practicum,
1331 2702 176 75 cuilibet
1463 2702 161 75 extreme
1580 2702 161 75 pauperi
1697 2702 132 75 danda
1770 2702 73 75 est
