2337 3304
456 284 222 64 eleemosyna:
634 284 104 64 hic
693 284 104 64 est
753 284 163 64 extreme
871 284 163 64 pauper:
990 284 119 64 ergo
1064 284 119 64 huic
1123 284 104 64 danda

456 338 102 52 est
515 338 204 52 eleemosyna
675 338 146 52 (licet
777 338 117 52 enim
850 338 131 52 minor
938 338 102 52 sit
996 338 219 52 simpliciter
1156 338 88 52 spe-

462 380 174 54 culatiua:
595 380 120 54 maior
676 380 120 54 tamen
756 380 67 54 &
783 380 174 54 conclusio
917 380 107 54 sunt
984 380 187 54 practicae,
1131 380 107 54 quae
1184 380 54 54 to

464 421 103 57 tum
523 421 222 57 syllogismum
701 421 133 57 talem
789 421 207 57 denominam.
952 421 133 57 Maior
1040 421 103 57 est
1099 421 133 57 vera:
1173 421 74 57 nec

456 468 192 56 iudicium
600 468 176 56 minoris
727 468 128 56 vllo
807 468 128 56 modo
887 468 128 56 mihi
967 468 255 56 imputabitur:
1158 468 80 56 cum

472 511 96 58 non
527 511 136 58 tenear
622 511 150 58 vincere
732 511 123 58 illam
813 511 218 58 ignorantiam:
991 511 68 58 &
1018 511 109 58 stat
1086 511 109 58 quod
1155 511 82 58 in
1182 511 68 58 die

462 561 174 52 naturali
592 561 101 52 non
650 561 145 52 possim
751 561 130 52 illum
838 561 159 52 errorem
954 561 174 52 vincere.
1084 561 116 52 quod
1142 561 101 52 autem

477 606 196 47 conclusio
628 606 106 47 sit
688 606 151 47 falsa,
794 606 136 47 notum
884 606 106 47 est
944 606 90 47 ex
990 606 166 47 logica:
1110 606 106 47 cum
1156 606 90 47 vnum

471 642 178 56 extremum
605 642 148 56 illius
709 642 237 56 affirmatiuae
902 642 252 56 propositionis
1109 642 104 56 non
1154 642 89 56 supa

474 696 142 56 ponat
569 696 142 56 vltra
663 696 189 56 communes
805 696 142 56 casus
900 696 189 56 dabiles:
1042 696 126 56 quos
1105 696 142 56 indeco-

470 730 99 54 rum
527 730 128 54 esset
612 730 85 54 in
654 730 184 54 theologia
796 730 170 54 recitare
923 730 227 54 quantumlibet
1107 730 128 54 etiam
1178 730 71 54 bre

463 774 146 61 uiter.
566 774 73 61 â‹
595 774 117 61 Dico
668 774 117 61 ergo
741 774 88 61 ad
785 774 205 61 argumentum
946 774 161 61 aliter:
1063 774 73 61 &
1077 774 161 61 vtrobiqui

477 822 158 55 valebit
591 822 201 55 responsio:
749 822 158 55 negando
864 822 172 55 maiorem,
993 822 115 55 quod
1065 822 100 55 sit
1122 822 86 55 de
1151 822 100 55 ratio

466 868 92 52 ne
512 868 138 52 actus
604 868 123 52 boni
680 868 214 52 voluntatis
849 868 92 52 vt
895 868 199 52 reguletur
1048 868 77 52 a
1063 868 184 52 prudentia:

476 916 103 55 quia
540 916 116 55 satis
617 916 90 55 est
669 916 103 55 quod
733 916 167 55 reguletur
862 916 77 55 ab
900 916 180 55 ignorantia
1041 916 193 55 inuincibili
1183 916 64 55 vel

472 961 74 56 a
502 961 207 56 prudentia:
664 961 104 56 sed
724 961 133 56 ferme
812 961 148 56 semper
916 961 192 56 regulatur
1064 961 74 56 a
1079 961 177 56 prudentia:

477 1001 80 56 vt
517 1001 120 56 patet
597 1001 80 56 in
637 1001 134 56 duobus
731 1001 161 56 exemplis
851 1001 134 56 datis.
945 1001 134 56 Potest
1039 1001 120 56 tamen
1119 1001 107 56 dari
1173 1001 80 56 exem

467 1042 124 59 plum
545 1042 109 59 vbi
607 1042 202 59 conclusio
762 1042 124 59 erit
840 1042 186 59 dictamen
980 1042 202 59 practicum
1119 1042 140 59 falsum:

471 1089 72 57 &
499 1089 101 57 per
557 1089 202 57 consequens
715 1089 173 57 assensus
845 1089 115 57 eius
917 1089 115 57 erit
989 1089 202 57 ignorantia
1133 1089 115 57 prauae

471 1131 255 57 dispositionis
681 1131 270 57 inuincibiliter
905 1131 165 57 falsus.
1025 1131 135 57 Potes
1115 1131 90 57 si
1145 1131 105 57 volue

461 1178 111 52 ris
525 1178 158 52 dicere
635 1178 143 52 ipsum
730 1178 190 52 dictamen
873 1178 253 52 conclusionis
1079 1178 127 52 esse
1142 1178 111 52 verum

478 1222 180 56 veritate
613 1222 194 56 practica:
762 1222 75 56 &
792 1222 209 56 moraliter:
957 1222 135 56 licet
1047 1222 150 56 falsum
1136 1222 120 56 logice

473 1265 187 52 loquendo.
616 1265 101 52 hoc
674 1265 101 52 est
731 1265 158 52 dicere.
846 1265 201 52 conformans
1005 1265 86 52 se
1048 1265 115 52 illi
1105 1265 144 52 dictami-

468 1317 89 43 ni
513 1317 236 43 conclusionis
704 1317 133 43 facit
793 1317 133 43 bonam
881 1317 162 43 praxim:
999 1317 74 43 &
1029 1317 133 43 facit
1117 1317 133 43 actum
1191 1317 59 43 bo

464 1357 112 51 num:
534 1357 126 51 licet
618 1357 168 51 dictamen
745 1357 98 51 sit
801 1357 197 51 propositio
955 1357 140 51 falsa.
1053 1357 98 51 Non
1110 1357 126 51 iuuat
1180 1357 70 51 di-

472 1401 118 50 cere
546 1401 118 50 quod
620 1401 222 50 intellectus
798 1401 133 50 habet
886 1401 104 50 duo
945 1401 177 50 iudicia,
1079 1401 148 50 quorum
1167 1401 89 50 vnum

463 1443 126 49 est:
542 1443 126 49 huic
621 1443 174 49 pauperi
747 1443 142 49 danda
842 1443 110 49 est
905 1443 237 49 eleemosyna.
1094 1443 142 49 aliud
1173 1443 79 49 iu-

472 1492 154 44 dicium
579 1492 123 44 est,
656 1492 123 44 huic
733 1492 138 44 danda
826 1492 108 44 est
887 1492 231 44 eleemosyna:
1072 1492 77 44 &
1103 1492 138 44 actus
1179 1492 62 44 re

467 1533 179 56 gulatur
597 1533 81 56 a
629 1533 179 56 secundo
759 1533 195 56 iudicio:
906 1533 81 56 a
938 1533 114 56 quo
1003 1533 130 56 suam
1068 1533 179 56 bonitatem

473 1578 141 51 capit:
571 1578 70 51 &
599 1578 98 51 non
656 1578 70 51 a
684 1578 155 51 priore.
796 1578 98 51 Hoc
852 1578 112 51 enim
923 1578 98 51 non
979 1578 141 51 soluit
1063 1578 183 51 argumentum:

468 1620 125 60 quia
546 1620 218 60 secludatur
718 1620 202 60 posterius
873 1620 187 60 iudicium
1013 1620 156 60 stante
1107 1620 140 60 priores

474 1669 107 57 iam
535 1669 184 57 stringit
673 1669 230 57 argumentum.
857 1669 123 57 Dico
934 1669 123 57 ergo
1011 1669 123 57 quod
1072 1669 169 57 prudentia

477 1710 102 50 vel
536 1710 132 50 error
624 1710 234 50 inuincibilis
814 1710 234 50 sufficienter
1004 1710 161 50 regulat
1121 1710 132 50 actum
1194 1710 59 50 vo

469 1753 194 59 luntatis.
618 1753 75 59 â‹
648 1753 105 59 Sed
708 1753 105 59 quo
768 1753 90 59 ad
813 1753 164 59 diuitem
932 1753 90 59 in
977 1753 90 59 se
1022 1753 90 59 si
1067 1753 149 59 capiat
1156 1753 90 59 elee

471 1804 177 52 mosynam,
604 1804 89 52 an
648 1804 103 52 sit
707 1804 162 52 dominus
825 1804 148 52 illius
929 1804 221 52 eleemosynae
1091 1804 162 52 acceptae:

471 1844 108 48 alia
538 1844 94 48 est
592 1844 216 48 difficultas.
767 1844 81 48 Et
808 1844 108 48 dico
875 1844 108 48 quod
943 1844 108 48 non:
1010 1844 94 48 sed
1064 1844 148 48 tenetur
1159 1844 94 48 diues

471 1893 119 47 hanc
545 1893 223 47 eleemosynam
724 1893 119 47 dare
798 1893 134 47 aliis
887 1893 223 47 pauperibus:
1066 1893 74 47 &
1095 1893 104 47 non
1140 1893 104 47 prio-

473 1940 85 42 ri
515 1940 170 42 domimno.
643 1940 128 42 Ratio
728 1940 113 42 est:
799 1940 113 42 quod
870 1940 156 42 dominus
983 1940 71 42 a
1012 1940 85 42 se
1054 1940 156 42 abdicat
1154 1940 99 42 domi-

473 1976 136 53 nium
558 1976 170 53 illius
677 1976 254 53 eleemosynae
880 1976 170 53 datae:
999 1976 85 53 &
1033 1976 136 53 suum
1100 1976 153 53 meritum

476 2025 106 52 iam
537 2025 91 52 in
582 2025 167 52 datione
704 2025 228 52 eleemosynae
886 2025 228 52 consequutus
1068 2025 121 52 est,
1129 2025 121 52 inten-

479 2063 136 62 dens
564 2063 85 62 &
598 2063 170 62 volens
718 2063 256 62 eleemosynam
922 2063 136 62 dare
1007 2063 119 62 vni
1076 2063 188 62 pauperi
1195 2063 51 62 &

475 2109 168 59 praecise
601 2109 126 59 tali:
685 2109 98 59 cum
741 2109 112 59 ergo
811 2109 112 59 iste
880 2109 126 59 diues
964 2109 168 59 simulans
1090 2109 84 59 se
1132 2109 112 59 esse
1188 2109 70 59 pau

475 2157 125 53 perem
558 2157 97 53 non
614 2157 97 53 sit
669 2157 139 53 talis:
766 2157 97 53 non
822 2157 97 53 est
877 2157 166 53 intentio
1002 2157 152 53 dantis:
1112 2157 83 53 ei
1140 2157 111 53 eleemo

466 2202 125 58 synam
550 2202 181 58 conferre.
689 2202 125 58 causa
772 2202 111 58 data
842 2202 70 58 /
870 2202 125 58 causa
953 2202 97 58 non
1009 2202 167 58 sequuta.
1134 2202 83 58 Si
1162 2202 97 58 tamen

477 2246 191 47 pauptatem
624 2246 205 47 praeferens
785 2246 147 47 fingat
888 2246 88 47 se
932 2246 176 47 deuotum,
1064 2246 103 47 vel
1123 2246 132 47 morbo
1196 2246 59 47 la

465 2288 183 54 borantem
602 2288 91 54 vt
647 2288 228 54 eleemosynam
830 2288 167 54 habeat:
952 2288 228 54 eleemosynam
1119 2288 137 54 habitam

475 2334 95 54 non
530 2334 149 54 tenetur
638 2334 203 54 restituere.
800 2334 95 54 cum
854 2334 108 54 enim
921 2334 95 54 non
975 2334 95 54 sit
1029 2334 189 54 verosimile
1164 2334 95 54 diui-

472 2382 85 50 ti
514 2382 199 50 accipienti
670 2382 113 50 quod
741 2382 170 50 intentio
869 2382 142 50 dantis
968 2382 113 50 erat
1039 2382 113 50 dare
1110 2382 113 50 soli
1167 2382 85 50 huic

470 2422 253 51 accipienti:
672 2422 135 51 quem
757 2422 185 51 putabat
891 2422 219 51 pauperem:
1060 2422 118 51 non
1127 2422 118 51 est
1178 2422 84 51 ne-

473 2466 138 45 cesse
565 2466 92 45 vt
610 2466 92 45 ei
656 2466 214 45 restituat:
825 2466 107 45 vel
886 2466 92 45 de
932 2466 107 45 hoc
993 2466 245 45 conscientiam
1177 2466 77 45 fa-

476 2513 129 51 ciat:
561 2513 114 51 nisi
633 2513 100 51 hoc
690 2513 157 51 aliunde
805 2513 172 51 constet:
933 2513 114 51 quia
1005 2513 100 51 sic
1062 2513 157 51 tenetur
1162 2513 100 51 resti

472 2555 154 48 tuere
575 2555 137 48 vero
661 2555 189 48 domino:
798 2555 120 48 vel
866 2555 137 48 eius
952 2555 240 48 voluntatem
1141 2555 103 48 in
1175 2555 86 48 hoc

465 2599 192 53 indagare.
613 2599 104 53 Sed
672 2599 148 53 dicis.
776 2599 104 53 cum
835 2599 177 53 iudicium
968 2599 222 53 intellectus
1131 2599 118 53 faciat

477 2644 97 61 ad
525 2644 258 61 obligationem
735 2644 225 61 voluntatis
912 2644 97 61 de
960 2644 177 61 datione
1073 2644 177 61 eleemosyi

471 2693 117 69 nae:
545 2693 176 69 sequitur
677 2693 117 69 quod
750 2693 103 69 per
809 2693 161 69 aliquid
926 2693 117 69 mere
1000 2693 176 69 naturale
1132 2693 117 69 quod
1190 2693 59 69 no

1301 269 110 76 est
1364 269 95 76 in
1412 269 205 76 potestate
1569 269 173 76 nostra,
1695 269 221 76 merebimur:
1868 269 110 76 vel
1916 269 173 76 demerebi-

1295 334 127 58 mut,
1374 334 158 58 contra
1485 334 237 58 Aristotelem
1675 334 158 58 tertio
1785 334 206 58 Ethicorum
1928 334 158 58 dicentem

1297 382 181 45 Propter.
1433 382 121 45 illa
1508 382 121 45 quae
1583 382 136 45 nobis
1674 382 75 45 a
1704 382 151 45 natura
1810 382 151 45 insunt
1915 382 106 45 nec
1960 382 121 45 lauda-

1298 432 110 48 mut
1361 432 110 48 nec
1424 432 250 48 vituperamur.
1627 432 110 48 sed
1690 432 125 48 quod
1768 432 141 48 illud
1862 432 188 48 sequatur
1987 432 94 48 sae-

1305 470 192 54 piuscule,
1453 470 89 54 in
1498 470 192 54 proposito
1646 470 148 54 patet.
1749 470 104 54 Nam
1809 470 133 54 primo
1897 470 148 54 habens
1986 470 89 54 igno

1302 522 176 42 rantiam
1430 522 256 42 inuincibilem
1638 522 96 42 de
1686 522 224 42 paupertate
1862 522 192 42 notabili
1990 522 96 42 sor-

1302 558 119 46 tis:
1376 558 104 46 non
1436 558 134 46 pecco
1525 558 104 46 non
1584 558 134 46 dando
1673 558 89 46 ei
1718 558 238 46 eleemosynam.
1911 558 148 46 postea
2000 558 89 46 vero

1314 599 161 48 habens
1427 599 193 48 iudicium
1571 599 161 48 certum
1684 599 129 48 siue
1764 599 177 48 euidens
1893 599 129 48 siue
1957 599 129 48 ineui-

1308 646 129 61 dens
1389 646 242 61 naturaliter
1582 646 242 61 acquisitum:
1776 646 113 61 non
1840 646 145 61 dando
1937 646 161 61 pecco:
2034 646 48 61 &

1312 690 120 50 hoc
1380 690 120 50 per
1449 690 188 50 aliquod
1585 690 137 50 mere
1671 690 222 50 naturale.
1842 690 85 50 â‹
1859 690 222 50 Respondetui

1311 740 205 49 concedendo
1472 740 117 49 quod
1545 740 175 49 iudicium
1677 740 219 49 intellectus
1852 740 146 49 multum
1954 740 132 49 facit
2028 740 58 49 ad

1319 781 186 52 peccatum
1459 781 109 52 vel
1521 781 186 52 meritum.
1661 781 93 52 si
1708 781 124 52 enim
1785 781 155 52 habeam
1894 781 186 52 assensum
2018 781 62 52 ve

1315 826 238 52 gnorantiam
1502 826 238 52 vincibilem
1689 826 102 52 de
1740 826 153 52 magna
1842 826 170 52 inopia
1944 826 136 52 istius

1309 879 196 50 pauperis:
1460 879 106 50 non
1520 879 226 50 succurrendo
1701 879 121 50 illi
1777 879 151 50 pecco:
1883 879 75 50 &
1913 879 91 50 si
1943 879 151 50 ignoran-

1310 916 126 51 tiam
1389 916 251 51 inuincibilem
1593 916 157 51 habeam
1703 916 110 51 non
1766 916 157 51 pecco.
1876 916 110 51 sed
1939 916 94 51 no
1970 916 126 51 mereor

1313 957 114 57 nec
1378 957 195 57 demereor
1524 957 114 57 per
1589 957 179 57 aliquod
1719 957 130 57 mere
1800 957 211 57 naturale:
1962 957 114 57 sed
2011 957 81 57 per

1318 1004 168 49 aliquod
1440 1004 183 49 liberum,
1577 1004 183 49 scilicet
1715 1004 107 49 per
1776 1004 137 49 actum
1867 1004 214 49 voluntatis
2020 1004 76 49 li-

1314 1047 121 47 bere
1390 1047 182 47 elicitum
1526 1047 106 47 vel
1587 1047 212 47 omissionem
1753 1047 167 47 illius.
1875 1047 182 47 iudicium
1996 1047 91 47 enim

1313 1091 234 45 intellectus
1501 1091 125 45 mere
1578 1091 234 45 naturaliter
1766 1091 203 45 adueniens
1906 1091 187 45 ministrans

1314 1135 133 52 lumen
1403 1135 192 52 voluntati
1550 1135 103 52 est
1609 1135 251 52 praerequisita
1816 1135 133 52 causa
1904 1135 147 52 illius
1993 1135 88 52 mer-

1316 1180 86 47 ti
1359 1180 100 47 vel
1416 1180 172 47 demeriti
1545 1180 158 47 liberi.
1659 1180 215 47 Aristoteles
1831 1180 129 47 autem
1917 1180 172 47 loquitur
2032 1180 57 47 de

1314 1226 120 42 illo
1389 1226 120 42 quod
1464 1226 135 42 nullo
1555 1226 120 42 modo
1630 1226 105 42 est
1690 1226 135 42 situm
1780 1226 90 42 in
1825 1226 196 42 facultate
1961 1226 135 42 nostra.

1308 1270 192 53 propterea
1456 1270 147 53 dicit.
1559 1270 133 53 Caeco
1647 1270 118 53 quis
1721 1270 250 53 improperabit:
1927 1270 118 53 modo
1986 1270 103 53 actus

1311 1321 203 51 voluntatis
1471 1321 160 51 nostrae
1588 1321 102 51 est
1646 1321 189 51 totaliter
1791 1321 145 51 liber:
1893 1321 102 51 sed
1936 1321 160 51 imputabi-

1309 1357 137 53 litas
1400 1357 107 53 vel
1461 1357 168 53 meritum
1583 1357 122 53 eius
1660 1357 76 53 a
1690 1357 168 53 iudicio
1812 1357 229 53 intellectus
1980 1357 107 53 depen

1312 1400 123 50 det,
1388 1400 138 50 sicut
1480 1400 77 50 &
1511 1400 123 50 eius
1573 1400 199 50 gubernatio.

1644 1584 241 81 Actenus
1820 1584 132 81 de
1864 1584 219 81 satisfa-

1657 1652 154 69 ctione
1764 1652 92 69 in
1810 1652 184 69 generali
1948 1652 77 69 &
1964 1652 138 69 aliqui-

1650 1704 112 59 bus
1714 1704 320 59 satisfactionibus
1986 1704 96 59 in
2018 1704 80 59 par

1658 1746 170 63 ticulari
1785 1746 155 63 loquuti
1898 1746 141 63 sumus:
1997 1746 85 63 vt
2025 1746 71 63 po-

1651 1792 88 61 te
1695 1792 88 61 in
1739 1792 191 61 generali,
1886 1792 88 61 an
1930 1792 147 61 manens
2033 1792 88 61 in

1645 1839 153 57 mortali
1756 1839 139 57 possit
1853 1839 222 57 satisfacetur
2020 1839 69 57 poe

1620 1889 201 57 nitentiae
1774 1889 217 57 iniunctae:
1944 1889 77 57 &
1975 1889 93 57 an
2006 1889 93 57 opus

1306 1929 258 60 satisfactorium
1520 1929 100 60 sit
1578 1929 129 60 aeque
1664 1929 215 60 meritorium,
1835 1929 86 60 ac
1878 1929 86 60 no
1907 1929 186 60 satisfacto-

1319 1971 131 60 rium.
1406 1971 145 60 postea
1507 1971 87 60 de
1551 1971 145 60 duabus
1652 1971 290 60 satisfactionibus
1899 1971 87 60 in
1928 1971 160 60 particula

1311 2015 95 55 ri
1359 2015 173 55 loquuti
1485 2015 158 55 sumus:
1595 2015 158 55 vtpote
1705 2015 95 55 de
1752 2015 173 55 ieiunio
1878 2015 79 55 &
1894 2015 189 55 eleemosyna

1315 2060 125 57 alias
1398 2060 83 57 de
1440 2060 167 57 oratione
1565 2060 194 57 loquuturi.
1718 2060 111 57 Nunc
1787 2060 236 57 restitutionem
1968 2060 125 57 attenta

1313 2105 117 56 bimus
1391 2105 78 56 in
1430 2105 104 56 quam
1495 2105 156 56 plurimum
1612 2105 91 56 est
1664 2105 169 56 periculi.
1794 2105 91 56 Tum
1846 2105 104 56 quod
1911 2105 169 56 difficile
2028 2105 65 56 est

1307 2147 156 58 discer
1416 2147 125 58 nere
1494 2147 140 58 inter
1588 2147 140 58 casus
1681 2147 203 58 ambiguos.
1837 2147 109 58 Tum
1899 2147 125 58 quod
1977 2147 125 58 post
2040 2147 62 58 re

1318 2197 96 53 cte
1373 2197 165 53 dictatum
1497 2197 165 53 plerique
1621 2197 193 53 restituere
1772 2197 165 53 nolentes
1896 2197 193 53 damnantur.
2034 2197 55 53 Ei

1321 2237 99 66 nia
1377 2237 113 66 haec
1448 2237 197 66 restitutio
1603 2237 169 66 dependet
1730 2237 85 66 ex
1772 2237 225 66 contractibus
1955 2237 155 66 licitis
2054 2237 42 66 &

1317 2279 202 61 illicitis:
1475 2279 87 61 in
1519 2279 144 61 primis
1620 2279 87 61 de
1663 2279 130 61 rerum
1750 2279 159 61 dominio
1865 2279 130 61 iusto
1937 2279 159 61 loquendum

1316 2325 136 58 erit:
1407 2325 151 58 quonam
1512 2325 136 58 pacto
1603 2325 166 58 dominia
1724 2325 136 58 rerum
1815 2325 136 58 iuste
1890 2325 212 58 acquirantur.

1311 2378 110 55 quia
1380 2378 83 55 vt
1421 2378 152 55 dicitur
1532 2378 124 55 primo
1614 2378 83 55 de
1656 2378 124 55 Aina,
1738 2378 138 55 rectum
1835 2378 96 55 est
1890 2378 124 55 iudex
1959 2378 124 55 obliqui

1321 2428 96 51 cum
1376 2428 96 51 non
1431 2428 205 51 cognoscatur
1595 2428 151 51 alienum
1705 2428 110 51 nisi
1773 2428 151 51 proprio
1883 2428 96 51 vel
1924 2428 178 51 proprietate

1320 2458 180 61 cognita.
1455 2458 75 61 â‹
1485 2458 150 61 Quaero
1591 2458 150 61 igitur
1696 2458 120 61 hunc
1771 2458 226 61 quaestionis
1937 2458 150 61 titulum.

1316 2503 95 61 an
1364 2503 142 61 rerum
1458 2503 173 61 dominia
1584 2503 126 61 iure
1663 2503 189 61 naturae,
1805 2503 173 61 diuino,
1931 2503 95 61 an
1962 2503 126 61 humano

1322 2551 154 57 partita
1434 2551 126 57 sint.
1518 2551 70 57 â‹
1545 2551 98 57 Pro
1601 2551 182 57 solutione
1741 2551 209 57 quaestionis
1908 2551 140 57 aliqua
1992 2551 98 57 nota-

1318 2591 124 57 bilia
1401 2591 207 57 praemittam:
1567 2591 138 57 postea
1664 2591 193 57 conclusiue
1816 2591 207 57 responsurus
1981 2591 83 57 ad
2009 2591 83 57 titu

1319 2648 100 49 lum
1376 2648 214 49 quaestionis
1547 2648 100 49 cum
1604 2648 128 49 aliis
1689 2648 242 49 occurrentibus
1888 2648 114 49 quae
1945 2648 157 49 quaestio-

1307 2681 109 72 nem
1370 2681 249 72 elucidabunt.
1572 2681 203 72 Nominales
1728 2681 218 72 infectando
1899 2681 156 72 dicere
1993 2681 109 72 opor
