2310 3330
437 312 142 63 ducit
532 312 126 63 vnum
610 312 189 63 angelum.
752 312 126 63 ille
831 312 157 63 primus
941 312 173 63 angelus
1066 312 94 63 ab
1098 312 110 63 aeter

445 372 83 45 no
487 372 180 45 productus
625 372 111 45 tria
694 372 207 45 intelligit:
860 372 124 45 primo
943 372 124 45 deum:
1025 372 97 45 per
1081 372 111 45 hanc
1136 372 69 45 in-

437 419 90 43 tel
488 419 166 43 iectionem
616 419 154 43 producit
732 419 154 43 secundam
847 419 243 43 intelligentiam:
1051 419 115 43 prima
1115 419 90 43 produ

438 453 96 59 cta
493 453 192 59 inferiore.
644 453 151 59 Secundo
754 453 192 59 intelligit
905 453 165 59 seipsum:
1029 453 69 59 &
1056 453 82 59 in
1097 453 96 59 hoc
1138 453 69 59 pro

438 508 134 46 ducit
527 508 148 46 animam
631 508 134 46 primi
720 508 148 46 orbis,
824 508 104 46 hoc
883 508 104 46 est
943 508 134 46 caeli
1032 508 163 46 decimi.
1136 508 74 46 Ter

439 538 93 64 tio
492 538 185 64 intelligit
637 538 106 64 suam
704 538 265 64 potentialitatem:
929 538 93 64 hoc
982 538 93 64 est
1035 538 106 64 quod
1101 538 93 64 non
1141 538 66 64 ha-

441 586 99 53 bet
497 586 225 53 necessitatem
680 586 85 53 ex
723 586 99 53 se:
779 586 99 53 sed
836 586 85 53 ab
878 586 127 53 alio.
962 586 70 53 &
991 586 85 53 in
1033 586 113 53 illa
1089 586 127 53 intelle

442 630 154 51 ctione
550 630 185 51 producit
689 630 154 51 primum
797 630 170 51 mobile.
920 630 185 51 Secundus
1060 630 170 51 angelus
1168 630 46 51 a

439 681 130 53 primo
525 681 188 53 productus
670 681 231 53 intelligendo
858 681 145 53 primum
959 681 174 53 productu
1089 681 145 53 produ-

443 717 93 54 cit
496 717 133 54 tertiu
589 717 80 54 se
629 717 199 54 inferiorem.
788 717 80 54 Et
828 717 80 54 de
868 717 120 54 anima
948 717 146 54 secundi
1054 717 120 54 orbis
1134 717 66 54 &
1148 717 66 54 se-

439 767 137 55 cundo
530 767 121 55 orbe
606 767 182 55 dicatur:
742 767 137 55 sicut
834 767 121 55 nunc
909 767 91 55 de
955 767 137 55 primo
1046 767 182 55 diximus:
1167 767 46 55 &

440 806 99 54 sic
496 806 127 54 vsque
581 806 85 54 ad
624 806 127 54 orbem
708 806 141 54 lunae,
807 806 71 54 &
836 806 85 54 ad
878 806 170 54 datricem
1005 806 170 54 formarum
1118 806 99 54 inclu

445 858 110 53 siue
514 858 165 53 dicatur.
638 858 96 53 Hic
693 858 124 53 modus
775 858 151 53 dicendi
886 858 96 53 cum
941 858 206 53 productione
1092 858 110 53 perso-

434 905 126 49 natum
518 905 84 49 in
560 905 154 49 diuinis
671 905 154 49 aliquam
783 905 209 49 vicinitatem
951 905 140 49 habet:
1048 905 70 49 &
1062 905 154 49 difficile

449 939 95 58 est
504 939 95 58 eum
558 939 82 58 in
599 939 136 58 lumine
695 939 164 58 naturali
818 939 150 58 eluere.
927 939 150 58 Creatio
1036 939 123 58 autem
1104 939 109 58 aeter-

435 988 89 45 na
480 988 104 45 non
539 988 178 45 repugnat
673 988 149 45 dictis
777 988 253 45 philosophorum
985 988 208 45 principis.
1134 988 74 45 ni.

432 1028 132 58 Meta.
520 1028 175 58 dicentis
652 1028 117 58 quod
725 1028 73 58 a
754 1028 132 58 primo
842 1028 146 58 motore
944 1028 175 58 dependet
1075 1028 146 58 caelum
1163 1028 44 58 &

442 1072 167 50 materia
563 1072 151 50 prima.
669 1072 91 50 Et
714 1072 227 50 Commentator
896 1072 91 50 in
941 1072 91 50 de
987 1072 212 50 substantia
1138 1072 76 50 or-

440 1120 93 55 bis
493 1120 159 55 tractatu
612 1120 159 55 secundo,
732 1120 133 55 dicit,
825 1120 106 55 quod
891 1120 133 55 corpus
984 1120 159 55 caeleste
1090 1120 120 55 indiget

436 1171 96 46 non
491 1171 137 46 tantum
587 1171 150 46 virtute
696 1171 150 46 mouente
805 1171 82 46 in
846 1171 123 46 loco,
928 1171 96 46 sed
983 1171 178 46 largiente
1119 1171 82 46 ei
1146 1171 55 46 in

437 1212 83 51 se
479 1212 70 51 &
507 1212 83 51 in
548 1212 97 51 sua
604 1212 195 51 substantia
757 1212 223 51 permanentiam
938 1212 167 51 aeterna.
1049 1212 153 51 Praeterea

434 1249 155 51 secundo
547 1249 127 51 Meta.
632 1249 240 51 sempiternorum
829 1249 113 51 sunt
900 1249 141 51 causae
999 1249 113 51 quae
1070 1249 113 51 sunt
1140 1249 99 51 ma-

437 1301 130 50 xime:
523 1301 116 50 quia
596 1301 116 50 sunt
668 1301 130 50 causa
755 1301 130 50 aliis
841 1301 87 50 vt
885 1301 130 50 sint,
971 1301 87 50 no
1015 1301 130 50 solum
1101 1301 87 50 de
1130 1301 87 50 sem-

446 1339 210 64 piternitate
614 1339 238 64 conclusionis:
810 1339 98 64 hoc
866 1339 98 64 est
922 1339 238 64 propositionum
1104 1339 98 64 neces

435 1387 159 57 sariarum
554 1387 93 57 Nec
607 1387 212 57 deterreberis
780 1387 173 57 propterea
913 1387 106 57 quod
979 1387 146 57 aliquis
1072 1387 133 57 effectus

429 1429 88 59 de
473 1429 220 59 necessitate
650 1429 103 59 fit
708 1429 73 59 &
738 1429 88 59 ab
782 1429 162 59 aetemo:
899 1429 118 59 quia
973 1429 103 59 hoc
1017 1429 191 59 Aristotelen

441 1472 198 54 concedere
593 1472 213 54 oportebit:
760 1472 91 54 vt
806 1472 137 54 patet
898 1472 91 54 de
943 1472 152 54 lumine
1050 1472 137 54 solis
1126 1472 76 54 pro

435 1520 133 54 ducto
524 1520 88 54 in
568 1520 162 54 Venerem
686 1520 74 54 &
715 1520 206 54 Mercurium:
878 1520 103 54 qui
937 1520 147 54 semper
1040 1520 118 54 sunt
1114 1520 88 54 in
1143 1520 59 54 bo

436 1562 83 57 na
478 1562 236 57 propinquitate
672 1562 83 57 ad
714 1562 139 57 solem.
811 1562 97 57 Sed
866 1562 111 57 quia
936 1562 125 57 illic
1019 1562 125 57 esset
1088 1562 125 57 ambages

434 1607 84 57 de
476 1607 169 57 partibus
603 1607 141 57 illius
701 1607 155 57 luminis
814 1607 155 57 propter
927 1607 211 57 remissionem
1095 1607 141 57 quando

431 1658 159 48 planetae
550 1658 106 48 illi
616 1658 133 48 multum
709 1658 146 48 distant
815 1658 66 48 a
842 1658 119 48 sole:
921 1658 66 48 &
948 1658 199 48 intensionem
1107 1658 133 48 quando

430 1693 122 56 soli
506 1693 305 56 appropinquantur:
765 1693 183 56 capiatur
903 1693 137 56 lumen
994 1693 92 56 in
1025 1693 183 56 determina-

431 1741 83 56 ta
473 1741 124 56 parte
555 1741 165 56 sphaerae
679 1741 138 56 solis,
775 1741 124 56 inter
858 1741 110 56 quam
927 1741 69 56 &
954 1741 138 56 corpus
1051 1741 138 56 solare
1133 1741 69 56 non

442 1785 102 48 pot
501 1785 146 48 cadere
603 1785 146 48 corpus
705 1785 161 48 opacum:
822 1785 131 48 illud
910 1785 131 48 lumen
997 1785 146 48 secund
1100 1785 88 48 in
1129 1785 73 48 Ari

433 1830 169 54 stotelem
560 1830 113 54 fuit
630 1830 85 54 ab
672 1830 155 54 aetemo:
785 1830 99 54 hoc
842 1830 99 54 est
898 1830 155 54 tenendo
997 1830 211 54 perpetuitatem

438 1869 119 60 mundi
517 1869 158 60 secundum
635 1869 224 60 imaginationem
820 1869 119 60 eius:
899 1869 105 60 quam
965 1869 132 60 (licet
1057 1869 92 60 sit
1097 1869 105 60 falsa)

436 1916 115 52 tamen
513 1916 89 52 est
564 1916 191 52 possibilis:
717 1916 64 52 &
743 1916 89 52 hoc
794 1916 166 52 sufficit,
921 1916 102 52 quod
985 1916 204 52 consequenter
1138 1916 64 52 ips

437 1964 120 44 habet
517 1964 147 44 dicere:
623 1964 160 44 scilicet
743 1964 107 44 quod
810 1964 120 44 illud
890 1964 120 44 lumen
970 1964 107 44 fuit
1037 1964 80 44 ab
1077 1964 147 44 aetemo:
1170 1964 40 44 &

443 2003 86 50 de
486 2003 216 50 necessitate
658 2003 115 50 est:
730 2003 115 50 quia
802 2003 86 50 de
845 2003 216 50 necessitate
1018 2003 129 50 habet
1104 2003 115 50 esse
1162 2003 43 50 a

433 2052 101 54 sua
490 2052 129 54 causa
576 2052 101 54 non
634 2052 215 54 impedibili.
806 2052 72 54 &
835 2052 115 54 dato
906 2052 115 54 quod
978 2052 187 54 quodlibet
1107 2052 101 54 lumen

431 2098 96 51 cum
486 2098 165 51 quolibet
610 2098 96 51 sit
664 2098 151 51 eiusdem
774 2098 151 51 speciei
884 2098 260 51 specialissimae:
1103 2098 96 51 non
1144 2098 55 51 se

432 2146 160 47 quitur,
549 2146 87 47 si
593 2146 131 47 lumen
680 2146 102 47 hic
738 2146 175 47 inferius
869 2146 218 47 corrumpatur
1044 2146 116 47 quod
1102 2146 102 47 lumen

438 2183 79 53 in
477 2183 145 53 sphaera
583 2183 119 53 solis
662 2183 211 53 corrumpatur:
833 2183 92 53 sed
886 2183 92 53 est
938 2183 211 53 corruptibile
1110 2183 79 53 de
1136 2183 66 53 ses

432 2225 75 62 &
462 2225 238 62 corruperetur
656 2225 119 62 nisi
730 2225 164 62 haberet
849 2225 149 62 causam
954 2225 209 62 necessario
1103 2225 104 62 ipsum

431 2272 245 57 conseruantem.
632 2272 72 57 &
661 2272 101 57 sic
719 2272 130 57 ipsum
805 2272 101 57 est
862 2272 230 57 corruptibile
1050 2272 144 57 suapte
1136 2272 72 57 na-

430 2326 124 48 tura.
513 2326 83 48 Et
555 2326 180 48 similiter
693 2326 138 48 dicere
789 2326 124 48 potes
872 2326 83 48 de
914 2326 193 48 quantitate
1052 2326 138 48 continua

434 2360 149 58 tenendo
543 2360 203 58 quantitatem
705 2360 68 58 a
732 2360 189 58 substantia
881 2360 68 58 &
908 2360 176 58 qualitate
1029 2360 176 58 distinctam:

435 2414 156 44 quantitas
555 2414 96 44 enim
615 2414 108 44 caeli
688 2414 84 44 num
736 2414 96 44 quam
796 2414 193 44 corrumpetur:
952 2414 60 44 &
976 2414 108 44 tamen
1049 2414 156 44 quantitas
1157 2414 48 44 ho

441 2448 89 57 rum
492 2448 179 57 inferiorum
633 2448 204 57 corrumpitur.
799 2448 89 57 Sic
850 2448 77 57 de
889 2448 230 57 intelligentiis
1080 2448 128 57 orbium
1157 2448 51 57 di

424 2493 141 43 cetur:
523 2493 113 43 quod
594 2493 127 43 omne,
679 2493 71 43 a
707 2493 127 43 primo
792 2493 141 43 motore
891 2493 141 43 habent
990 2493 127 43 esse:
1075 2493 71 43 &
1103 2493 85 43 de
1131 2493 71 43 ne-

436 2536 186 58 cessitate
579 2536 129 58 sunt:
664 2536 129 58 licet
750 2536 157 58 habeant
864 2536 114 58 esse
936 2536 86 58 ab
979 2536 129 58 alio.
1093 2536 86 58 Ex
1122 2536 71 58 his

433 2587 189 52 colligitur
582 2587 108 52 quod
650 2587 149 52 creatio
758 2587 95 52 est
812 2587 189 52 possibilis
961 2587 216 52 naturaliter:
1123 2587 81 52 crea

428 2628 97 51 tio
483 2628 138 51 inquam
580 2628 208 51 necessaria,
746 2628 111 51 quod
816 2628 125 51 patet
899 2628 83 51 de
940 2628 125 51 istis
1009 2628 180 51 substantiis

429 2668 191 54 separatis
576 2668 191 54 productis
723 2668 88 54 ab
767 2668 147 54 aetemo
870 2668 132 54 extra
958 2668 191 54 materiam.
1090 2668 103 54 Illud

430 2711 133 72 autem
519 2711 148 72 Arist.
622 2711 133 72 primo
711 2711 221 72 Physicorum.
888 2711 89 72 Ex
932 2711 148 72 nihilo
1036 2711 133 72 nihil
1109 2711 89 72 fit:

1277 315 82 63 vt
1318 315 136 63 dicunt
1413 315 122 63 omnes
1495 315 204 63 naturaliter
1658 315 190 63 loquentes:
1807 315 95 63 sic
1848 315 204 63 intelligitur.

1277 356 131 61 ninil
1364 356 102 61 fit
1422 356 87 61 ex
1465 356 174 61 subiecto
1596 356 102 61 non
1654 356 247 61 praesupposito
1857 356 145 61 ordine
1944 356 102 61 dura-

1276 413 156 48 tionis,
1390 413 100 48 hoc
1446 413 100 48 est
1503 413 185 48 temporis.
1646 413 85 48 Si
1688 413 128 48 ponas
1774 413 142 48 primam
1859 413 185 48 intelligen-

1274 458 105 53 tiam
1339 458 92 53 per
1392 458 144 53 instans
1497 458 92 53 vel
1549 458 118 53 repus
1628 458 92 53 non
1681 458 171 53 producere
1812 458 157 53 secundam
1917 458 131 53 intelli-

1276 506 177 54 gentiam:
1409 506 74 54 &
1439 506 118 54 haec
1513 506 222 54 necessaria:
1690 506 222 54 impossibile
1867 506 89 54 in
1911 506 148 54 natura
2000 506 59 54 po

1265 551 126 47 nis:
1344 551 94 47 ad
1391 551 126 47 quod
1469 551 141 47 nulla
1563 551 110 47 est
1610 551 173 47 potentia.

1311 604 253 80 Caeterum
1501 604 253 80 theologi
1691 604 190 80 super
1797 604 253 80 quaestione

1280 667 182 61 proposita
1420 667 126 61 inter
1503 667 84 61 se
1545 667 237 61 digladiantur:
1741 667 98 61 sed
1797 667 182 61 vuitatius
1922 667 126 61 tenetur

1282 724 109 50 pars
1351 724 178 50 negatiua,
1487 724 178 50 aliquibus
1624 724 123 50 tamen
1706 724 191 50 tenentibus
1857 724 109 50 quod
1911 724 137 50 potentia

1280 770 140 49 creandi
1382 770 166 49 creaturae
1510 770 166 49 impartiri
1637 770 140 49 potest:
1739 770 115 49 licet
1816 770 89 49 eam
1867 770 115 49 adhuc
1930 770 115 49 creatu-

1273 802 102 48 rae
1332 802 102 48 non
1390 802 247 48 impartiuerit.
1593 802 131 48 Huius
1681 802 189 48 opinionis
1826 802 131 48 visus
1913 802 102 48 est
1957 802 87 48 esse

1276 850 165 51 Magister
1400 850 219 51 sententiarum
1578 850 123 51 dist.
1660 850 82 51 v.
1701 850 123 51 huius
1784 850 151 51 quarti.
1893 850 110 51 Alii
1948 850 96 51 autem

1275 892 134 52 tenent
1368 892 107 52 quod
1435 892 94 52 nec
1489 892 241 52 principaliter,
1690 892 94 52 nec
1743 892 268 52 instrumentaliter
1957 892 94 52 crea-

1278 934 106 51 tura
1344 934 106 51 post
1410 934 146 51 creare.
1516 934 119 51 Alii,
1595 934 106 51 quod
1661 934 132 51 potest
1754 934 198 51 annihilare:
1913 934 93 51 non
1952 934 93 51 autem

1272 980 164 56 creare.
1421 980 238 56 Conterraneus
1615 980 119 56 post
1689 980 149 56 multas
1794 980 179 56 rationes
1913 980 134 56 praede-

1276 1032 175 51 cessorum
1407 1032 204 51 reprobatas
1568 1032 131 51 capit
1655 1032 116 51 tres
1728 1032 262 51 propositiones:
1932 1032 116 51 quibus

1269 1068 170 50 concludit
1400 1068 131 50 contra
1492 1068 183 50 Auicennam,
1636 1068 105 50 quod
1701 1068 157 50 creatura
1819 1068 92 50 non
1872 1068 131 50 potest
1950 1068 92 50 crea-

1268 1114 98 49 re.
1324 1114 126 49 Prima
1408 1114 112 49 est.
1479 1114 140 49 nullum
1577 1114 168 49 accidens
1703 1114 197 49 requiritur
1857 1114 84 49 ad
1900 1114 182 49 causandam

1271 1158 225 48 substantiam.
1454 1158 155 48 Secunda
1566 1158 211 48 propositio.
1735 1158 211 48 intellectio
1904 1158 141 48 angeli
1989 1158 56 48 ab

1267 1203 85 52 eo
1309 1203 240 52 distinguitur.
1507 1203 155 52 Tertia.
1620 1203 85 52 ad
1663 1203 198 52 quodcumque
1818 1203 212 52 producendum
1973 1203 71 52 ex-

1264 1248 96 58 tra
1319 1248 193 58 requiritur
1471 1248 207 58 intellectio
1636 1248 69 58 &
1664 1248 179 58 voluntas.
1801 1248 193 58 Intelligit
1953 1248 83 58 de
1980 1248 69 58 pro

1267 1290 180 51 ductione
1402 1290 105 51 non
1462 1290 210 51 obiectiua:
1627 1290 135 51 notum
1718 1290 105 51 est
1778 1290 120 51 enim
1853 1290 120 51 quod
1913 1290 135 51 angelus

1267 1338 179 45 concurrit
1405 1338 83 45 ad
1446 1338 165 45 notitiam
1570 1338 193 45 intuitiuam
1721 1338 110 45 quae
1790 1338 83 45 de
1832 1338 83 45 eo
1873 1338 138 45 habet,
1955 1338 83 45 sine

1269 1379 163 51 notitia
1387 1379 74 51 &
1417 1379 207 51 volitione:
1580 1379 118 51 quia
1654 1379 89 51 ad
1698 1379 103 51 hoc
1757 1379 133 51 facit
1846 1379 148 51 albedo
1935 1379 103 51 omnis

1271 1426 169 48 notitiae
1398 1426 70 48 &
1426 1426 197 48 volitionis
1581 1426 155 48 expers.
1693 1426 183 48 Difficile
1834 1426 99 48 est
1890 1426 141 48 primam
1975 1426 70 48 pro

1270 1471 191 48 positionem
1420 1471 164 48 probare:
1543 1471 177 48 oppositum
1679 1471 123 48 autem
1761 1471 164 48 fortasse
1884 1471 95 48 est
1924 1471 123 48 probabi

1263 1514 117 45 lius
1337 1514 234 45 propositione
1527 1514 117 45 ipsa
1600 1514 88 45 in
1644 1514 146 45 lumine
1747 1514 190 45 naturali,
1893 1514 88 45 vt
1922 1514 132 45 patebit

1267 1561 120 49 xii.
1342 1561 105 49 di.
1402 1561 150 49 huius.
1507 1561 165 49 Secunda
1627 1561 105 49 est
1688 1561 225 49 probabilis:
1868 1561 75 49 &
1883 1561 165 49 oppositum

1280 1604 94 46 vix
1333 1604 108 46 sine
1401 1604 189 46 pertinacia
1549 1604 148 46 defendi
1657 1604 135 46 potest
1751 1604 121 46 etiam
1832 1604 81 46 in
1872 1604 135 46 lumine
1953 1604 94 46 natu-

1269 1643 118 58 rali.
1348 1643 118 58 certa
1426 1643 118 58 tamen
1505 1643 92 58 est
1557 1643 79 58 in
1596 1643 131 58 lumine
1688 1643 131 58 fidei.
1780 1643 170 58 Difficile
1911 1643 118 58 etiam
1976 1643 66 58 est

1269 1691 161 49 tertiam
1387 1691 249 49 propositionem
1592 1691 176 49 probare.
1724 1691 117 49 homo
1798 1691 117 49 enim
1871 1691 88 49 ex
1900 1691 147 49 imagina-

1268 1740 145 41 tione
1364 1740 161 41 barbam
1477 1740 161 41 fricat
1589 1740 80 41 &
1621 1740 161 41 habitu
1734 1740 129 41 more
1814 1740 209 41 Tulliano.
1959 1740 80 41 sic

1265 1776 81 64 de
1305 1776 148 64 aliquam
1413 1776 189 64 operatione
1561 1776 162 64 angelica
1682 1776 162 64 dicetur.
1830 1776 81 64 Ad
1870 1776 135 64 partem
1951 1776 81 64 nega

1269 1827 139 57 tiuam
1361 1827 155 57 arguit
1470 1827 155 57 Doctor
1578 1827 186 57 Subtilis
1717 1827 124 57 sic.
1794 1827 93 57 Si
1841 1827 139 57 forma
1918 1827 124 57 posset

1274 1869 172 60 producere
1406 1869 132 60 formam
1498 1869 119 60 extra
1578 1869 185 60 subiectum,
1723 1869 185 60 produceret
1868 1869 145 60 aliquid
1961 1869 66 60 per

1271 1916 160 50 fectius
1387 1916 102 50 se:
1445 1916 116 50 quia
1517 1916 131 50 forma
1604 1916 174 50 absoluta
1735 1916 73 50 a
1764 1916 174 50 subiecto
1894 1916 102 50 est
1938 1916 102 50 perfe

1259 1959 142 48 ctior
1354 1959 142 48 forma
1448 1959 236 48 informante.
1637 1959 158 48 Rursus
1748 1959 189 48 arguitur
1889 1959 95 48 ab
1921 1959 126 48 eodem:

1265 2003 126 53 forma
1349 2003 98 53 non
1405 2003 140 53 potest
1502 2003 182 53 producere
1642 2003 182 53 materiam.
1782 2003 98 53 hoc
1838 2003 140 53 patet:
1935 2003 112 53 quia
1991 2003 56 53 de

1263 2050 151 56 pendet
1369 2050 76 56 a
1399 2050 181 56 materia:
1535 2050 121 56 ergo
1610 2050 106 56 non
1671 2050 151 56 potest
1777 2050 196 56 producere
1928 2050 166 56 formam.-

1265 2095 202 56 consequantia
1429 2095 126 56 tenet:
1518 2095 101 56 quia
1581 2095 189 56 repugnantia
1732 2095 139 56 videtur
1833 2095 101 56 quod
1896 2095 139 56 aliquid
1985 2095 50 56 de

1268 2137 147 56 pendeat
1375 2137 94 56 per
1428 2137 80 56 se
1469 2137 80 56 ab
1509 2137 134 56 aliquo
1603 2137 147 56 eiusdem
1710 2137 161 56 rationis
1831 2137 94 56 cum
1884 2137 147 56 termino
1991 2137 80 56 ad

1271 2182 102 54 quem
1335 2182 218 54 productionis.
1540 2182 205 54 Respondetur:
1706 2182 90 54 hae
1757 2182 154 54 rationes
1873 2182 90 54 non
1911 2182 128 54 videntur

1265 2226 205 58 concludere.
1429 2226 96 58 nam
1484 2226 82 58 in
1525 2226 191 58 sacramento
1675 2226 218 58 Eucharistiae
1852 2226 150 58 tenendo
1948 2226 82 58 quod

1266 2277 192 50 quantitas
1414 2277 103 50 est
1473 2277 103 50 res
1532 2277 162 50 quanta:
1650 2277 148 50 albedo
1753 2277 103 50 est
1812 2277 133 50 extra
1886 2277 162 50 subiectu:

1268 2316 65 52 &
1294 2316 117 52 tamen
1372 2316 91 52 non
1424 2316 91 52 est
1476 2316 182 52 perfectior
1619 2316 104 52 alia
1684 2316 156 52 albedine
1801 2316 182 52 inhaerente
1944 2316 117 52 niui:
2009 2316 39 52 &

1259 2361 107 51 dato
1325 2361 107 51 quod
1392 2361 174 51 quatitati
1526 2361 187 51 inhaereat:
1673 2361 80 51 si
1713 2361 147 51 ponatur
1819 2361 120 51 extra
1886 2361 147 51 subiectum

1274 2404 105 53 quod
1339 2404 92 53 est
1392 2404 92 53 deo
1444 2404 183 53 possibile,
1588 2404 92 53 non
1640 2404 92 53 est
1693 2404 170 53 propterea
1824 2404 196 53 perfectior.
1968 2404 65 53 Sed

1258 2446 128 55 dicis
1343 2446 213 55 perfectiori
1513 2446 113 55 modo
1584 2446 85 55 se
1626 2446 128 55 habet
1711 2446 85 55 si
1754 2446 99 55 non
1810 2446 170 55 mendicet
1938 2446 113 55 esse
1995 2446 43 55 a

1261 2494 149 51 passo.
1365 2494 119 51 ergo
1440 2494 89 51 si
1485 2494 134 51 agens
1574 2494 164 51 aliquod
1693 2494 149 51 vtpote
1798 2494 134 51 calor
1887 2494 104 51 vel
1932 2494 104 51 forma

1265 2537 215 56 substantialis
1442 2537 177 56 produceret
1581 2537 114 56 talem
1657 2537 164 56 effectum,
1783 2537 177 56 produceret
1909 2537 114 56 aliquid

1260 2582 209 56 perfectius
1424 2582 89 56 se
1469 2582 104 56 vel
1528 2582 224 56 perfectiori
1707 2582 119 56 modo
1782 2582 89 56 se
1826 2582 164 56 habens.
1931 2582 104 56 lstud

1261 2626 99 56 non
1317 2626 198 56 concludit:
1473 2626 113 56 quia
1543 2626 127 56 forma
1628 2626 127 56 ignis
1713 2626 198 56 produceret
1868 2626 155 56 calorem
1967 2626 56 56 se

1261 2672 170 56 paratum:
1388 2672 99 56 cum
1445 2672 127 56 calor
1529 2672 99 56 sit
1586 2672 184 56 accidens:
1727 2672 71 56 &
1755 2672 127 56 forma
1840 2672 127 56 ignis
1911 2672 113 56 immedi

1258 2714 96 71 ate
1313 2714 137 71 possit
1409 2714 178 71 producere
1546 2714 164 71 calorem.
1669 2714 110 71 ltem
1738 2714 96 71 non
1792 2714 192 71 inconvenit
1929 2714 110 71 causam
