2249 3313
381 168 770 181 quansignium
997 168 719 181 Aateriarum
1510 168 411 181 abula.

248 311 75 73 â‹
278 311 150 73 Tabula
383 311 135 73 serie
474 311 196 73 literaria
624 311 150 73 rursum
729 311 226 73 diligentius
895 311 150 73 collecta

1159 305 94 83 in
1191 305 78 83 ea.

1762 338 152 71 lxv.
1838 338 57 71 b

243 371 171 54 materias
371 371 200 54 praecipuas
528 371 86 54 in
571 371 114 54 toto
642 371 100 54 hoc
699 371 128 54 opere
784 371 214 54 decidendas,
955 371 71 54 &
970 371 71 54 ter

1100 373 210 84 Accidentia
1265 373 240 84 eucharistiae
1460 373 135 84 patet
1551 373 165 84 mutari.
1671 373 120 84 lxv.
1746 373 75 84 b
1776 373 75 84 &
1791 373 105 84 talis

238 407 138 55 minos
330 407 231 55 definiendos
515 407 108 55 tam
576 407 185 55 foliorum
715 407 123 55 quam
791 407 215 55 columnatum
945 407 108 55 nume-

1152 427 176 68 alteratio
1288 427 135 68 potest
1383 427 108 68 dici
1450 427 190 68 naturalis.
1599 427 149 68 ibidem.
1707 427 149 68 Tenendo
1802 427 95 68 autem

251 453 75 68 ro
289 453 163 68 indicans.
414 453 175 68 Columnatum
552 453 113 68 autem
627 453 100 68 quam
690 453 175 68 quanternae
827 453 113 68 sunt,
902 453 125 68 patria
977 453 63 68 per

1147 471 106 69 quod
1213 471 120 69 omnia
1293 471 186 69 accidentia
1439 471 213 69 eucharistiae
1612 471 106 69 sint
1678 471 120 69 extra
1745 471 146 69 subiectum

249 498 69 63 a.
283 498 126 63 secunda
375 498 80 63 per
421 498 69 63 b.
455 498 115 63 tertia
535 498 92 63 quae
593 498 57 63 a
616 498 103 63 tergo
684 498 80 63 per
730 498 69 63 c.
765 498 57 63 &
788 498 115 63 quarta
868 498 80 63 per
914 498 69 63 de
937 498 103 63 notatur

1153 524 114 73 nulla
1229 524 152 73 creatura
1343 524 127 73 potest
1432 524 76 73 ea
1470 524 177 73 destruere,
1610 524 89 73 sed
1660 524 101 73 deus
1724 524 139 73 tantum.
1812 524 89 73 ibiud

559 545 137 57 Bbas
644 545 188 57 grauius
781 545 171 57 peccat
884 545 154 57 sinendo

1148 561 132 67 Corpus
1240 561 118 67 autem
1319 561 145 67 Curisti
1424 561 132 67 potest
1516 561 105 67 esse
1582 561 92 67 sub
1635 561 171 67 aliquibus
1753 561 132 67 acciden

488 564 104 83 eau-

573 591 195 65 religiosos
726 591 112 65 suos
796 591 112 65 esse
852 591 181 65 proprietari

1082 594 80 48 .
1098 594 48 48 i

1147 598 118 74 tibus
1226 598 92 74 sub
1278 598 131 74 quibus
1370 598 92 74 non
1422 598 236 74 consecrabatur,
1619 598 66 74 &
1645 598 170 74 aliquibus
1763 598 118 74 desinem

490 638 95 61 ca-

567 635 81 61 os
608 635 68 61 &
635 635 122 61 seips
716 635 176 61 quamseips
852 635 122 61 solu.
933 635 122 61 ccci.
1000 635 41 61 c

1140 641 116 76 tibus
1217 641 90 76 non
1269 641 167 76 desinere.
1398 641 116 76 Potet
1475 641 116 76 tamen
1552 641 103 76 esse
1617 641 116 76 talis
1694 641 167 76 alteratio
1810 641 77 76 cir-

568 679 122 63 Abbas
650 679 81 63 ad
691 679 95 63 duo
745 679 163 63 tenetur.
867 679 109 63 ibi.
935 679 81 63 in
962 679 68 63 fi.

1050 682 96 50 du

1146 690 87 73 ca
1189 690 231 73 eucharistiam
1377 690 87 73 vt
1420 690 101 73 sub
1478 690 87 73 ea
1521 690 101 73 non
1579 690 116 73 stet
1651 690 144 73 corpus
1738 690 144 73 Christi.

568 725 113 62 Abbas
644 725 125 62 quando
731 725 163 62 censendus
857 725 88 62 sit
894 725 138 62 proprieta

1141 732 111 92 lxv.
1211 732 83 92 b.
1252 732 83 92 c.
1294 732 125 92 Manet
1377 732 125 92 tamen
1460 732 139 92 semper
1558 732 97 92 vbi
1613 732 181 92 mansisset
1738 732 139 92 substan-

583 769 119 57 rius
658 769 74 57 &
687 769 149 57 quando
792 769 104 57 non
851 769 149 57 cccii.
956 769 89 57 a.
985 769 45 57 b

1070 772 66 44 ci

1138 778 112 58 tia
1202 778 143 58 panis
1297 778 80 58 &
1313 778 112 58 vini-

1750 802 133 53 lxv.
1817 802 66 53 c.

558 817 153 61 Abbas
660 817 170 61 vitare
779 817 153 61 debet
865 817 170 61 saecula-

360 807 212 77 se.
451 807 121 77 A-

1089 817 206 84 Accidentia
1251 817 235 84 eucharistiae
1442 817 88 84 an
1486 817 162 84 possint
1604 817 176 84 nutrire.
1736 817 118 84 lxv.
1810 817 73 84 &
1824 817 59 84 te

531 860 89 59 Qi
576 860 104 59 res
635 860 149 59 viros:
740 860 75 59 &
770 860 194 59 potissimu
904 860 119 59 consam

1138 875 91 54 net
1190 875 104 54 quod
1255 875 91 54 sic
1307 875 117 54 etiam
1385 875 182 54 inebriando
1528 875 104 54 eum.
1580 875 117 54 ibidem.

251 901 180 51 guineos.

886 908 138 54 cccii.
969 908 55 54 di

1083 904 133 84 Actum
1172 904 133 84 bonum
1260 904 192 84 moraliter
1407 904 118 84 nemo
1481 904 147 84 potest
1584 904 162 84 elicere
1702 904 118 84 sine
1776 904 103 84 ope
1820 904 59 84 di

227 935 144 79 Abbas
323 935 112 79 quo
387 935 128 79 modo
466 935 223 79 religiosis
642 935 207 79 prouidere
802 935 160 79 debeat
913 935 96 79 de
945 935 80 79 vi-

1142 958 121 55 uina
1202 958 166 55 speciali.

1709 975 174 63 lxxix.
1813 975 70 63 a.

279 984 104 53 ctu
339 984 74 53 &
353 984 149 53 vestitu,

765 992 119 58 cecii.
848 992 71 58 d.
884 992 59 58 &
907 992 119 58 sequi.
978 992 36 58 a

1082 993 135 89 Actum
1172 993 210 89 prohibitum
1337 993 105 89 sub
1397 993 135 89 poena
1488 993 315 89 excommunicationis
1758 993 105 89 qui
1803 993 75 89 fa-

239 1030 148 66 Abbatis
346 1030 162 66 facultas
468 1030 121 66 facit
549 1030 148 66 aliquid
657 1030 94 66 non
711 1030 108 66 esse
778 1030 162 66 proprium
900 1030 108 66 quod
954 1030 67 66 si-

1138 1052 88 67 cit
1189 1052 63 67 &
1214 1052 126 67 nescit
1302 1052 101 67 esse
1365 1052 189 67 prohibitum,
1517 1052 88 67 cum
1567 1052 88 67 non
1618 1052 88 67 sit
1668 1052 177 67 prohibitus
1794 1052 76 67 iure

273 1074 85 58 ne
315 1074 185 58 facultate
458 1074 128 58 esset
529 1074 156 58 proprium.

777 1083 123 62 ccci.
860 1083 82 62 b.
901 1083 82 62 in
928 1083 96 62 prin.

1134 1091 154 77 diuino
1241 1091 108 77 nec
1303 1091 169 77 publice
1426 1091 92 77 ab
1472 1091 200 77 ecclesia:
1626 1091 108 77 non
1687 1091 108 77 est
1734 1091 138 77 excommu

233 1115 143 77 Abbatis
337 1115 156 77 officium
454 1115 91 77 est
506 1115 260 77 periculosissimum
728 1115 78 77 in
767 1115 104 77 tota
832 1115 182 77 religione.
962 1115 52 77 fo

1099 1135 180 54 nicatus.

1740 1159 137 50 cxc.
1809 1159 52 50 b

262 1162 83 48 lio.

897 1175 115 51 cocii-

1075 1179 148 72 Actus
1173 1179 115 72 quo
1239 1179 132 72 quis
1321 1179 132 72 vult
1403 1179 164 72 vxorem
1519 1179 164 72 ducere
1634 1179 115 72 est
1700 1179 99 72 in
1732 1179 132 72 lumine

229 1202 149 70 Abbates
338 1202 95 70 non
392 1202 162 70 episcopi
513 1202 149 70 quomodo
621 1202 176 70 conferant
743 1202 135 70 ordines.

860 1218 159 53 cccv.
949 1218 71 53 d.

1129 1230 166 68 naturali
1254 1230 125 68 etiam
1337 1230 152 68 seclusa
1448 1230 111 68 lege
1517 1230 138 68 diuina
1614 1230 180 68 honestus.
1752 1230 83 68 Et
1780 1230 83 68 lic-

235 1252 180 61 Abbates
366 1252 98 61 an
415 1252 131 61 bene
497 1252 147 61 agant
595 1252 196 61 tollendo
742 1252 131 61 bona
824 1252 196 61 coenobii
955 1252 49 61 i

1118 1267 92 77 in
1164 1267 92 77 eo
1210 1267 169 77 ponatur
1332 1267 123 77 mala
1409 1267 276 77 circumstantia,
1639 1267 138 77 tamen
1731 1267 138 77 adhuc
1808 1267 61 77 ma

267 1299 156 55 manibus
380 1299 185 55 potentum,
522 1299 71 55 &
551 1299 170 55 coenobio
678 1299 227 55 applicantes.
863 1299 170 55 cociiii.
976 1299 43 55 a

1109 1311 130 54 net
1164 1311 148 54 verus.

1678 1328 139 57 cclvii.
1779 1328 76 57 a.
1805 1328 50 57 bi

227 1342 189 70 Absoluere
373 1342 145 70 potest
474 1342 174 70 quilibet
605 1342 174 70 sacerdos
735 1342 87 70 in
779 1342 160 70 extrema
880 1342 131 70 necessi

1080 1348 125 82 Actus
1164 1348 97 82 quo
1219 1348 111 82 quis
1289 1348 139 82 reddit
1386 1348 153 82 debitum
1498 1348 125 82 vxori
1581 1348 153 82 petenti
1693 1348 97 82 est
1735 1348 125 82 licitus

263 1384 114 55 tate
320 1384 171 55 quemlibet.

855 1396 156 50 cxciiii.
959 1396 52 50 a.

1118 1401 76 71 &
1148 1401 151 71 negare
1254 1401 167 71 debitum
1375 1401 136 71 actus
1466 1401 242 71 iniustitiae.
1663 1401 197 71 cclxxvii.
1799 1401 61 71 d.

233 1431 165 71 Absolutio
360 1431 215 71 sacramentalis
537 1431 114 71 super
613 1431 114 71 eadem
689 1431 152 71 peccata.
803 1431 63 71 i
829 1431 101 71 quae
892 1431 101 71 quis
943 1431 63 71 ite

1070 1446 131 79 Actus
1158 1446 175 79 quilibet
1289 1446 102 79 cui
1347 1446 160 79 debetur
1464 1446 131 79 palma
1551 1446 175 79 martyrii
1682 1446 87 79 an
1726 1446 102 79 sit
1769 1446 73 79 act

262 1475 93 67 rum
315 1475 199 67 confitetur,
474 1475 159 67 continuo
593 1475 172 67 applicata
726 1475 80 67 an
765 1475 133 67 poenam
858 1475 159 67 peccatis
964 1475 53 67 de

1116 1495 135 71 magnae
1211 1495 230 71 perfectionis:
1401 1495 68 71 &
1428 1495 95 71 sit
1482 1495 217 71 praeferendus
1658 1495 122 71 actui
1739 1495 95 71 cui
1780 1495 81 71 haec

252 1517 148 53 bitam
334 1517 181 53 diminuat.

821 1527 211 61 clxxvii.
962 1527 53 61 b

1116 1538 142 74 palma
1211 1538 111 74 non
1274 1538 190 74 debetur.
1417 1538 222 74 ccclxxxvi.
1591 1538 142 74 tota.
1686 1538 127 74 qui.
1749 1538 111 74 xxvi.

220 1564 196 57 Absolutiones
379 1564 159 57 philurles
501 1564 159 57 partiales
623 1564 110 57 fieri
696 1564 122 57 patent
782 1564 134 57 dummodo
880 1564 86 57 sit
916 1564 86 57 propo

1059 1574 129 97 Actus
1145 1574 115 97 vnde
1216 1574 157 97 dicatur
1331 1574 186 97 Heroicus.
1474 1574 200 97 ccclxxxvi.
1631 1574 86 97 d.
1674 1574 72 97 &
1703 1574 143 97 sequi.
1789 1574 57 97 a.

248 1605 123 57 situm
330 1605 192 57 confitendi
467 1605 110 57 omnia.

803 1615 222 57 clxxviii.
957 1615 51 57 b

1061 1624 242 66 Aduertentia
1255 1624 97 66 ad
1303 1624 210 66 lectionem
1448 1624 194 66 multiplex.

1722 1643 128 53 lxix.
1793 1643 57 53 di

228 1646 140 60 Abusus
326 1646 98 60 qui
382 1646 126 60 fiunt
466 1646 84 60 in
508 1646 126 60 locis
578 1646 238 60 indulgentiarum.

816 1662 43 52 ti:
834 1662 25 52 in

865 1661 144 49 cxix.
945 1661 64 49 d.

1056 1675 197 69 Adulterio
1207 1675 212 69 concipiens
1373 1675 197 69 ignorante
1525 1675 151 69 marito
1630 1675 166 69 quomodo
1736 1675 106 69 indi-

231 1694 168 61 Acceptio
357 1694 195 61 personatum
510 1694 112 61 quid
580 1694 112 61 sit:
650 1694 70 61 &
678 1694 84 61 an
720 1694 140 61 liceat
817 1694 84 61 in
845 1694 154 61 adeptione

1106 1725 132 68 cabit
1194 1725 147 68 marito
1297 1725 176 68 spurium:
1429 1725 103 68 aut
1488 1725 117 68 quid
1561 1725 161 68 faciet.
1678 1725 132 68 cxii.
1766 1725 88 68 c.
1795 1725 59 68 d.

244 1733 243 63 beneficiorum
426 1733 289 63 ecclesiasticorum.

837 1751 185 57 cexvi.
948 1751 56 57 b

1098 1757 101 50 &
1118 1757 141 50 folio

1720 1777 133 56 cxiii.
1800 1777 53 56 a.

251 1783 121 59 Tenet
331 1783 107 59 quod
398 1783 94 59 sit
452 1783 121 59 graue
519 1783 147 59 peccatum.

848 1797 151 55 cexvi.
939 1797 60 55 c.

1058 1797 209 78 Adulterae
1219 1797 145 78 vxori
1315 1797 177 78 tenetur
1443 1797 112 78 vir
1508 1797 177 78 reddere
1636 1797 177 78 debitum
1749 1797 96 78 octo

215 1827 187 57 Accidens
356 1827 109 57 est
403 1827 218 57 incorporeum.

878 1841 127 52 xiii.
949 1841 42 52 a

1082 1847 172 56 modis.

1605 1867 256 59 cclxxxviii.
1793 1867 51 59 b

220 1874 162 69 Accidens
342 1874 95 69 non
396 1874 108 69 omne
464 1874 176 69 inhaerens
599 1874 149 69 corpori
708 1874 149 69 Christi
816 1874 81 69 in
857 1874 122 69 caelo
924 1874 68 69 est

1059 1879 193 92 Adulterium
1211 1879 138 92 quando
1307 1879 179 92 censendum
1444 1879 96 92 sit
1499 1879 179 92 notorium.
1637 1879 206 92 cclxxxviii.
1788 1879 55 92 c.

222 1922 144 54 necesse
326 1922 118 54 eidem
405 1922 170 54 inhaerere
536 1922 78 54 in
575 1922 196 54 eucharistia
732 1922 91 54 nec
784 1922 183 54 econverso.
915 1922 78 54 liii

1056 1936 185 79 Adultera
1194 1936 123 79 post
1271 1936 246 79 poenitentiam
1471 1936 92 79 an
1517 1936 154 79 licite
1625 1936 154 79 possit
1717 1936 123 79 dicere

226 1972 79 50 c.
265 1972 79 50 An
305 1972 118 50 autem
383 1972 118 50 insit
462 1972 131 50 dubium
554 1972 92 50 est
606 1972 66 50 /
633 1972 92 50 sed
685 1972 118 50 putat
764 1972 105 50 quod
829 1972 105 50 non.
882 1972 118 50 ibidem.

1099 1981 93 63 se
1145 1981 109 63 non
1207 1981 124 63 esse
1269 1981 186 63 adulteram.

1563 1994 230 64 cclxxxviii.
1747 1994 92 64 c.
1778 1994 61 64 d.

237 2007 161 68 Quilibet
358 2007 121 68 tamen
438 2007 161 68 terminus
559 2007 215 68 accidentalis
734 2007 108 68 immo
802 2007 148 68 quilibs
896 2007 94 68 termi

1041 2021 207 74 Adulterio
1200 2021 191 74 pollutam
1343 2021 95 74 an
1391 2021 159 74 possit
1502 2021 127 74 quis
1582 2021 127 74 sibi
1645 2021 191 74 matrimonio

226 2051 88 68 nus
277 2051 88 68 qui
327 2051 76 68 de
365 2051 139 68 corpore
466 2051 139 68 Christi
567 2051 76 68 in
605 2051 114 68 caelo
681 2051 202 68 verificatur,
833 2051 164 68 verificatur

1083 2070 193 55 copulare.

1613 2085 221 57 cclxxxix.
1766 2085 68 57 a.

228 2092 88 71 de
272 2092 162 71 corpore
390 2092 162 71 Christi
508 2092 88 71 in
552 2092 221 71 eucharistia
729 2092 133 71 etiam
817 2092 162 71 tenendo
920 2092 74 71 pe-

1046 2096 150 95 Adulti
1151 2096 195 95 facientes
1301 2096 120 95 quod
1376 2096 90 95 in
1421 2096 90 95 se
1467 2096 105 95 est
1527 2096 120 95 sine
1602 2096 120 95 fide
1662 2096 165 95 catholica

231 2136 208 70 netrationem
397 2136 222 70 dimensionum.
577 2136 125 70 liii.
660 2136 83 70 d.
702 2136 152 70 Aliquis
799 2136 180 70 nihilominus

1088 2161 102 57 an
1122 2161 205 57 saluentur.

1678 2180 167 56 xxv.
1762 2180 63 56 b

227 2186 92 66 est
279 2186 158 66 terminus
398 2186 105 66 quam
463 2186 197 66 praedicatur
621 2186 79 66 de
660 2186 145 66 corpore
766 2186 145 66 Christi
871 2186 79 66 in
897 2186 92 66 caelo

1037 2193 201 84 Adultus
1183 2193 128 84 non
1256 2193 274 84 consentiens
1476 2193 110 84 in
1530 2193 238 84 baptismum
1695 2193 128 84 fiumi

235 2226 63 70 &
261 2226 114 70 tamen
336 2226 101 70 ille
400 2226 88 70 non
450 2226 190 70 verificatur
602 2226 76 70 de
640 2226 139 70 corpore
741 2226 139 70 Christi
842 2226 76 70 in
867 2226 114 70 euchari

1077 2257 96 61 nis
1132 2257 96 61 ber
1187 2257 178 61 occidatur
1324 2257 123 61 inter
1406 2257 219 61 christianos:
1584 2257 110 61 quia
1653 2257 82 61 in
1680 2257 151 61 limitibus

231 2270 126 51 stia
294 2270 63 51 &c

672 2280 151 61 ibidem
763 2280 227 61 consequenter.

1087 2292 181 77 repertus,
1226 2292 98 77 non
1282 2292 195 77 baptizatur
1436 2292 167 77 baptismo
1561 2292 195 77 sanguinis.
1714 2292 112 77 xxx.
1770 2292 56 77 c.

201 2311 172 66 Accidens
330 2311 86 66 an
373 2311 115 66 omne
445 2311 144 66 potest
545 2311 158 66 seruari
660 2311 115 66 sine
732 2311 187 66 subiecto.
875 2311 101 66 lx.
919 2311 57 66 di

1037 2332 222 76 Aduocatorum
1215 2332 148 76 status
1319 2332 104 76 est
1378 2332 148 76 multum
1481 2332 237 76 periculosus.
1674 2332 148 76 cxxxi.
1763 2332 59 76 a.

195 2364 206 56 Accidentia
357 2364 118 56 alia
431 2364 88 56 an
475 2364 206 56 inhaereant
622 2364 192 56 quantitati.

800 2372 69 50 tyt-

858 2370 115 59 lxii.
922 2370 51 59 di

1036 2380 246 71 Aegyptiorum
1233 2380 148 71 aurum
1331 2380 131 71 quid
1397 2380 164 71 mystice.

1684 2399 106 56 fo.
1744 2399 91 56 i.
1775 2399 45 56 b

201 2403 185 61 Accidens
340 2403 185 61 producit
479 2403 77 61 &
510 2403 201 61 corrumpit
664 2403 201 61 accidens.
819 2403 154 61 lxiii.
911 2403 62 61 bi

1042 2426 196 72 Aequalitas
1196 2426 140 72 potest
1294 2426 126 72 varie
1365 2426 196 72 considerari.

1632 2435 188 67 lxxxiii.
1757 2435 63 67 b.

201 2449 172 68 Accidens
330 2449 86 68 an
373 2449 186 68 concurrat
516 2449 86 68 ad
559 2449 229 68 productionem
746 2449 215 68 substantiae
903 2449 72 68 est

1028 2464 118 83 Aere
1102 2464 148 83 alieno
1206 2464 178 83 grauatus
1339 2464 89 83 an
1384 2464 148 83 possit
1487 2464 193 83 profiteri
1621 2464 193 83 religionem.

206 2492 179 58 problema

737 2504 129 55 lxiii.
828 2504 78 55 c.
867 2504 78 55 in
892 2504 91 55 fine.

1056 2514 120 52 folio

1441 2528 117 65 cccx.
1519 2528 78 65 a.
1558 2528 65 65 &
1584 2528 117 65 tota.
1661 2528 104 65 qui.
1713 2528 91 65 xvii.

196 2532 167 77 Accidens
321 2532 181 77 seperatum
460 2532 70 77 a
488 2532 195 77 substantia
641 2532 195 77 aequaliter
794 2532 111 77 agit
864 2532 83 77 vt
892 2532 83 77 ipsi

1023 2552 203 78 Aestimatio
1182 2552 101 78 rei
1240 2552 101 78 non
1298 2552 130 78 mutat
1385 2552 159 78 naturam
1501 2552 217 78 contractus.
1675 2552 145 78 clxii.
1762 2552 43 78 b

236 2583 184 66 coniunctum.
383 2583 73 66 Et
419 2583 184 66 probabilius
566 2583 86 66 est
615 2583 98 66 quam
676 2583 159 66 oppositum
799 2583 98 66 quod
848 2583 122 66 accidens

1023 2614 148 69 Affines
1130 2614 135 69 quaere
1225 2614 121 69 saepe
1305 2614 229 69 digladiantur.
1494 2614 148 69 cxxiii.
1602 2614 81 69 a.
1642 2614 121 69 Regum
1710 2614 94 69 autem

221 2633 170 69 concurrat
352 2633 196 69 partialiter
509 2633 79 69 ad
548 2633 209 69 productionem
718 2633 209 69 substantiae.
888 2633 79 69 c.
915 2633 52 69 de

1079 2649 102 62 est
1138 2649 102 62 eos
1196 2649 88 62 in
1240 2649 190 62 concordia
1372 2649 131 62 tenere.

1614 2669 222 62 ibidem.
1755 2669 61 62 b

191 2677 166 71 Accidentia
322 2677 71 71 in
358 2677 131 71 hostia:
453 2677 95 71 quia
512 2677 107 71 paent
584 2677 119 71 mutari
667 2677 59 71 /
691 2677 155 71 quaeritur
810 2677 71 71 an
845 2677 59 71 &
869 2677 83 71 qua
905 2677 71 71 alte

1020 2691 187 77 Affinitas
1163 2691 115 77 quid
1235 2691 100 77 sit
1292 2691 72 77 &
1321 2691 86 77 an
1364 2691 172 77 impediat
1493 2691 230 77 matrimonium.
1680 2691 100 77 xc.
1737 2691 86 77 a.
1766 2691 43 77 b

243 2716 137 78 ratio
334 2716 137 78 eorum
426 2716 153 78 faciat
533 2716 153 78 corpus
640 2716 168 78 Curisti
762 2716 183 78 desinere
884 2716 92 78 esse

1061 2740 97 80 De
1109 2740 194 80 publicae
1255 2740 226 80 honestatis
1416 2740 162 80 iustitia

1620 2761 181 66 ibidem.

1528 2792 88 76 am
1558 2792 73 76 iil
