2334 3333
621 113 690 132 ainsignium
1113 113 641 132 atateriorum

455 250 112 56 Pctam
529 250 87 56 sua
579 250 112 56 omnia
653 250 137 56 quilibs
753 250 162 56 cognoscet
877 250 75 56 in
914 250 149 56 generali
1026 250 149 56 iudicio.
1138 250 99 56 xxv.
1188 250 37 56 a

1287 247 213 77 Poenitentia
1457 247 99 77 non
1514 247 99 77 est
1570 247 198 77 necessaria
1726 247 85 77 ad
1769 247 170 77 salutem.
1896 247 170 77 lxxviri.
2009 247 43 77 a

447 305 119 43 Pctam
526 305 158 43 confessa
644 305 92 43 non
697 305 198 43 innotescent
855 305 132 43 aliis.
947 305 145 43 ibidem.
1053 305 79 43 b.
1092 305 79 43 in
1119 305 105 43 princ.

1333 313 91 52 est
1385 313 118 52 tamen
1464 313 144 52 necesse
1568 313 170 52 existenti
1699 313 78 52 in
1738 313 144 52 peccato
1842 313 144 52 mortali
1947 313 65 52 &
1973 313 78 52 de
1999 313 52 52 eo

452 348 175 47 Pecuniam
583 348 175 47 accipere
714 348 102 47 pro
773 348 189 47 doctrina,
918 348 189 47 consilio,
1049 348 175 47 testimonio

1338 357 219 48 conscientiam
1516 357 164 48 facienti
1639 357 96 48 vel
1694 357 137 48 facere
1790 357 150 48 debenti
1899 357 82 48 de
1926 357 137 48 potentia

475 392 104 57 an
527 392 122 57 sit
579 392 226 57 simoniacum.

1073 393 149 54 ccxlvi.
1167 393 54 54 c.

1334 399 110 68 dei
1397 399 189 68 ordinata
1539 399 157 68 habere
1649 399 252 68 poenitentiam
1853 399 189 68 formalem
1979 399 79 68 vel

449 434 212 57 Penetratio
616 434 182 57 variorum
752 434 182 57 corporum
888 434 76 57 &
919 434 197 57 membrorum
1070 434 136 57 vnius
1146 434 76 57 cor

1328 443 167 53 virtualem.

1886 450 170 49 ibidem.

1066 483 171 51 xlviii.
1175 483 47 51 b

473 481 132 61 poris
562 481 103 61 est
620 481 103 61 deo
665 481 191 61 possibilis.

1287 482 222 56 Poenitentiae
1467 482 111 56 quae
1537 482 97 56 est
1592 482 139 56 virtus
1689 482 125 56 actio
1772 482 166 56 sufficit
1897 482 83 56 ad
1924 482 139 56 deletio-

1064 526 182 58 lxxiiii.
1185 526 46 58 b

446 526 191 62 Pentecoste
597 526 137 62 quando
693 526 109 62 erat
747 526 137 62 ludaeis.

1331 533 122 56 nem
1383 533 174 56 peccati,

1878 536 194 56 lxxviii.
2007 536 49 56 b

893 563 117 52 a

1025 571 204 55 cccxlviii.
1171 571 44 55 a

451 571 217 48 Peregrinus
622 571 109 48 vbi
684 571 186 48 sepeliti
808 571 140 48 debeat.

1285 573 204 55 Poenitentia
1448 573 136 55 iterum
1543 573 149 55 capitur
1638 573 177 55 dupliciter.

1923 583 120 47 lxxx.
1989 583 67 47 di.

446 617 190 48 Periculum
593 617 161 48 mercium
709 617 88 48 an
753 617 117 48 quis
826 617 88 48 ad
870 617 88 48 se
914 617 161 48 recipre
1031 617 146 48 potest
1119 617 102 48 merce

1284 621 234 54 Poenitentiae
1460 621 176 54 definitio.

1933 625 127 50 ibidem.

467 660 85 48 de
509 660 212 48 constituta,
679 660 99 48 vbi
736 660 127 48 nihil
821 660 85 48 ad
863 660 184 48 euitandum
1005 660 184 48 periculum
1132 660 99 48 opere

1281 671 230 52 Poenitentiae
1468 671 201 52 sacramento
1626 671 86 52 an
1669 671 173 52 deleatur
1798 671 173 52 peccatum
1913 671 144 52 mortale.

976 704 102 56 cxi.
1040 704 76 56 d.
1078 704 76 56 &.
1116 704 115 56 cxli.
1180 704 51 56 a.

445 707 108 49 tur.

1327 710 111 50 folio.

1913 714 141 48 lxxx.
1992 714 63 48 d.

448 746 155 63 Permissum
568 746 96 63 esse
627 746 131 63 aliquid
723 746 215 63 quaedrifariam.
902 746 167 63 cclxxxiii.
1034 746 72 63 b.
1070 746 72 63 in
1105 746 96 63 pri.
1153 746 72 63 quod

1288 753 210 59 Poenitentiae
1458 753 197 59 sacramentum
1616 753 118 59 nullo
1695 753 105 59 modo
1760 753 118 59 delet
1839 753 171 59 peccatum.
1970 753 92 59 Sr.
2010 753 39 59 b

449 797 199 48 Permutatio
605 797 100 48 sic
662 797 128 48 facta
748 797 85 48 vt
791 797 142 48 altera
890 797 114 48 pars
962 797 100 48 cum
1019 797 142 48 minore
1104 797 114 48 benefi

1282 801 210 52 Poenitentia
1450 801 210 52 sacramentum
1618 801 98 52 non
1674 801 98 52 est
1729 801 154 52 secunda
1841 801 140 52 tabula
1939 801 112 52 post
1995 801 70 52 nau

473 839 95 47 cio
528 839 162 47 pecuniam
649 839 176 47 accipiat,
785 839 81 47 an
825 839 95 47 sit
879 839 189 47 simoniaca.
1028 839 135 47 cclii.
1123 839 95 47 de.
1177 839 81 47 in

1327 846 160 49 fragium
1444 846 102 49 quo
1502 846 87 49 ad
1545 846 218 49 remissionem
1719 846 145 49 culpae
1821 846 73 49 /
1850 846 102 49 sed
1908 846 102 49 quo
1966 846 87 49 ad
1995 846 58 49 re

474 882 113 62 fine.
549 882 75 62 &.
586 882 138 62 ccliii.
686 882 75 62 a.
724 882 75 62 in
749 882 88 62 prin.

1533 890 177 51 A

1328 888 232 61 missionem
1489 888 161 61 poenae.

1897 891 153 58 lxxxi.
1989 891 61 58 bi

444 926 174 50 Personas
574 926 188 50 accipiens
718 926 87 50 in
762 926 203 50 beneficiis
921 926 260 50 ecclesiasticis
1124 926 101 50 vtrum

1279 935 187 48 Poenitens
1422 935 115 48 vere
1494 935 173 48 acquirit
1624 935 115 48 ante
1696 935 216 48 sacramentum
1854 935 201 48 poenitentiae

1064 971 183 51 cexvi.
1173 971 55 51 b

447 970 144 56 peccet.

1330 983 193 56 remissionem
1484 983 193 56 peccatorum.
1638 983 128 56 lxxxi.
1728 983 77 56 b.
1767 983 167 56 Confertur
1895 983 116 56 autem
1959 983 103 56 gratia

437 1014 132 56 Petri
525 1014 132 56 autem
613 1014 146 56 Malchi
716 1014 205 56 amputantis
877 1014 161 56 quomodo
994 1014 176 56 purgetur
1111 1014 117 56 factum

1332 1022 106 56 per
1393 1022 137 56 verba
1468 1022 228 56 sacramentalia

1876 1025 188 53 ibidem.

440 1056 101 59 ne
491 1056 219 59 censeatur
642 1056 219 59 homicidium.

1089 1061 136 53 cxv.
1157 1061 68 53 d.

1286 1065 220 55 Poenitentia
1462 1065 102 55 sub
1521 1065 102 55 qua
1579 1065 161 55 virture
1696 1065 234 55 contineatur.
1886 1065 176 55 lxxxiii.
2003 1065 59 55 a.

440 1099 137 54 Petrus
536 1099 82 54 an
578 1099 179 54 confessus
715 1099 137 54 fuerit
811 1099 165 54 peccatum
935 1099 124 54 suum.
1018 1099 151 54 clxxii.
1128 1099 82 54 b.
1155 1099 55 54 di

1291 1110 212 52 Poenitentia
1460 1110 85 52 an
1503 1110 99 52 sit
1545 1110 184 52 iterabilis.

1880 1115 170 53 ibidem.

433 1150 148 53 Petrus
537 1150 192 53 apostolus
685 1150 74 53 &
714 1150 118 53 eius
788 1150 222 53 successores
966 1150 133 53 vtrum
1054 1150 163 53 habeant
1158 1150 59 53 in

1286 1158 216 50 Poenitentiae
1461 1158 175 50 virtutis,
1596 1158 189 50 contritio,
1744 1158 175 50 confessio
1879 1158 67 50 &
1893 1158 175 50 satisfactio

457 1194 120 42 terra
537 1194 160 42 primatum
657 1194 80 42 ex
697 1194 214 42 institutione
871 1194 160 42 Christi,
991 1194 93 42 tam
1044 1194 80 42 in
1071 1194 160 42 temporali-

1331 1202 113 55 non
1396 1202 130 55 sunt
1460 1202 146 55 partes.

1909 1205 151 52 clxix.
2000 1205 60 52 d.

449 1235 106 59 bus
509 1235 106 59 qui
570 1235 90 59 in
600 1235 241 59 spiritualibus.

1071 1239 145 51 coxiii.
1163 1239 53 51 bi

1275 1241 222 61 Poenitentiam
1455 1241 69 61 a
1483 1241 180 61 sacerdote
1622 1241 180 61 iniunctam
1761 1241 153 61 pragens
1872 1241 83 61 an
1899 1241 153 61 liberetur

434 1283 147 53 Petrus
537 1283 103 53 est
596 1283 206 53 institutus
758 1283 74 53 a
788 1283 162 53 Christo
906 1283 221 53 apostolorum
1068 1283 147 53 princeps

1335 1298 82 46 ab
1376 1298 110 46 omni
1445 1298 137 46 poena.
1541 1298 137 46 cxcvi.
1637 1298 82 46 b.
1678 1298 82 46 Et
1719 1298 123 46 tenet
1801 1298 110 46 quod
1869 1298 96 46 sic
1924 1298 82 46 si
1951 1298 110 46 clauis

477 1325 72 62 &
505 1325 130 62 caput
592 1325 130 62 supra
679 1325 188 62 quemlibet
824 1325 145 62 alium.
925 1325 159 62 coxiii.
1041 1325 87 62 b.
1070 1325 145 62 habetque

1333 1338 95 47 non
1388 1338 135 47 erret.
1482 1338 81 47 i.
1523 1338 81 47 si
1563 1338 122 47 iusta
1644 1338 95 47 sit
1699 1338 135 47 poena.
1793 1338 95 47 sed
1847 1338 81 47 si
1888 1338 135 47 minor,
1969 1338 81 47 adim

463 1370 181 57 politiam
584 1370 151 57 regalem.

1072 1372 144 48 ccxiii.
1164 1372 52 48 c.

1331 1379 148 58 plenda
1435 1379 103 58 est
1494 1379 148 58 sponte
1597 1379 103 58 aut
1656 1379 89 58 in
1700 1379 221 58 purgatorio,
1877 1379 74 58 &
1907 1379 133 58 tales
1980 1379 74 58 poe

433 1416 159 49 Petri
539 1416 247 49 comestoris
716 1416 229 49 epitaphium.

1007 1416 209 54 cccxxxv.
1146 1416 70 54 bi

1328 1426 201 46 nitentias
1482 1426 139 46 vocat
1575 1426 201 46 Gregorius
1730 1426 170 46 falsas.
1854 1426 155 46 cxcvi.
1962 1426 93 46 b.
1993 1426 62 46 c.

428 1452 201 62 Philippus
582 1452 124 62 quam
660 1452 186 62 Samariae
799 1452 263 62 euangelizabat
1016 1452 124 62 erat
1078 1452 139 62 discipu

1290 1463 228 55 Poenitentiam
1475 1463 156 55 maiorem
1589 1463 100 55 qui
1645 1463 171 55 suscipit
1773 1463 100 55 pro
1830 1463 156 55 peccato
1944 1463 100 55 eam
1987 1463 71 55 im-

453 1503 108 55 lus
514 1503 92 55 no
560 1503 215 55 apostolus:
730 1503 77 55 &
760 1503 108 55 ita
822 1503 215 55 confirmare
991 1503 108 55 non
1053 1503 169 55 potuit.
1160 1503 62 55 fo

1686 1518 113 45 ud
1724 1518 56 45 m

1331 1510 140 57 plere
1408 1510 155 57 tenetur.

1793 1515 140 52 cxcvi.
1891 1515 84 52 c.
1933 1515 84 52 in
1961 1515 98 52 fine.

953 1550 139 61 xxxv.
1045 1550 92 61 c.
1091 1550 92 61 in
1122 1550 108 61 fine.

440 1546 114 53 lio.

1274 1552 247 64 Poenitentia
1471 1552 148 64 parua
1570 1552 132 64 sibi
1652 1552 198 64 iniuncta
1801 1552 132 64 nemo
1883 1552 181 64 gaudere
1998 1552 66 64 de

441 1580 178 61 Physicam
575 1580 134 61 licet
664 1580 149 61 obiter
753 1580 223 61 transcurrere.

1122 1597 93 53 ii.
1162 1597 53 53 a.

1304 1601 114 48 bet.

1791 1604 138 54 cxcvi.
1888 1604 83 54 d.
1929 1604 83 54 in
1957 1604 96 54 fine.

446 1632 146 54 Plato
543 1632 276 54 philosophorum
770 1632 130 54 deus
851 1632 259 54 virginitatem
1046 1632 178 54 seruauit.

1281 1637 223 57 Poenitentiam
1463 1637 126 57 agere
1546 1637 84 57 an
1588 1637 112 57 quis
1658 1637 98 57 pro
1714 1637 112 57 alio
1784 1637 154 57 possit.
1895 1637 154 57 cxcvii.
1993 1637 56 57 a.

423 1682 139 54 folio.

1019 1681 206 53 cclxxiiii.
1166 1681 59 53 a.

1283 1691 242 50 Poenitentia
1476 1691 97 50 in
1525 1691 194 50 extremis
1670 1691 145 50 facta
1767 1691 97 50 an
1815 1691 177 50 valeat.
1928 1691 129 50 ibidem

438 1724 223 58 Platonis
605 1724 185 58 magnus
717 1724 148 58 annus.

1007 1729 212 60 ccexxvii.
1154 1729 65 60 c.

1280 1737 233 48 Poenitentia
1467 1737 187 48 iniuncta
1607 1737 93 48 ei
1654 1737 109 48 qui
1716 1737 187 48 obtinere
1856 1737 93 48 se
1902 1737 140 48 putat
1980 1737 78 48 ple

438 1774 151 51 Plebs
539 1774 84 51 &
572 1774 184 51 populus
706 1774 134 51 quos
773 1774 235 51 significent.

1048 1773 64 46 issi-

1119 1772 99 50 xl.
1161 1772 57 50 c.

1311 1780 157 50 natiam
1421 1780 235 50 remissionem
1609 1780 110 50 est
1672 1780 157 50 tutius
1782 1780 204 50 facienda.
1938 1780 125 50 roo.
2001 1780 47 50 a

435 1806 165 62 Plenaria
559 1806 110 62 quae
628 1806 96 62 sit
683 1806 220 62 indulgentia,
862 1806 69 62 &
889 1806 110 62 quot
958 1806 124 62 modis
1040 1806 151 62 aliquid
1137 1806 83 62 damn

1284 1822 188 53 Poetarum
1425 1822 110 53 mos
1488 1822 110 53 est
1551 1822 110 53 sub
1613 1822 125 53 nube
1692 1822 219 53 allegoriam
1864 1822 110 53 seu
1911 1822 157 53 moralita

445 1860 131 51 plenum

1060 1863 184 49 cxcix.
1170 1863 55 49 b

1325 1869 117 46 tem
1375 1869 201 46 occultare.

1831 1869 243 55 cclxxxvi.
2000 1869 56 55 b

437 1902 162 51 Plinii
550 1902 243 51 quaerimonia
744 1902 97 51 de
793 1902 162 51 natura
890 1902 146 51 humana.

1017 1904 208 56 cecxxv.
1149 1904 76 56 c.

1276 1906 178 58 Polluto
1405 1906 97 58 in
1454 1906 146 58 somno
1551 1906 97 58 an
1599 1906 243 58 communicare
1793 1906 178 58 liceat.
1923 1906 129 58 xli.
1987 1906 65 58 d.

430 1951 147 55 Poena
527 1951 179 55 iterato
642 1951 196 55 baptizati.

1063 1951 151 48 xxxii.
1154 1951 60 48 c.

1278 1956 171 50 Pollutio
1406 1956 114 50 quot
1478 1956 129 50 modis
1563 1956 129 50 fiat.
1649 1956 157 50 ibidem.
1763 1956 71 50 &
1792 1956 114 50 quae
1863 1956 71 50 &
1892 1956 143 50 quando
1978 1956 71 50 est

428 1980 148 66 Poena
526 1980 164 66 sensus
641 1980 164 66 puniri
756 1980 82 66 &
788 1980 246 66 beatificari
985 1980 148 66 simul
1084 1980 82 66 &
1100 1980 115 66 semel

1295 2001 221 52 peccatum.

1888 2005 105 50 xlii.
1958 2005 70 50 a.
1993 2005 70 50 b.
2016 2005 47 50 c.

443 2039 181 56 potest
569 2039 144 56 vnus
660 2039 90 56 &
696 2039 144 56 idem
786 2039 126 56 deo
858 2039 108 56 id
894 2039 181 56 volente.

1064 2041 101 58 fo.
1121 2041 101 58 li.
1164 2041 58 58 d.

1281 2042 159 56 Polluta
1396 2042 87 56 in
1440 2042 130 56 somno
1526 2042 101 56 non
1584 2042 145 56 perdit
1685 2042 246 56 virginitatem.
1888 2042 188 56 ccclxxxi.
2018 2042 43 56 b

439 2082 160 51 Poenae
551 2082 192 51 timendae
696 2082 128 51 viro
760 2082 128 51 forti.

1058 2085 158 50 cclxix.
1158 2085 58 50 a.

1274 2089 194 57 Pompeli
1398 2089 159 57 caedes.

1904 2093 152 51 ccclix.
2001 2093 55 51 c.

437 2131 137 51 Poena
528 2131 137 51 damni
619 2131 91 51 an
665 2131 106 51 sit
726 2131 137 51 magis
817 2131 213 51 afflictiua
984 2131 122 51 quam
1060 2131 137 51 poena
1136 2131 76 51 sen

1276 2137 188 52 Pontifex
1417 2137 94 52 an
1464 2137 234 52 restringere
1652 2137 156 52 possit
1761 2137 188 52 materiam
1886 2137 172 52 sacramen-

454 2177 138 46 sus:
540 2177 86 46 &
575 2177 104 46 an
627 2177 156 46 omnes
730 2177 173 46 poenae
851 2177 156 46 damni
955 2177 138 46 sint
1024 2177 190 46 aequales.

1305 2177 148 54 talem.

1437 2180 52 50 ia-

1864 2180 212 55 cccxxiii.
2010 2180 49 55 b

423 2219 159 52 folio.

877 2218 197 60 ccclxxxix.
1031 2218 126 60 tota.
1116 2218 84 60 q.
1144 2218 70 60 ii.

1273 2221 176 53 Pontifex
1405 2221 88 53 an
1449 2221 146 53 possit
1552 2221 205 53 dispensare
1713 2221 88 53 vt
1757 2221 220 53 contrahatur
1918 2221 146 53 matrimo-

426 2267 153 48 Poenae
533 2267 138 48 damni
625 2267 184 48 grauitas
763 2267 138 48 penes
854 2267 123 48 quid
931 2267 230 48 attendatur.
1099 2267 123 48 ibidem

1326 2268 100 61 nium
1389 2268 75 61 in
1427 2268 150 61 gradibus
1539 2268 100 61 lege
1602 2268 188 61 prohibitis.
1752 2268 175 61 cocxxiiii.
1889 2268 113 61 tota.
1964 2268 75 61 q.
1989 2268 63 61 iii

453 2308 200 60 conclusione.
615 2308 100 60 iii.
678 2308 75 60 &.
703 2308 88 60 iiii.

1268 2314 158 58 Pontifex
1387 2314 158 58 Raonanus
1505 2314 132 58 potest
1598 2314 185 58 dispensare
1743 2314 79 58 vt
1782 2314 198 58 contrahatur
1927 2314 119 58 matrimo

423 2355 145 53 Poena
520 2355 161 53 vermis
633 2355 113 53 est
697 2355 145 53 multo
794 2355 145 53 maior
891 2355 129 53 quam
971 2355 145 53 dolor
1052 2355 161 53 causatus

1331 2358 106 50 nium
1397 2358 80 50 in
1437 2358 146 50 omnibus
1544 2358 160 50 gradibus
1663 2358 106 50 lege
1730 2358 133 50 humana
1823 2358 200 50 prohibitis.
1982 2358 80 50 x.
2009 2358 40 50 a

991 2397 224 56 ccclxxxix.
1151 2397 64 56 c-

440 2397 100 60 ab
490 2397 134 60 igne
574 2397 184 60 corpori
691 2397 201 60 inflictus.

1266 2406 172 54 Pontifex
1395 2406 201 54 dispensare
1553 2406 144 54 potest
1653 2406 86 54 vt
1696 2406 144 54 frater
1797 2406 172 54 accipiat
1911 2406 144 54 relictam

434 2445 149 47 Poenae
539 2445 164 47 inferni
658 2445 119 47 quae
733 2445 134 47 sint.
822 2445 209 47 ccclxxxix.
986 2445 90 47 d.
1031 2445 75 47 &
1061 2445 149 47 sequi.
1150 2445 60 47 a.

1302 2445 155 53 fratris.

1859 2448 216 64 cccxxv.
1997 2448 59 64 b

433 2487 230 54 Poenitentia
617 2487 184 54 bifariam
740 2487 184 54 accipitur.

1063 2488 154 54 lxxvi.
1155 2488 62 54 c.

1270 2486 220 53 Pontifex
1435 2486 202 53 maximus
1581 2486 147 53 vide
1673 2486 147 53 Papa
1765 2486 92 53 &
1783 2486 165 53 Petrus.

434 2534 190 50 Poenitens
580 2534 175 50 interdum
711 2534 204 50 tristatur.
872 2534 73 50 &
901 2534 160 50 gaudet,
1017 2534 117 50 nult
1090 2534 73 50 &
1105 2534 102 50 vult.

1267 2536 245 56 Posteriores
1463 2536 147 56 multa
1561 2536 131 56 noua
1626 2536 196 56 reperient.

1920 2531 97 60 fo.
1976 2531 83 60 i.
2003 2531 56 60 de

452 2575 78 56 fo

1058 2576 152 55 lxxvi.
1149 2576 61 55 d.

1281 2582 164 55 Potestas
1404 2582 137 55 patris
1500 2582 82 55 in
1541 2582 150 55 liberos
1650 2582 96 55 est
1705 2582 82 55 de
1746 2582 109 55 iure
1815 2582 164 55 naturae.
1938 2582 109 55 cii.
1992 2582 55 55 d.

437 2615 232 63 Poenitentia
622 2615 93 63 de
668 2615 170 63 peccato
792 2615 124 63 post
869 2615 201 63 baptismum
1024 2615 185 63 commisso
1147 2615 62 63 an

1275 2627 165 49 Potestas
1399 2627 152 49 fratrum
1510 2627 83 49 in
1551 2627 179 49 audiendis
1689 2627 248 49 confessionibus
1895 2627 96 49 non
1951 2627 96 49 est
1992 2627 55 49 ma

463 2666 103 72 sit
507 2666 192 72 necessaria.

1051 2667 178 74 lxxvii.
1164 2667 49 74 b

1323 2670 95 67 ior
1378 2670 149 67 prtante
1472 2670 122 67 curati.

1866 2669 193 68 clxxxii.
1995 2669 64 68 a
