2316 3319
405 97 504 145 â‹abulo

238 238 173 71 Potestas
367 238 245 71 distinguitur.
569 238 158 71 cxciii.
684 238 86 71 c.
727 238 245 71 Ecclesiastica
914 238 101 71 defi

852 300 167 54 bidem.

280 309 121 49 nitur.

235 352 185 50 Potentia
373 352 154 50 animae
481 352 123 50 quae
558 352 92 50 in
604 352 138 50 plura
696 352 169 50 potest,
819 352 108 50 est
881 352 154 50 melior
973 352 46 50 &

289 400 180 40 nobilior
424 400 90 40 ea
469 400 120 40 quae
544 400 105 40 non
604 400 150 40 potest
710 400 90 40 in
755 400 120 40 tot.
830 400 195 40 ccclxiii.
965 400 45 40 b

244 434 200 58 Potentiam
397 434 154 58 maxime
505 434 169 58 liberam
628 434 185 58 scilicet
767 434 215 58 voluntatem
921 434 92 58 deus

305 484 131 52 potest
397 484 196 52 necessitare
554 484 79 52 ad
593 484 196 52 producendum
750 484 131 52 actum.
842 484 170 52 ccclxvii.
960 484 52 52 c.

243 524 227 59 Praeceptum
421 524 178 59 aliquod
551 524 130 59 pure
632 524 178 59 humanum
761 524 81 59 &
793 524 178 59 aliquod
907 524 97 59 tale

288 573 179 48 obligat
418 573 98 48 ad
467 573 114 48 sui
532 573 276 48 obseruationem
759 573 114 48 sub
824 573 146 48 poena
905 573 114 48 pecca

283 617 103 54 ti.
342 617 206 54 Praeceptum
504 617 132 54 autem
592 617 88 54 de
636 617 162 54 ieiunio
754 617 250 54 quadragesimae
945 617 74 54 est

805 659 68 50 i:

847 658 169 53 lxxxix.
954 658 62 53 a.

281 657 147 61 pure
354 657 166 61 humanum

245 695 263 57 Praeceptorum
458 695 181 57 triplex
589 695 164 57 forma.
704 695 164 57 cccxi.
819 695 98 57 d.
868 695 98 57 in
901 695 115 57 fine.

643 748 191 55 ccclxxxiiii.
798 748 72 55 c.
834 748 72 55 in
870 748 107 55 prin,
929 748 72 55 quid

244 749 184 57 Praecepta
371 749 170 57 triplicia.

241 787 287 65 Praedicatores
478 787 186 65 possunt
613 787 169 65 habere
732 787 152 65 pauca
833 787 135 65 bona
901 787 118 65 mobi-

288 832 116 55 lia
355 832 99 55 in
404 832 182 55 communi
537 832 116 55 pro
603 832 149 55 paruo
703 832 199 55 tempore.
852 832 149 55 cccv.
935 832 83 55 di.

245 879 174 52 Praelatus
379 879 174 52 ecclesiae
513 879 121 52 vtrum
593 879 94 52 sit
647 879 148 52 dominus
754 879 188 52 prouentuum
888 879 121 52 datorum

816 923 194 51 ccxxxvi.
945 923 65 51 a.

299 925 185 59 ecclesiae.
444 925 119 59 Tenet
524 925 106 59 quod
590 925 106 59 non.

242 963 191 62 Praelatis
389 963 191 62 ecclesiae
536 963 118 62 data
610 963 103 62 est
668 963 176 62 potestas
786 963 235 62 excommunicandi

297 1016 72 49 &
325 1016 173 49 priuandi
455 1016 159 49 hominem
571 1016 87 49 ab
614 1016 159 49 aliorum
730 1016 202 49 societate.
889 1016 116 49 res.
946 1016 58 49 di

239 1055 192 55 Praelatus
387 1055 192 55 ecclesiae
535 1055 133 55 vtrum
623 1055 148 55 peccet
726 1055 162 55 prodige
830 1055 177 55 consumendo

267 1098 113 68 bona
338 1098 198 68 ecclesiae:
493 1098 71 68 &
521 1098 127 68 vtrum
606 1098 170 68 teneatur
733 1098 85 68 ad
776 1098 99 68 sic
818 1098 198 68 consumprorum

267 1147 263 51 restitutionem.
486 1147 190 51 ccxxxvii.
632 1147 88 51 d.
676 1147 131 51 Tenet
764 1147 117 51 quod
837 1147 161 51 grauius
939 1147 73 51 pec

282 1191 88 57 cet
332 1191 100 57 quam
394 1191 175 57 saecularis
532 1191 138 57 propria
632 1191 100 57 bona
694 1191 175 57 dissipans.
832 1191 75 57 Et
869 1191 100 57 quod
932 1191 88 57 non
969 1191 50 57 le

269 1235 156 57 ditare
378 1235 264 57 consanguineos
596 1235 140 57 bonis
689 1235 218 57 ecclesiae.
845 1235 171 57 Expendens

268 1284 130 49 tamen
354 1284 87 49 ea
397 1284 173 49 decenter
527 1284 101 49 pro
585 1284 87 49 se
628 1284 72 49 &
657 1284 101 49 suo
715 1284 130 49 statu
802 1284 101 49 non
859 1284 115 49 male
917 1284 101 49 agit.

271 1325 153 60 ibidem.
383 1325 98 60 Nec
438 1325 125 60 tamen
522 1325 153 60 tenetur
634 1325 195 60 restituere
787 1325 112 60 bona
857 1325 112 60 quae
912 1325 98 60 habet

264 1372 90 55 ex
309 1372 211 55 patrimonio
475 1372 135 55 licet
565 1372 150 55 peccet
670 1372 90 55 ea
715 1372 211 55 indecenter
866 1372 150 55 dissipan

276 1415 104 49 do:
335 1415 104 49 nec
395 1415 133 49 iuste
483 1415 192 49 acquisita
631 1415 118 49 ante
705 1415 192 49 beneficii
838 1415 178 49 adeptionem

273 1459 207 48 ccxxxviii.
436 1459 89 48 a.
480 1459 133 48 Neque
569 1459 89 48 si
614 1459 133 48 habet
702 1459 89 48 in
747 1459 192 48 beneficio
895 1459 104 48 vel
939 1459 74 48 be-

267 1502 175 55 neficiis
398 1502 131 55 solum
486 1502 160 55 fructus
602 1502 248 55 aequiualentes
806 1502 116 55 suis
864 1502 146 55 meritis,

272 1546 66 61 &
298 1546 171 61 vtilitati
430 1546 105 61 quam
496 1546 132 61 affert
588 1546 118 61 reip.
667 1546 250 61 ecclesiasticae,
864 1546 145 61 qualiter-

257 1591 155 48 cumque
366 1591 187 48 expendat
506 1591 109 48 eos
568 1591 171 48 fructus
693 1591 171 48 tenetur
817 1591 109 48 eos
864 1591 155 48 restitue

263 1636 110 51 re,
326 1636 79 51 &
358 1636 142 51 multo
452 1636 142 51 minus
547 1636 95 51 si
594 1636 126 51 sint
673 1636 173 51 minores
799 1636 173 51 meritis
909 1636 95 51 suis

266 1684 110 47 Sed
329 1684 110 47 qui
392 1684 157 47 plures
502 1684 142 47 habet
597 1684 94 47 in
644 1684 205 47 beneficio
801 1684 142 47 debet
896 1684 110 47 eos
943 1684 63 47 in

273 1728 197 54 proprios
421 1728 132 54 vsus
503 1728 214 54 conferre.
667 1728 165 54 ibidem
766 1728 247 54 consequenter.

239 1767 203 58 Praelatus
395 1767 78 58 &
426 1767 156 58 quiuis
536 1767 249 58 beneficiatus
738 1767 109 58 non
800 1767 156 58 habens
894 1767 109 58 alias

266 1811 113 62 opes
337 1811 113 62 quam
408 1811 269 62 ecclesiasticas,
634 1811 71 62 &
663 1811 85 62 ex
705 1811 184 62 beneficio
833 1811 170 62 acquisitas

268 1859 88 52 an
312 1859 147 52 possit
415 1859 147 52 dotare
517 1859 88 52 de
561 1859 132 52 bonis
649 1859 190 52 ecclesiae
796 1859 147 52 filiam
898 1859 103 52 vel
942 1859 59 52 so

269 1917 143 44 rorem,
369 1917 100 44 vel
426 1917 157 44 neptem,
541 1917 100 44 aut
598 1917 129 44 aliam
684 1917 172 44 pauperem
813 1917 143 44 siquam
898 1917 115 44 habet.

265 1952 140 47 cexl.
359 1952 93 47 d.
405 1952 140 47 Tenet
499 1952 124 47 quod
577 1952 156 47 tantum
685 1952 156 47 potest
779 1952 233 47 consanguineae

264 1994 122 49 dare
340 1994 168 49 quantum
462 1994 198 49 extraneae
614 1994 168 49 intuitu
736 1994 198 49 pletatis.
873 1994 137 49 ibidem.

253 2035 126 54 Immo
332 2035 126 54 stat
411 2035 190 54 clericum
554 2035 111 54 sub
617 2035 142 54 poena
712 2035 174 54 peccati
838 2035 126 54 esse
901 2035 111 54 deuin

265 2082 114 63 ctum
336 2082 114 63 dare
407 2082 128 63 dotem
493 2082 257 63 consanguineae,
707 2082 100 63 qui
764 2082 100 63 non
821 2082 100 63 est
863 2082 143 63 obnoxius

885 2127 128 50 ccxli.
962 2127 51 50 a.

260 2126 187 62 praebere
400 2126 140 62 dotem
478 2126 171 62 externae.

241 2158 172 66 Praelati
369 2158 186 66 ecclesiae
512 2158 129 66 vtrum
598 2158 157 66 peccent
713 2158 86 66 in
756 2158 215 66 multitudine
913 2158 100 66 clien

283 2214 111 60 tum,
352 2214 221 60 preciositate
532 2214 166 60 vestium,
657 2214 69 60 &
684 2214 152 60 ciborum
781 2214 235 60 superfluitatem.

854 2260 167 51 ccxliii.
965 2260 42 51 b

286 2259 122 61 Tenet
367 2259 108 61 quod
434 2259 108 61 fere
488 2259 81 61 sic.

238 2293 193 67 Praelatus
387 2293 89 67 an
431 2293 148 67 possit
535 2293 104 67 res
594 2293 193 67 ecclesiae
743 2293 193 67 alienare:
891 2293 74 67 &
906 2293 104 67 tenet

695 2349 97 36 ca:

852 2348 158 55 cexliiii.
961 2348 49 55 d.

285 2348 117 62 quod
358 2348 102 62 sic
417 2348 88 62 in
461 2348 161 62 quatuor
563 2348 146 62 casibus.

237 2377 178 71 Praemium
371 2377 208 71 essentiale
534 2377 149 71 potest
638 2377 119 71 esse
713 2377 163 71 aequale
817 2377 193 71 vbiraccesso

291 2438 122 49 rium
367 2438 107 49 sit
413 2438 183 49 inaequale.

848 2437 162 60 lxxxv.
945 2437 65 60 d.

242 2484 201 49 Praemium
393 2484 84 49 &
427 2484 235 49 supplicium
611 2484 101 49 an
661 2484 201 49 dabuntur
812 2484 117 49 pro
862 2484 151 49 meritis

758 2528 131 59 eccliii.
856 2528 98 59 tota.
922 2528 65 59 q.
944 2528 65 59 iii.

293 2527 84 56 &
310 2527 184 56 demeritis

242 2573 168 52 Praemium
368 2573 209 52 accidentale
535 2573 140 52 potest
633 2573 140 52 augeri
731 2573 98 52 vel
787 2573 140 52 minui.
870 2573 154 52 ccclxx.ca

252 2618 157 49 Praemium
370 2618 157 49 beatorum
488 2618 144 49 duplex.
593 2618 157 49 ccclxxx.
711 2618 79 49 b.
750 2618 79 49 in
789 2618 118 49 prim.
868 2618 105 49 qui.
920 2618 92 49 xxii.

241 2662 246 54 Praescribens
441 2662 138 54 iuste
533 2662 138 54 capit
625 2662 138 54 verum
718 2662 185 54 dominium
856 2662 108 54 rei
902 2662 108 54 prae

1108 103 687 143 quaipbabetica.

1131 240 172 74 scriptae
1259 240 100 74 seu
1302 240 172 74 vsucaptae.

1746 248 118 64 ciiii.
1817 248 35 64 c

1087 297 235 54 Praescriptio
1278 297 118 54 quid
1352 297 118 54 sit:
1426 297 74 54 &
1455 297 88 54 an
1499 297 103 54 per
1558 297 103 54 eam
1617 297 191 54 acquisita
1749 297 103 54 debea

1126 345 96 58 mus
1181 345 206 58 restituere.
1346 345 137 58 ciiii.
1442 345 82 58 a.
1483 345 82 58 Et
1524 345 110 58 quae
1592 345 110 58 sint
1661 345 178 58 requisita
1798 345 82 58 ad

1124 384 290 60 praescriptionem.

1625 387 205 56 ibidem.
1774 387 93 56 &
1793 387 56 56 b

1078 428 242 56 Praescriptio
1275 428 91 56 an
1320 428 136 56 locum
1411 428 151 56 habeat
1517 428 91 56 in
1562 428 227 56 matrimonio.
1744 428 106 56 xo.
1789 428 61 56 a.

1077 476 235 53 Praestigium
1266 476 157 53 potest
1375 476 126 53 esse
1454 476 94 53 in
1501 476 188 53 potentia
1642 476 110 53 tam
1689 476 173 53 exteriore

1128 522 98 58 quam
1177 522 135 58 interiore

1634 525 207 53 cclxxxvi.
1777 525 64 53 c.

1622 567 77 50 edaus

1080 556 145 72 Precii
1182 556 174 72 latitudo
1313 556 102 72 non
1371 556 102 72 est
1414 556 218 72 impartibilis.

1707 564 144 56 cxlix.
1793 564 58 56 c.

1074 610 156 55 Precii
1184 610 156 55 iustam
1293 610 188 55 rationem
1434 610 141 55 longe
1528 610 219 55 excedentes
1700 610 94 55 in
1731 610 110 55 appre

1120 656 170 47 ciando,
1243 656 93 47 vt
1290 656 186 47 emptorem
1429 656 186 47 incautum
1568 656 186 47 fallant,
1692 656 155 47 peccant.

1135 696 179 72 Similiter
1273 696 97 72 qui
1328 696 83 72 in
1370 696 166 72 tenebris
1494 696 179 72 propterea
1632 696 166 72 vendunt.
1756 696 97 72 ci.
1798 696 55 72 b.

1134 739 196 60 Dimidium
1281 739 147 60 iusti
1363 739 147 60 precii.

1653 746 96 50 vqum-

1753 750 98 48 cli.
1802 750 49 48 c.

1075 781 179 68 Precium
1205 781 179 68 annonae
1336 781 228 68 imponendum
1515 781 114 68 est
1580 781 114 68 per
1629 781 212 68 municipales

1133 842 187 43 mediocre,
1277 842 72 43 &
1305 842 259 43 transgressotes
1522 842 187 43 puniendi.
1666 842 130 43 clii.
1752 842 86 43 a.
1795 842 86 43 In

1127 879 125 59 aliis
1211 879 167 59 sufficit
1336 879 139 59 tenere
1433 879 111 59 viam
1502 879 167 59 communem
1628 879 97 59 tam
1683 879 139 59 emendo
1767 879 83 59 quam

1142 924 165 47 vendendo,
1269 924 203 47 consideratis
1434 924 89 47 iis
1485 924 102 47 quae
1548 924 165 47 ponuntur.
1675 924 114 47 clii.
1751 924 76 47 b.
1777 924 76 47 Vide

1649 965 77 48 e:
1675 965 51 48 :i

1135 965 201 53 augmentum
1289 965 77 53 &
1320 965 232 53 decrementum
1491 965 139 53 precii-

1739 970 114 48 cli.
1796 970 57 48 c.

1073 1003 172 53 Precium
1199 1003 141 53 rerum
1292 1003 141 53 longe
1386 1003 235 53 imminuendum
1574 1003 172 53 propter
1684 1003 156 53 aduectio

1127 1054 98 56 nem
1183 1054 126 56 earum
1267 1054 224 56 praenoscens,
1449 1054 126 56 vtrum
1534 1054 140 56 potest
1632 1054 154 56 vendere
1730 1054 126 56 quanti-

1131 1097 93 56 si
1177 1097 186 56 nesciret
1301 1097 201 56 aduehendas.

1730 1100 131 50 clii.
1803 1100 44 50 b

1074 1142 180 55 Primarii
1209 1142 225 55 collegiorum
1389 1142 150 55 dantes
1493 1142 195 55 prouectis
1643 1142 135 55 vinum
1718 1142 135 55 dilutum

1109 1190 109 56 pro
1172 1190 124 56 mero
1249 1190 171 56 quomodo
1374 1190 233 56 excusentur:
1560 1190 78 56 &
1591 1190 124 56 quid
1669 1190 93 56 ad
1700 1190 155 56 collegii

1109 1238 264 46 institutionem
1327 1238 78 46 &
1358 1238 280 46 conseruationem
1591 1238 202 46 praecipue
1731 1238 124 46 requi-

1608 1280 104 50 cliii.
1680 1280 62 50 d.
1711 1280 62 50 &.
1742 1280 114 50 cliuii.
1815 1280 31 50 a

1098 1279 125 50 ratur.

1076 1304 235 67 Priuilegium
1264 1304 110 67 per
1327 1304 250 67 surreptionem
1530 1304 203 67 obtentum,
1687 1304 141 67 caret
1765 1304 94 67 vi

1110 1370 119 53 gore.

1699 1369 142 54 cccvi.
1784 1369 57 54 a.

1084 1408 150 48 Promissum
1200 1408 161 48 praeterire
1326 1408 92 48 sine
1384 1408 173 48 rationabili
1522 1408 81 48 cam
1568 1408 81 48 est
1614 1408 150 48 peccatum.
1729 1408 127 48 cexcii.
1809 1408 35 48 a

1077 1455 184 50 Promissi
1215 1455 123 50 nudi
1292 1455 153 50 aliqua
1399 1455 153 50 potest
1506 1455 123 50 esse
1583 1455 246 50 transgressio
1767 1455 77 50 qua

1123 1498 136 58 homo
1208 1498 238 58 mortaliter
1378 1498 153 58 peccet.

1688 1502 168 63 ibidem.

1075 1544 198 51 Proponere
1227 1544 213 51 religionem
1395 1544 198 51 profiteri
1547 1544 107 51 non
1608 1544 107 51 est
1669 1544 137 51 votum
1745 1544 107 51 emit-

1137 1582 145 55 tere.
1234 1582 177 55 cexcii.
1363 1582 81 55 b
1395 1582 210 55 Proponere
1556 1582 129 55 quid
1636 1582 129 55 sit.
1701 1582 145 55 ibidem.

1073 1634 265 50 Propositioni
1289 1634 232 50 ineuidenti
1472 1634 116 50 cum
1538 1634 182 50 motiuis
1654 1634 199 50 aequalibus

1127 1675 212 54 assentiri
1290 1675 114 54 per
1355 1675 196 54 affectum
1486 1675 180 54 possumus.

1771 1680 70 50 v.
1795 1680 46 50 a.

1075 1723 241 59 Proprietas
1264 1723 172 59 duobus
1384 1723 155 59 modis
1470 1723 172 59 capitur.

1748 1716 108 59 liii.
1808 1716 36 59 b

1074 1766 269 51 Proprietarius
1296 1766 111 51 non
1359 1766 174 51 dicitur
1486 1766 111 51 qui
1549 1766 143 51 habet
1644 1766 127 51 vsum
1708 1766 143 51 licitum

1665 1813 47 35 tra

1126 1805 141 58 omnium
1225 1805 127 58 rerum
1310 1805 141 58 quibus
1409 1805 141 58 licite
1494 1805 127 58 vtitur.

1713 1813 135 61 ceci.
1788 1813 60 61 d.

1082 1847 243 64 Proprietas
1273 1847 191 64 bonorum
1394 1847 139 64 nocet.

1705 1858 163 56 cociii.
1809 1858 44 56 b

1080 1901 182 46 Proprietas
1223 1901 91 46 non
1275 1901 91 46 est
1328 1901 130 46 amnexa
1419 1901 130 46 statui
1510 1901 182 46 saeculari.
1653 1901 117 46 cccx.
1732 1901 78 46 d.
1758 1901 91 46 infi.

1076 1947 143 55 Puniri
1176 1947 143 55 potest
1276 1947 200 55 religiosus
1433 1947 100 55 pro
1490 1947 129 55 opere
1576 1947 114 55 bono
1647 1947 143 55 quando
1747 1947 86 55 in
1776 1947 71 55 sua

1121 1991 142 56 regula
1220 1991 100 56 hoc
1277 1991 100 56 est
1334 1991 171 56 vetitum,
1463 1991 100 56 vel
1519 1991 100 56 pro
1576 1991 114 56 actu
1633 1991 214 56 indifferente,

1133 2030 124 64 modo
1210 2030 108 64 sit
1272 2030 93 64 in
1318 2030 154 64 regula
1411 2030 154 64 vetitus.

1702 2036 148 61 cccxi.
1791 2036 59 61 c.

1084 2068 226 75 Purgatorium
1265 2068 105 75 iam
1325 2068 211 75 incolentes
1491 2068 136 75 vtrum
1581 2068 166 75 possint
1686 2068 166 75 indulgen-

1123 2116 137 59 tiarum
1219 2116 123 59 fieri
1288 2116 178 59 participes.

1586 2124 139 53 cxcix.
1683 2124 83 53 a.
1725 2124 83 53 in
1753 2124 97 53 fine.

1069 2164 210 52 Purgatorium
1237 2164 98 52 vbi
1293 2164 112 52 sit.
1363 2164 182 52 ccexxxix.
1502 2164 112 52 d.in
1572 2164 126 52 prin.
1656 2164 84 52 &.
1698 2164 126 52 xxvx.
1768 2164 70 52 di.

1247 2219 174 54 vantitas
1377 2219 131 54 vtrum
1464 2219 232 54 distinguatur
1653 2219 73 54 a
1682 2219 87 54 re
1711 2219 131 54 quanta.

1278 2256 106 55 lxi.
1344 2256 79 55 d.
1384 2256 79 55 &.
1423 2256 119 55 lxii.
1503 2256 79 55 b.
1543 2256 119 55 Vtrum
1622 2256 132 55 posset
1715 2256 79 55 ab
1754 2256 79 55 ea
1781 2256 66 55 se

1170 2264 50 48 lo

1288 2302 109 63 pari.
1360 2302 133 63 ibidem.
1457 2302 73 63 Et
1493 2302 97 63 quid
1554 2302 145 63 sequatur
1663 2302 73 63 si
1699 2302 73 63 vt
1723 2302 121 63 nomnina-

1278 2348 111 56 les
1341 2348 174 56 ponamus
1468 2348 111 56 non
1531 2348 221 56 distingui.
1705 2348 142 56 lxii.
1784 2348 63 56 b.

1094 2387 188 77 Quantitas
1238 2387 115 77 sola
1310 2387 159 77 videtur
1425 2387 130 77 extra
1512 2387 188 77 subiectum
1656 2387 87 77 in
1685 2387 159 77 speciebus

1126 2436 171 49 hostiae:
1254 2436 71 49 &
1282 2436 114 49 alia
1353 2436 199 49 accidentia
1510 2436 85 49 in
1538 2436 71 49 ea.

1733 2439 118 52 xiii.
1799 2439 53 52 a.

1082 2470 293 70 Quasiparticula
1326 2470 130 70 quid
1407 2470 244 70 significet.
1603 2470 244 70 cccxxxviii.
1782 2470 65 70 a.

1232 2512 71 78 n
1260 2512 129 78 Apina
1346 2512 100 78 est
1403 2512 157 78 grauius
1518 2512 172 78 peccatum
1646 2512 114 78 quam
1703 2512 129 78 furrum.

1642 2567 144 52 cxxvi.
1743 2567 87 52 b.
1771 2567 58 52 di

1269 2571 92 45 fo.

1226 2596 137 74 Raptor
1322 2596 137 74 ducens
1418 2596 137 74 raptam
1513 2596 164 74 antequam
1636 2596 96 74 sit
1677 2596 164 74 parentibus

1292 2664 184 61 restituta
1433 2664 85 61 an
1476 2664 113 61 vere
1547 2664 198 61 contrahat.
1702 2664 142 61 cclxx.
1787 2664 57 61 c.
