2331 3324
537 206 261 96 â‹.
624 206 305 96 oputo

244 289 148 85 Somnia
348 289 251 85 multipliciter
555 289 177 85 eueniunt
688 289 89 85 in
732 289 148 85 somno.
836 289 207 85 cclxxxvii.
984 289 44 85 d

258 359 154 49 Somnia
365 359 231 49 studiosorum
550 359 123 49 esse
612 359 200 49 laudabilia.

860 361 167 50 ibidem.

245 402 152 59 Somni
329 402 186 59 vtilitas.

715 393 190 69 cclxxviii.
864 393 81 69 d.
905 393 81 69 in
932 393 95 69 prin.

240 447 148 61 Somnus
344 447 148 61 quibus
448 447 134 61 modis
537 447 89 61 in
582 447 134 61 nobis
671 447 223 61 efficiatur.
849 447 178 61 ccclxxi.
967 447 45 61 c

254 493 151 50 Sonus
355 493 268 50 apostolorum,
573 493 101 50 an
623 493 168 50 exiuit
740 493 101 50 in
790 493 151 50 omnem
874 493 151 50 terram.

282 537 98 51 folio

880 534 143 57 xxiiii.
971 534 52 57 c.

251 575 125 63 Sors
330 575 141 63 varie
408 575 188 63 accipitur.

866 582 69 57 c
894 582 137 57 xxxii.
976 582 41 57 a

248 612 163 66 Sortes
362 612 147 66 Romae
460 612 245 66 vulneratur:
656 612 114 66 sed
722 612 163 66 Sortes
836 612 114 66 non
885 612 131 66 vulne-

287 669 149 58 ratur
370 669 133 58 Romae.

727 664 108 65 liii.
799 664 72 65 a.
835 664 96 65 ante
896 664 132 65 quaest.
980 664 36 65 v

248 703 203 60 Spirituale
407 703 73 60 &
436 703 203 60 spirituali
596 703 160 60 annexum
712 703 116 60 quid
784 703 131 60 sint.
871 703 160 60 cexlvi.
973 703 44 60 a

250 759 195 58 Sponsalia
400 759 120 58 quis
475 759 150 58 posset
580 759 225 58 contrahere:
761 759 75 58 &
791 759 90 58 an
836 759 120 58 sint
896 759 120 58 licita

289 801 74 59 &
319 801 119 59 quid
378 801 104 59 sint.

885 802 140 57 cclxii.
974 802 51 57 a.

249 835 198 60 Sponsalia
401 835 168 60 possunt
524 835 137 60 omnes
615 835 214 60 contrahere
783 835 107 60 qui
829 835 183 60 matrimonii

284 895 191 48 contrahere
435 895 164 48 possunt:
558 895 68 48 &
585 895 150 48 plures.
694 895 82 48 Et
735 895 109 48 sunt
803 895 150 48 licita.
899 895 123 48 ibidem.

252 938 209 54 Sponsalia
413 938 225 54 contrahens
590 938 113 54 cum
655 938 177 54 aliqua:
783 938 97 54 an
832 938 193 54 teneatur
961 938 64 54 de

279 981 236 50 necessitate
468 981 173 50 salutis
594 981 236 50 matrimonium
782 981 220 50 perficere.
939 981 79 50 Te-

287 1031 100 53 net
344 1031 114 53 quod
415 1031 114 53 non:
487 1031 72 53 &
516 1031 129 53 ponit
601 1031 143 53 multos
701 1031 129 53 casus
787 1031 86 53 in
830 1031 143 53 quibus
916 1031 100 53 alter

277 1066 111 60 sine
347 1066 153 60 peccato
444 1066 125 60 resilit

832 1070 152 58 cclxiiii.
949 1070 70 58 a.
972 1070 47 58 bi

248 1101 144 66 Status
348 1101 72 66 &
377 1101 230 66 sufficientia
564 1101 115 66 viri
636 1101 158 66 quomodo
750 1101 187 66 noscatur.
894 1101 129 66 coxl.
966 1101 43 66 b

248 1162 142 55 Status
347 1162 199 55 religionis
504 1162 100 55 est
561 1162 171 55 securior
689 1162 85 55 ad
731 1162 185 55 merendum,
874 1162 71 55 &
888 1162 128 55 peccata

294 1201 143 60 vitanda
398 1201 91 60 qui
437 1201 168 60 saecularis.

743 1202 128 63 cexcv.
833 1202 77 63 d.
871 1202 64 63 &
896 1202 128 63 sequi.
973 1202 38 63 a

248 1244 125 52 Status
336 1244 125 52 aliqui
424 1244 100 52 sunt
487 1244 213 52 perfectionis:
662 1244 63 52 &
687 1244 88 52 qui
737 1244 100 52 sint
800 1244 113 52 illi.
875 1244 138 52 cexcyi.
963 1244 50 52 di

247 1295 147 52 Status
350 1295 147 52 aliqui
454 1295 162 52 viuendi
572 1295 133 52 magis
660 1295 133 52 stant
749 1295 103 52 cum
808 1295 147 52 salute
896 1295 118 52 animae

278 1332 78 60 quam
317 1332 68 60 alii.

862 1333 150 58 cexcvi.
958 1333 54 58 di

247 1368 125 61 Status
334 1368 187 61 episcoporum
483 1368 187 61 saecularium
633 1368 87 61 est
683 1368 175 61 perfectior
820 1368 100 61 quam
882 1368 125 61 status
957 1368 50 61 ri

270 1423 175 56 ligiosorum,

659 1423 130 63 cexcvi.
754 1423 71 63 d.
790 1423 71 63 in
825 1423 83 63 fi.
873 1423 59 63 &
896 1423 119 63 sequi.
968 1423 47 63 a.

234 1467 161 46 Status
347 1467 210 46 curatorum
508 1467 113 46 qui
573 1467 129 46 apud
653 1467 210 46 Britannos
814 1467 194 46 rectores
943 1467 81 46 vo-

283 1513 164 49 cantur,
403 1513 75 49 &
432 1513 164 49 aliorum
552 1513 224 49 praelatorum
731 1513 194 49 episcopis
866 1513 149 49 inferio-

280 1561 117 57 rum,
353 1561 102 57 est
412 1561 161 57 maioris
528 1561 233 57 perfectionis
718 1561 102 57 qui
777 1561 146 57 status
864 1561 146 57 religio

256 1601 151 45 sorum.

495 1598 152 63 coxcviii.
612 1598 70 63 a.
647 1598 70 63 b.
682 1598 70 63 c.
717 1598 70 63 d.
752 1598 58 63 &
776 1598 93 63 tota
834 1598 105 63 illa.
904 1598 93 63 qui.
951 1598 58 63 vii

243 1641 161 59 Status
356 1641 177 59 hominum
468 1641 113 59 tres.

832 1646 196 60 cexcviii.
968 1646 45 60 b

240 1682 191 59 Statutum
383 1682 302 59 Cistertiensium.
638 1682 127 59 Vide
717 1682 238 59 Cistertien.
892 1682 127 59 Statu-

278 1736 114 56 tum
343 1736 146 56 omnis
440 1736 211 56 vtriusque
603 1736 163 56 sexus,
717 1736 114 56 non
782 1736 211 56 euacuatur
928 1736 81 56 per

272 1776 113 49 hoc
336 1776 129 49 quod
417 1776 242 49 mendicantes
610 1776 226 49 facultatem
787 1776 193 49 audiendi
916 1776 97 49 con-

275 1826 185 46 fessiones
417 1826 171 46 habeant:
546 1826 100 46 nec
603 1826 185 46 propterea
745 1826 157 46 cogitur
859 1826 114 46 quis
916 1826 100 46 eadem

266 1868 140 56 peccata
368 1868 89 56 bis
419 1868 178 56 confiteri,
558 1868 102 56 quia
622 1868 127 56 potest
711 1868 76 56 ea
749 1868 114 56 semel
825 1868 165 56 sacerdoti
939 1868 64 56 pro

282 1911 102 56 prio
346 1911 178 56 confiteri,
486 1911 64 56 &
511 1911 114 56 satis
574 1911 64 56 est

854 1913 159 52 clxxx.
949 1913 48 52 c

239 1946 199 61 Statutum
388 1946 182 61 aliquod
521 1946 248 61 religionis,
720 1946 99 61 an
769 1946 116 61 sub
835 1946 149 61 poena
918 1946 83 61 pec

276 2001 129 53 cati
356 2001 193 53 mortalis
501 2001 193 53 obliget,
647 2001 242 53 cognoscitur
840 2001 97 53 ex
872 2001 129 53 duobus

247 2043 113 53 folio

869 2049 161 56 cccxii.
972 2049 44 56 b

231 2080 217 64 Sterilitas
402 2080 93 64 in
449 2080 124 64 lege
526 2080 171 64 Mosaica
650 2080 124 64 erat
728 2080 233 64 opprobrium:
914 2080 78 64 &
929 2080 78 64 foe

265 2131 176 55 cunditas
383 2131 191 55 benedictio.

844 2134 164 57 cclxxiii.
958 2134 50 57 c.

234 2168 237 71 Sterilitatis
426 2168 148 71 causae
515 2168 207 71 assignantur.

817 2180 184 53 cclxxxv.
940 2180 61 53 bi

231 2212 225 70 Sterilitas
408 2212 193 70 foeminae
552 2212 177 70 dummodo
681 2212 193 70 cognosci
825 2212 161 70 possit
922 2212 80 70 nor

257 2266 183 53 impedit
391 2266 267 53 matrimonium.
607 2266 200 53 cclxxxv.
757 2266 100 53 b.
807 2266 100 53 in
857 2266 117 53 fi.
924 2266 83 53 &
940 2266 67 53 c.

233 2305 203 66 Stimulum
386 2305 170 66 carnis
504 2305 136 66 quid
589 2305 220 66 vocauerit
759 2305 220 66 Apostolus
911 2305 102 66 ali-

269 2354 168 58 quorum
370 2354 202 58 sententia.

776 2358 230 51 ccclxxxix.
940 2358 66 51 d.

231 2396 235 53 Studiosorum
419 2396 156 53 somnia
529 2396 219 53 laudabilia
701 2396 141 53 esse.
795 2396 219 53 cclxxxvii.
951 2396 47 53 d

241 2446 182 58 Studiosi
377 2446 76 58 &
407 2446 167 58 literis
529 2446 227 58 incumbentes
710 2446 136 58 magis
801 2446 182 58 laborant
922 2446 76 58 qua

258 2487 223 51 marmorarii
417 2487 191 51 artifices.

743 2489 125 59 ccciiii.
836 2489 63 59 d.
868 2489 52 59 &
888 2489 104 59 sequi.
961 2489 63 59 a.

225 2529 187 58 Substantia
371 2529 160 58 producit
491 2529 160 58 accidens
611 2529 67 58 &
638 2529 120 58 ipsum
718 2529 187 58 corrumpit.
865 2529 133 58 lxiii.
945 2529 53 58 bi

230 2581 233 49 Substantia
413 2581 150 49 ignis
513 2581 216 49 concurrit
679 2581 100 49 ad
729 2581 266 49 productionem
929 2581 66 49 ca

262 2619 133 70 loris
351 2619 89 70 in
395 2619 148 70 passum
499 2619 222 70 extrinsecum
676 2619 89 70 in
721 2619 178 70 sphaera,
854 2619 118 70 siue
913 2619 89 70 acti

264 2663 158 59 uitati
359 2663 205 59 applicatum.

892 2667 118 59 lxiii.
963 2667 35 59 c

218 2701 234 83 Substantia
402 2701 201 83 producit
536 2701 234 83 substantiam.

834 2711 172 63 ibidem.

1098 169 717 150 ailpbabetica.

1079 306 236 70 Substantiam
1268 306 94 70 in
1315 306 236 70 substautiam
1504 306 236 70 transmutari
1693 306 110 70 est
1740 306 126 70 possi-

1126 358 106 53 bile.
1185 358 83 53 folio

1765 360 117 56 vii.
1824 360 44 56 b

1084 393 176 60 Subtilis
1216 393 103 60 aut
1275 393 220 60 penetratiua
1451 393 161 60 dicitur
1569 393 103 60 res
1613 393 249 60 multiplliciter.

1088 447 132 49 folio

1656 452 216 54 ccclxxvii.
1810 452 46 54 c

1085 486 255 70 Subtilitatis
1293 486 144 70 dotem
1388 486 192 70 habebunt
1532 486 144 70 omnia
1628 486 176 70 corpora
1739 486 128 70 beato-

1114 536 118 60 rum
1181 536 134 60 post
1265 536 134 60 diem
1333 536 151 60 iudicii

1656 540 209 59 ccclxxvii.
1805 540 60 59 d.

1085 582 222 57 Successiua
1260 582 111 57 res
1323 582 159 57 quando
1419 582 95 57 sit.

1670 582 197 57 xxxviii.
1801 582 49 57 c

1082 629 232 46 Sufficientia
1270 629 73 46 &
1299 629 145 46 status
1401 629 116 46 viri
1473 629 160 46 quomodo
1589 629 189 46 noscatur.
1734 629 131 46 coxi.
1807 629 44 46 b

1091 671 177 56 Suffragia
1227 671 177 56 ecclesiae
1363 671 136 56 quibus
1459 671 163 56 prosint.
1581 671 190 56 cccxliiii.
1731 671 95 56 to.
1785 671 82 56 q.
1812 671 41 56 i

1084 717 195 58 Suffragia
1234 717 210 58 existentis
1399 717 90 58 in
1444 717 165 58 peccato
1565 717 180 58 mortali,
1700 717 90 58 an
1730 717 135 58 prosint

1103 756 189 55 defuncto.

1542 762 154 52 cccxlvi.
1657 762 77 52 d.
1696 762 115 52 tota.
1760 762 102 52 quaii.

1081 805 183 59 Superior
1218 805 153 59 potest
1325 805 214 59 praecipere
1493 805 198 59 inferiori
1645 805 229 59 multifaria:
1813 805 46 59 &

1109 847 206 54 quomodo
1259 847 262 54 obediendum
1447 847 112 54 sit.

1694 848 156 59 cecviii.
1798 848 52 59 di

1086 891 197 61 Suplatiui
1237 891 152 61 gradus
1344 891 152 61 dictio
1450 891 152 61 reddit
1556 891 258 61 propositionem
1753 891 91 61 expo

1120 940 160 54 nibilem
1237 940 218 54 affirmatiue
1411 940 73 54 &
1440 940 189 54 negatiue.
1586 940 174 54 cclxxvi.
1717 940 87 54 d.
1760 940 87 54 in
1789 940 73 54 fi-

1085 975 208 55 Sumentium
1245 975 144 55 digne
1341 975 80 55 &
1373 975 176 55 indigne
1500 975 256 55 Eucharistiam
1708 975 144 55 varii
1788 975 64 55 mo

1123 1028 90 55 di
1168 1028 90 55 in
1213 1028 180 55 epilogo.
1348 1028 120 55 xli.
1423 1028 90 55 c.
1468 1028 195 55 Sumentium
1619 1028 135 55 digne
1694 1028 165 55 conditio-

1118 1080 113 38 nes.
1188 1080 155 38 ibidem.
1301 1080 85 38 in
1343 1080 183 38 principio
1484 1080 211 38 quaestionis
1653 1080 183 38 secundae.

1251 1116 178 46 Abellam
1380 1116 211 46 naufragii
1542 1116 130 46 quae
1623 1116 113 46 duo
1672 1116 178 46 sustinere

1261 1162 168 50 nequeat
1383 1162 183 50 occupare
1520 1162 137 50 licet
1611 1162 91 50 si
1657 1162 168 50 possum:
1779 1162 107 50 sed

1259 1204 84 64 si
1301 1204 127 64 alter
1386 1204 253 64 praeoccuparit,
1597 1204 99 64 eum
1653 1204 183 64 depellere
1780 1204 70 64 ne-

1078 1213 235 94 tggguam
1249 1213 128 94 is
1291 1213 107 94 es-

1726 1247 139 56 cxxii.
1809 1247 56 56 c.

1082 1278 172 68 Tactus
1202 1278 103 68 in
1254 1278 172 68 patria
1374 1278 172 68 exibit
1495 1278 103 68 in
1546 1278 138 68 suam
1615 1278 241 68 operationem.

1084 1335 122 51 folio

1676 1336 173 58 ceclxxi.
1791 1336 58 58 d.

1083 1374 128 74 Tempus
1173 1374 102 74 quid
1237 1374 102 74 sit.
1300 1374 89 74 xv.
1352 1374 64 74 b
1377 1374 64 74 &
1403 1374 102 74 quod
1467 1374 141 74 triplex
1569 1374 102 74 est.
1633 1374 89 74 xv.
1684 1374 77 74 c.
1722 1374 77 74 &.
1761 1374 102 74 xvi.
1812 1374 38 74 a

1091 1425 170 61 Temporis
1204 1425 255 61 pertranscassio,-

1664 1431 203 49 xxxviii.
1799 1431 51 49 a

1086 1462 146 59 Tempus
1189 1462 161 59 aetatis
1306 1462 88 59 an
1350 1462 102 59 sit
1408 1462 234 59 determinatum
1598 1462 88 59 ab
1642 1462 176 59 ecclesia
1759 1462 88 59 sta-

1113 1517 147 51 tutum
1211 1517 98 51 ad
1260 1517 229 51 matrimonia
1440 1517 115 51 aut
1506 1517 213 51 sponsalia
1653 1517 197 51 contrahen-

1112 1558 96 59 da,
1167 1558 69 59 &
1195 1558 110 59 quae
1264 1558 96 59 sit
1319 1558 124 59 ratio
1388 1558 165 59 statuendi.

1691 1560 97 64 cclx
1752 1560 97 64 vii.
1800 1560 49 64 a.

1084 1601 174 58 Tenebrae
1215 1601 203 58 corporales
1375 1601 87 58 an
1419 1601 116 58 sint
1491 1601 87 58 in
1535 1601 160 58 infemo.
1651 1601 203 58 ccclxxxix.
1796 1601 44 58 d

1080 1651 145 44 Terrae
1182 1651 189 44 circuitus
1327 1651 116 44 quot
1400 1651 145 44 stadia
1502 1651 203 44 contineat.
1661 1651 189 44 cccxxxix.
1792 1651 58 44 c.

1075 1691 180 52 Terrarum
1210 1691 165 52 nouarum
1316 1691 165 52 repertio.

1743 1695 72 56 fo.
1784 1695 61 56 i.
1804 1695 41 56 di

1084 1737 182 51 Theologo
1220 1737 91 51 an
1266 1737 151 51 liceat
1372 1737 182 51 tractare
1508 1737 136 51 artes
1599 1737 106 51 non
1644 1737 212 51 theologicas.

1108 1783 86 59 fo.
1157 1783 73 59 i.
1193 1783 73 59 a.
1230 1783 110 59 Tenet
1303 1783 98 59 quod
1364 1783 86 59 sic
1413 1783 86 59 sub
1462 1783 208 59 distinctione.
1633 1783 134 59 ibidem.
1731 1783 61 59 &
1755 1783 122 59 sequi.

1085 1816 183 65 Theologus
1226 1816 84 65 an
1268 1816 99 65 sit
1324 1816 84 65 in
1366 1816 197 65 collatione
1521 1816 225 65 beneficiorum
1690 1816 169 65 praeferen-

1110 1869 105 58 dus
1170 1869 224 58 iurisperito
1349 1869 75 58 &
1364 1869 180 58 canonistae

1676 1874 192 55 coxxvi.
1798 1874 52 55 b

1079 1911 222 63 Theologus
1250 1911 103 63 an
1301 1911 171 63 melius
1421 1911 171 63 faciat
1541 1911 188 63 docendo
1678 1911 86 63 &
1695 1911 154 63 legendo

1113 1960 95 64 in
1161 1960 270 64 vniuersitate,
1383 1960 95 64 an
1431 1960 238 64 praedicando
1621 1960 159 64 populo
1716 1960 143 64 distin-

1103 2002 117 54 guit.
1168 2002 91 54 folie

1651 2006 203 54 coxxviii.
1792 2006 62 54 d.

1078 2044 185 54 Theologi
1217 2044 185 54 interest
1356 2044 139 54 multa
1448 2044 232 54 cognoscere,
1634 2044 124 54 quae
1711 2044 93 54 in
1742 2044 108 54 publi

1109 2089 95 47 co
1157 2089 175 47 sermone
1284 2089 175 47 dicenda
1411 2089 111 47 non
1459 2089 111 47 sunt.

1653 2094 187 53 cclxxviii.
1786 2094 54 53 bi

1083 2125 156 66 Thomas
1192 2125 171 66 sanctus
1317 2125 109 66 non
1380 2125 109 66 est
1442 2125 187 66 habendus
1582 2125 218 66 haereticus
1738 2125 109 66 licet

1104 2180 123 69 eius
1180 2180 123 69 opi.
1257 2180 92 69 de
1303 2180 230 69 conceptione
1488 2180 169 69 Mariae,
1611 2180 123 69 nunc
1672 2180 169 69 pertinaci

1103 2224 95 63 ter
1158 2224 163 63 tenentes
1280 2224 109 63 sint
1334 2224 163 63 haeretici.

1733 2227 86 57 iii.
1787 2227 64 57 c.
1808 2227 43 57 d.

1078 2263 159 70 Thomas
1189 2263 175 70 sanctus
1316 2263 111 70 tot
1380 2263 143 70 fecit
1475 2263 206 70 miracula,
1634 2263 127 70 quot
1697 2263 143 70 determi

1080 2313 141 62 nauit
1158 2313 219 62 quaestiones.

1569 2315 149 75 cccxvi.
1678 2315 81 75 b.
1719 2315 81 75 in
1746 2315 95 75 prin-

1718 2360 123 50 ccix.
1787 2360 55 50 di

1075 2358 172 60 Tonsura
1201 2358 141 60 quare
1295 2358 125 60 fiat
1357 2358 141 60 clerico

1078 2393 184 75 Torqueri
1216 2393 184 75 quemquam
1354 2393 92 75 vt
1400 2393 92 75 ex
1446 2393 230 75 confessione
1629 2393 107 75 sua
1675 2393 169 75 moriatur,

1112 2448 86 51 an
1155 2448 100 51 sit
1198 2448 143 51 licitum.

1702 2446 139 53 cxxii.
1785 2446 56 53 d.

1070 2481 173 70 Tortura
1196 2481 141 70 iusta
1290 2481 110 70 duo
1337 2481 157 70 requirit

1593 2475 134 76 cxxii.
1686 2475 80 76 d.
1727 2475 80 76 in
1753 2475 94 76 fine.

1074 2529 124 81 Toto
1152 2529 140 81 corde
1245 2529 171 81 quomodo
1369 2529 124 81 deus
1447 2529 233 81 diligendus,
1633 2529 78 81 &
1649 2529 186 81 testimonia

1097 2580 128 60 eius
1161 2580 176 60 scrutanda

1620 2581 124 56 lxxx.
1703 2581 82 56 b.
1744 2581 82 56 ad
1771 2581 69 56 fi.

1074 2622 119 55 Totum
1153 2622 79 55 an
1193 2622 119 55 dicat
1272 2622 146 55 tertiam
1378 2622 172 55 entitatem
1510 2622 66 55 a
1537 2622 106 55 suis
1603 2622 159 55 partibus
1709 2622 132 55 realiter

1086 2665 200 64 distinctam

1447 2669 174 67 cccxxxii.
1581 2669 80 67 be
1621 2669 67 67 &
1648 2669 121 67 tota.
1728 2669 80 67 q.
1755 2669 94 67 iiii.

1060 2711 202 79 Traianus
1212 2711 101 79 an
1262 2711 169 79 fuerit
1364 2711 185 79 damnatus.

1666 2721 187 70 cccxliiii.
1799 2721 54 70 c.
