2547 4152
226 348 140 63 sine
314 348 280 63 commutatione
542 348 140 63 sui,
629 348 228 63 mutabilia
805 348 210 63 creavit,
962 348 88 63 &
997 348 228 63 creaturam

230 400 248 50 gubernans,
425 400 177 50 semper
550 400 177 50 manens
674 400 142 50 quod
762 400 142 50 est,
851 400 124 50 cui
922 400 160 50 nihil
1011 400 177 50 accidens

240 444 124 44 esse
318 444 187 44 poterit,
458 444 124 44 quia
536 444 202 44 simplicis
691 444 233 44 divinitatis
878 444 187 44 naturae,
1018 444 140 44 nihil
1096 444 93 44 addi

244 489 109 42 vel
307 489 140 42 minui
400 489 171 42 potest,
525 489 125 42 quia
602 489 156 42 semper
711 489 109 42 est
774 489 125 42 quod
852 489 125 42 est,
929 489 109 42 cui
992 489 109 42 est
1038 489 156 42 proprium

245 531 121 48 est,
321 531 106 48 cui
381 531 152 48 semper
487 531 182 48 aeternum
624 531 121 48 est,
700 531 106 48 cui
760 531 121 48 idem
836 531 106 48 est
897 531 136 48 esse,
988 531 167 48 vivere,
1109 531 76 48 &
1124 531 61 48 in

230 573 228 58 telligere:
409 573 130 58 ergo
490 573 163 58 timeas
604 573 195 58 tangere,
750 573 130 58 quia
831 573 195 58 scriptum
978 573 130 58 est,
1059 573 130 58 Noli
1124 573 65 58 me

223 613 191 60 tangere.
366 613 79 60 &
398 613 159 60 alibi,
509 613 159 60 bestia
620 613 111 60 qui
684 613 206 60 tetigerit
843 613 175 60 montem,
970 613 254 60 lapidabitur,

218 667 133 47 noli
301 667 150 47 ipsam
401 667 100 47 in
451 667 116 47 hac
517 667 133 47 vita
601 667 282 47 comprehedere,
833 667 150 47 sicut
933 667 133 47 est,
1016 667 116 47 nec
1066 667 116 47 omnia

227 699 164 55 judicia
347 699 135 55 ejus,
436 699 90 55 si
481 699 105 55 non
541 699 105 55 vis
601 699 164 55 errare.
720 699 164 55 Paulus.
840 699 75 55 o
870 699 179 55 altitudo
990 699 194 55 divitiarum,

218 758 146 49 quam
309 758 402 49 incomprehensibilia
656 758 146 49 sunt
747 758 201 49 judicia
893 758 164 49 ejus.
1003 758 146 49 Idem
1076 758 110 49 Vide

215 792 121 43 mus
284 792 139 43 nunc
371 792 121 43 per
440 792 208 43 speculum
596 792 104 43 in
648 792 243 43 aenigmate,
839 792 139 43 tunc
926 792 156 43 autem
1030 792 156 43 facie
1117 792 69 43 ad

227 829 165 62 faciem.
347 829 135 62 Psal.
437 829 165 62 Judicia
557 829 150 62 Domini
662 829 165 62 abyssus
782 829 150 62 multa.
887 829 75 62 &
917 829 120 62 Esa.
977 829 210 62 Generationes

223 884 120 47 ejus
298 884 120 47 quis
373 884 210 47 enarrabit?
538 884 135 47 crede
628 884 150 47 solum,
732 884 75 47 &
762 884 105 47 est
822 884 150 47 satis,
927 884 105 47 non
987 884 105 47 est
1047 884 120 47 tuae
1107 884 75 47 fa-

225 924 178 45 cultatis
359 924 163 45 solvere
477 924 207 45 corrigiam,
640 924 89 45 ut
685 924 133 45 patet
773 924 148 45 infra.
877 924 119 45 eod.
951 924 119 45 cap.
1011 924 44 45 1

216 969 141 74 Et
287 969 165 74 cur
381 969 259 74 dicatur
569 969 306 74 Trinitas.
805 969 118 74 *
852 969 141 74 Et
922 969 212 74 certe
1040 969 141 74 quia

895 1009 126 57 licet
979 1009 98 57 una
1035 1009 98 57 sit
1092 1009 112 57 sub-

224 1046 183 54 stantia,
361 1046 199 54 essentia,
514 1046 107 54 seu
575 1046 153 54 natura
682 1046 168 54 dirina,
804 1046 107 54 est
865 1046 138 54 tamen
957 1046 138 54 pater
1049 1046 107 54 qui
1095 1046 76 54 ge-

225 1099 159 48 nerat,
336 1099 159 48 Filius
447 1099 111 48 qui
511 1099 206 48 gignitur,
670 1099 191 48 Spiritus
813 1099 175 48 sanctus
940 1099 111 48 qui
1003 1099 206 48 procedit,

221 1140 227 63 Substantia
399 1140 130 63 vero
480 1140 113 63 non
545 1140 113 63 est
610 1140 211 63 generans,
772 1140 146 63 neque
869 1140 178 63 genita,
999 1140 146 63 neque
1080 1140 97 63 pro-

226 1188 168 40 cedens,
348 1188 91 40 ut
393 1188 107 40 sic
454 1188 259 40 distinctiones
668 1188 122 40 sint
744 1188 91 40 in
790 1188 198 40 personis,
942 1188 76 40 &
973 1188 152 40 unitas
1080 1188 91 40 in
1110 1188 61 40 na

228 1228 126 55 tura,
312 1228 112 55 inf.
382 1228 84 55 eo
423 1228 181 55 firmiter,
563 1228 112 55 post
633 1228 126 55 prin.
716 1228 98 55 ibi
772 1228 112 55 tres
842 1228 140 55 quidem
940 1228 181 55 personae,
1079 1228 84 55 &c
1121 1228 70 55 &

223 1270 119 44 haec
298 1270 149 44 sancta
402 1270 194 44 Trinitas,
551 1270 89 44 in
596 1270 134 44 prin.
685 1270 75 44 &
715 1270 75 44 c
745 1270 194 44 damnamus.
924 1270 104 44 nos
983 1270 149 44 autem.
1073 1270 104 44 Verum

225 1316 156 58 circa
329 1316 121 58 hoc
398 1316 208 58 notandum
554 1316 139 58 est,
641 1316 139 58 quod
727 1316 191 58 nominum
866 1316 191 58 quaedam
1005 1316 139 58 sunt
1091 1316 121 58 es-

222 1358 236 45 sentialia,
408 1358 185 45 quaedam
542 1358 253 45 personalia,
745 1358 185 45 quaedam
880 1358 253 45 notionalia.
1065 1358 118 45 Essen

214 1404 155 47 tialia
323 1404 140 47 sunt,
416 1404 124 47 quae
494 1404 93 47 in
540 1404 155 47 numero
649 1404 217 47 singulari,
820 1404 93 47 de
867 1404 155 47 tribus
975 1404 186 47 personis
1099 1404 78 47 si-

219 1446 117 45 mul
286 1446 84 45 &
320 1446 234 45 singulatim
503 1446 217 45 debentur,
671 1446 100 45 ut
721 1446 150 45 Deus,
821 1446 167 45 bonus,
938 1446 184 45 iustus,
1055 1446 117 45 aeter

219 1500 145 47 nus,
309 1500 272 47 omnipotens,
527 1500 91 47 &
563 1500 217 47 similia:
726 1500 199 47 Dicimus
871 1500 145 47 enim
944 1500 236 47 singulatim,

221 1533 143 54 Pater
317 1533 111 54 est
380 1533 143 54 Deus,
476 1533 159 54 Filius
587 1533 111 54 est
651 1533 143 54 Deus,
746 1533 191 54 Spiritus
890 1533 175 54 sanctus
1017 1533 111 54 est
1065 1533 111 54 Deus,

222 1577 97 50 in
270 1577 146 50 simul
368 1577 130 50 vero
449 1577 162 50 Pater,
563 1577 179 50 Filius,
693 1577 81 50 &
725 1577 195 50 Spiritus
871 1577 179 50 sanctus
1001 1577 130 50 sunt
1066 1577 114 50 Deus.

218 1619 116 54 non
285 1619 133 54 Dii;
368 1619 166 54 bonus,
484 1619 116 54 non
551 1619 150 54 boni,
651 1619 83 54 &
684 1619 116 54 sic
750 1619 100 54 de
800 1619 166 54 aliis,
917 1619 133 54 unde
1000 1619 100 54 in
1033 1619 133 54 Evange

224 1666 136 49 lio,
309 1666 136 49 unus
394 1666 119 49 est
462 1666 136 49 Deus
547 1666 170 49 bonus.
666 1666 119 49 Sic
734 1666 136 49 ergo
819 1666 221 49 incongrue
972 1666 204 49 diceremus.

219 1716 128 47 quod
299 1716 160 47 essent
411 1716 128 47 tres
491 1716 128 47 Dii,
571 1716 128 47 tres
651 1716 272 47 omnipotentes,
876 1716 128 47 tres
956 1716 192 47 aeterni,
1084 1716 96 47 unde

218 1752 248 48 Athanasius,
417 1752 83 48 &
450 1752 149 48 tamen
550 1752 116 48 non
616 1752 132 48 tres
699 1752 132 48 dii,
782 1752 116 48 sed
848 1752 132 48 unus
931 1752 116 48 est
997 1752 149 48 Deus.
1080 1752 99 48 Per-

220 1799 199 44 sonalia
365 1799 163 44 sunt,
474 1799 145 44 quae
564 1799 236 44 supponunt
745 1799 217 44 personam
908 1799 181 44 tantum
1035 1799 163 44 unam,
1126 1799 54 44 &

223 1844 140 52 aliam
317 1844 93 52 in
363 1844 202 52 singulari
519 1844 171 52 numero,
643 1844 93 52 ut
689 1844 155 52 Pater,
798 1844 171 52 Filius,
922 1844 78 52 &
954 1844 186 52 Spiritus
1078 1844 93 52 san-

223 1885 153 56 ctus.
325 1885 238 56 Notionalia
512 1885 136 56 sunt
597 1885 136 56 quae
682 1885 170 56 notant
802 1885 289 56 distinctionem
1040 1885 102 56 in
1074 1885 102 56 per-

220 1925 158 48 sonis,
331 1925 95 48 ut
378 1925 206 48 generans,
537 1925 206 48 generata,
695 1925 79 48 &
727 1925 222 48 procedens,
901 1925 127 48 haec
980 1925 190 48 diversis
1107 1925 63 48 mo

218 1980 117 47 dis
285 1980 168 47 teneri
403 1980 117 47 non
470 1980 201 47 possunt,
621 1980 218 47 adjective
788 1980 201 47 dicuntur
939 1980 168 47 tantum
1057 1980 101 47 de
1090 1980 84 47 per

211 2028 160 45 sonis,
323 2028 80 45 &
355 2028 112 45 non
419 2028 96 45 de
467 2028 208 45 essentia,
627 2028 240 45 substantire
820 2028 288 45 intelliguntur,
1060 2028 112 45 tam
1108 2028 64 45 de

222 2061 210 54 essentia,
384 2061 129 54 quam
464 2061 97 54 de
513 2061 210 54 personis,
675 2061 129 54 unde
756 2061 129 54 haec
836 2061 226 54 proposito,
1014 2061 146 54 pater
1095 2061 81 54 est

216 2109 196 55 generans,
367 2109 226 55 simpliciter
547 2109 121 55 vera
623 2109 121 55 est,
698 2109 121 55 sive
773 2109 121 55 haec
849 2109 151 55 dictio
954 2109 196 55 generans,
1090 2109 75 55 te-

217 2149 157 46 neatur
327 2149 220 46 adiective,
500 2149 126 46 sive
578 2149 251 46 substantive.
782 2149 110 46 Sin
845 2149 141 46 autem
939 2149 188 46 dicatur,
1065 2149 94 46 sub-

218 2196 171 46 stantia
343 2196 156 46 divina
452 2196 109 46 est
514 2196 202 46 generans,
669 2196 93 46 si
716 2196 124 46 haec
794 2196 156 46 dictio
903 2196 202 46 Generans,
1043 2196 124 46 tenea-

216 2236 110 46 tur
279 2236 220 46 adjectire,
452 2236 141 46 falsa
546 2236 125 46 est,
624 2236 125 46 quia
703 2236 141 46 notat
797 2236 267 46 distinctionem
1016 2236 94 46 in
1048 2236 125 46 essen-

218 2288 117 42 tia.
291 2288 87 42 Si
335 2288 117 42 vero
408 2288 175 42 teneatur
539 2288 233 42 substantive,
729 2288 117 42 vera
802 2288 117 42 est,
874 2288 73 42 &
904 2288 102 42 est
962 2288 160 42 sensus,
1079 2288 117 42 sub-

219 2330 168 41 stantia
341 2330 153 41 dirina
448 2330 107 41 est
509 2330 198 41 generans,
661 2330 92 41 id
707 2330 107 41 est
768 2330 168 41 persona
890 2330 122 41 quae
967 2330 183 41 generat:
1089 2330 76 41 un-

216 2369 103 52 de
267 2369 138 52 haec
354 2369 155 52 omnia
457 2369 207 52 generans
612 2369 190 52 genita,
750 2369 241 52 procedens,
940 2369 172 52 Juncta
1043 2369 121 52 nomi-

206 2421 170 46 nibus
319 2421 283 46 personarum,
546 2421 321 46 distinctionem
810 2421 189 46 notant
923 2421 245 46 personarum:

203 2455 159 60 juncta
314 2455 127 60 vero
394 2455 111 60 cum
458 2455 111 60 his
521 2455 239 60 substantia,
712 2455 175 60 natura,
840 2455 111 60 seu
903 2455 191 60 essentia
1031 2455 143 60 divina,

207 2500 204 46 tenentur
360 2500 272 46 substantive,
581 2500 85 46 &
615 2500 170 46 notant
733 2500 221 46 essentiam
903 2500 102 46 in
954 2500 204 46 persona.
1107 2500 102 46 Et

217 2540 132 46 licet
305 2540 132 46 alius
393 2540 103 46 sit
452 2540 147 46 pater,
554 2540 132 46 alius
642 2540 161 46 filius,
760 2540 132 46 alius
848 2540 176 46 Spiritus
979 2540 176 46 sanctus,
1097 2540 73 46 non

217 2585 146 50 tamen
314 2585 162 50 alius,
427 2585 113 50 sed
492 2585 113 50 id,
557 2585 130 50 quod
638 2585 113 50 est
703 2585 162 50 pater,
816 2585 113 50 est
881 2585 81 50 &
913 2585 178 50 filius,
1042 2585 130 50 idem
1107 2585 65 50 om

219 2625 123 49 nino
295 2625 107 49 est
357 2625 77 49 &
387 2625 307 49 Spirituslanctus,
648 2625 123 49 inf.
725 2625 107 49 eo.
786 2625 199 49 damnamus.
940 2625 77 49 &
971 2625 92 49 .
1017 2625 138 49 licet
1093 2625 77 49 igi

207 2673 126 49 tur.
286 2673 79 49 |
318 2673 237 49 Disjunctiva
507 2673 126 49 enim
586 2673 158 49 nomina
696 2673 126 49 sive
775 2673 221 49 partitiva,
948 2673 95 49 ut
996 2673 142 49 unus,
1074 2673 95 49 duo,

208 2724 186 47 aliquis,
347 2724 155 47 alius,
455 2724 77 47 &
486 2724 186 47 similia,
625 2724 201 47 aliquando
780 2724 232 47 significant
965 2724 216 47 essentiam,
1120 2724 46 47 a

207 2761 221 49 liquando
372 2761 147 49 non.
464 2761 129 49 nam
538 2761 184 49 juncta
666 2761 129 49 cum
740 2761 239 49 nominibus
906 2761 257 49 personalibus

215 2803 87 48 &
249 2803 122 48 non
319 2803 295 48 essentialibus
562 2803 104 48 in
614 2803 226 48 masculino
788 2803 191 48 genere,
927 2803 87 48 &
962 2803 122 48 non
1014 2803 156 48 foemini

215 2851 113 53 no,
280 2851 162 53 notant
393 2851 275 53 distinctionem
619 2851 97 53 in
668 2851 210 53 personis,
829 2851 129 53 puta
910 2851 146 53 pater
1007 2851 113 53 est
1056 2851 113 53 unus.

210 2895 152 52 filius
316 2895 106 52 est
377 2895 152 52 alius.
483 2895 137 52 pater
574 2895 76 52 &
604 2895 152 52 filius
711 2895 121 52 sunt
787 2895 121 52 duo,
862 2895 106 52 vel
923 2895 182 52 personae
1045 2895 121 52 patris

217 2936 79 53 &
249 2936 143 53 filii
344 2936 127 53 sunt
423 2936 143 53 duae.
518 2936 158 53 juncta
629 2936 127 53 vero
708 2936 111 53 cum
772 2936 285 53 essentialibus,
1010 2936 111 53 ita
1073 2936 127 53 quod

215 2980 115 47 eis
280 2980 246 47 innitantur,
477 2980 213 47 essentiam
641 2980 180 47 notant,
772 2980 98 47 ut
822 2980 148 47 pater
920 2980 115 47 est
986 2980 131 47 unus
1051 2980 115 47 Deus,

213 3023 144 57 pater
309 3023 80 57 &
341 3023 160 57 filius
453 3023 128 57 sunt
533 3023 112 57 una
597 3023 208 57 essentia.
756 3023 96 57 In
804 3023 160 57 neutro
916 3023 128 57 vero
996 3023 160 57 genere
1108 3023 96 57 es

216 3064 187 50 sentiam
352 3064 170 50 tantum
472 3064 187 50 notant,
608 3064 102 50 ut
659 3064 170 50 pater,
778 3064 85 50 &
812 3064 170 50 filius
931 3064 136 50 sunt
1017 3064 153 50 unum,
1102 3064 68 50 id

212 3108 106 55 est
273 3108 106 55 una
333 3108 121 55 res,
409 3108 76 55 &
439 3108 121 55 ideo
515 3108 152 55 optime
622 3108 182 55 dicitur,
758 3108 137 55 alius
849 3108 152 55 pater,
956 3108 137 55 alius
1031 3108 137 55 filius,

212 3151 93 51 id
259 3151 109 51 est
321 3151 124 51 alia
399 3151 109 51 est
461 3151 171 51 persona
585 3151 171 51 patris,
709 3151 78 51 &
740 3151 124 51 alia
818 3151 109 51 est
880 3151 171 51 persona
1004 3151 155 51 filii,
1097 3151 78 51 non

210 3202 148 56 tamen
308 3202 164 56 aliud,
423 3202 115 56 imo
489 3202 131 56 idem
571 3202 131 56 sunt
653 3202 99 56 in
702 3202 246 56 substantia,
900 3202 99 56 ut
949 3202 115 56 jam
1015 3202 164 56 patet.

1443 476 286 96 Equitur
1651 476 156 96 de
1729 476 286 96 secunda
1937 476 234 96 parte
2067 476 104 96 Ru

1979 528 178 51 bricae,
2092 528 81 51 sci

1450 557 141 70 licet
1544 557 94 70 de
1591 557 125 70 fide
1670 557 219 70 Catholica,
1842 557 94 70 in
1889 557 110 70 qua
1952 557 188 70 videndum
2077 557 94 70 est.

1451 612 123 56 quot
1528 612 139 56 modis
1620 612 216 56 accipiatur
1790 612 154 56 fides,
1898 612 123 56 quid
1975 612 108 56 sit
2037 612 154 56 fides.

1439 660 150 52 prout
1540 660 117 52 hic
1606 660 234 52 accipitur.
1790 660 134 52 Quot
1874 660 134 52 sunt
1957 660 184 52 species
2074 660 84 52 fi-

1210 704 132 50 dei.
1293 704 149 50 Quot,
1392 704 83 50 &
1425 704 116 50 qui
1491 704 215 50 articuli.
1656 704 132 50 Quae
1739 704 149 50 paena
1838 704 116 50 non
1904 704 248 50 credentium.
2102 704 99 50 Et

1210 734 152 57 quod
1305 734 228 57 praemium
1457 734 286 57 catholicorum.

1216 772 172 102 Quot
1323 772 193 102 modis
1452 772 107 102 a
1495 772 301 102 accipiatur
1731 772 215 102 fides.
1882 772 107 102 *
1925 772 129 102 Et
1989 772 215 102 quidem

1824 827 128 66 XI.
1897 827 128 66 nam
1970 827 165 66 primo
2062 827 92 66 po-

1217 858 138 65 nitur,
1314 858 97 65 pro
1369 858 193 65 sacramento
1521 858 179 65 Baptismi.
1659 858 97 65 15.
1714 858 124 65 dist.
1796 858 83 65 de
1838 858 165 65 Iudaeis.
1962 858 110 65 inf.
2031 858 83 65 de
2058 858 97 65 Bapt.

1212 913 178 50 debitum.
1346 913 178 50 Secundo,
1480 913 104 50 pro
1539 913 193 50 castitate
1688 913 149 50 thori.
1792 913 104 50 27.
1851 913 89 50 q.
1896 913 89 50 2.
1940 913 193 50 conjuges.
2074 913 89 50 Ter-

1209 957 127 53 tio,
1289 957 111 53 pro
1352 957 270 53 conventionali
1574 957 238 53 securitate,
1765 957 127 53 quae
1844 957 143 53 etiam
1940 957 143 53 hosti
2019 957 143 53 servan-

1216 1004 87 54 da
1259 1004 116 54 est,
1332 1004 102 54 23.
1390 1004 87 54 q.
1433 1004 131 54 prima
1520 1004 131 54 noli.
1607 1004 160 54 quoniam
1723 1004 131 54 grave
1810 1004 102 54 est
1868 1004 131 54 fidem
1955 1004 160 54 fallere
2071 1004 87 54 ff
2100 1004 58 54 de

1222 1052 134 44 const.
1315 1052 94 44 pe.
1369 1052 107 44 leg.
1436 1052 80 44 1.
1476 1052 174 44 respon.1.
1610 1052 147 44 Quarto,
1717 1052 94 44 pro
1770 1052 214 44 conscientia,
1944 1052 107 44 inf.
2011 1052 120 44 dere.
2078 1052 80 44 spo.

1222 1084 161 68 litteras,
1345 1084 74 68 .
1382 1084 124 68 porro,
1469 1084 62 68 &
1494 1084 74 68 de
1531 1084 124 68 praesc
1617 1084 136 68 quoniam
1716 1084 111 68 omne.
1790 1084 87 68 28.
1840 1084 74 68 q.
1877 1084 74 68 1.
1914 1084 74 68 .
1951 1084 74 68 1.
1988 1084 74 68 de
2025 1084 99 68 poe.
2074 1084 87 68 dist.

1205 1139 92 55 3.
1251 1139 92 55 .
1296 1139 137 55 illud
1388 1139 137 55 ultra
1480 1139 168 55 medium,
1602 1139 92 55 ad
1648 1139 107 55 fi.
1709 1139 137 55 dist.
1800 1139 153 55 Quinto
1907 1139 107 55 pro
1953 1139 214 55 credulitate,

1201 1180 223 62 secundum
1369 1180 149 62 quam
1462 1180 223 62 credimus
1629 1180 130 62 id,
1704 1180 149 62 quod
1797 1180 130 62 non
1871 1180 223 62 videmus.
2020 1180 130 62 Greg.

1209 1215 157 56 Fides
1313 1215 122 56 non
1383 1215 157 56 habet
1488 1215 209 56 meritum,
1644 1215 122 56 cui
1714 1215 174 56 humana
1836 1215 157 56 ratio
1941 1215 192 56 praebet
2080 1215 105 56 ex

1210 1268 246 54 perimentum.
1406 1268 164 54 Sexto,
1521 1268 115 54 pro
1586 1268 246 54 legalitate,
1783 1268 115 54 seu
1849 1268 262 54 confidentia,
2045 1268 115 54 Insti

1207 1310 148 52 tutio,
1311 1310 89 52 de
1355 1310 133 52 rebus
1444 1310 89 52 di
1488 1310 89 52 .
1533 1310 192 52 penditae.
1681 1310 178 52 Septimo,
1814 1310 104 52 pro
1873 1310 237 52 aequalitate,
2065 1310 74 52 &
2095 1310 89 52 ex

1210 1356 188 53 uberantia
1354 1356 188 53 actionum.
1499 1356 159 53 Instit.
1615 1356 87 53 de
1659 1356 145 53 actio.
1760 1356 87 53 .
1803 1356 188 53 actionum,
1948 1356 72 53 &
1977 1356 116 53 inf.
2050 1356 87 53 de
2093 1356 87 53 ex

1205 1403 105 53 ce.
1265 1403 105 53 cum
1325 1403 239 53 venerabilis.
1519 1403 120 53 .1.
1594 1403 164 53 Octavo,
1713 1403 105 53 pro
1773 1403 224 53 legalitate,
1953 1403 105 53 seu
1997 1403 150 53 fidelita

1209 1437 90 54 te
1254 1437 121 54 dolo
1330 1437 211 54 contraria,
1495 1437 136 54 infra
1586 1437 90 54 de
1631 1437 136 54 posi.
1722 1437 106 54 bo.
1782 1437 106 54 si.
1842 1437 136 54 Nono,
1933 1437 106 54 pro
1993 1437 196 54 probabili

1209 1477 219 53 ignorantia,
1385 1477 102 53 ff.
1443 1477 88 53 de
1487 1477 161 53 acquir.
1604 1477 131 53 rerum
1692 1477 175 53 dominio,
1823 1477 102 53 qui
1881 1477 117 53 bona
1954 1477 131 53 fide.
2042 1477 73 53 &
2071 1477 88 53 l.
2101 1477 58 53 bo

1212 1531 97 54 nae
1268 1531 138 54 fidei,
1364 1531 97 54 vel
1420 1531 180 54 probabili
1558 1531 221 54 credulitate,
1738 1531 83 54 de
1779 1531 111 54 ver.
1849 1531 125 54 sign.
1932 1531 125 54 bonae
2015 1531 125 54 fidei
2084 1531 69 54 em-

1205 1572 149 47 ptor.
1305 1572 182 47 Decimo,
1437 1572 116 47 pro
1503 1572 264 47 simplicitate
1717 1572 149 47 bona,
1816 1572 116 47 seu
1882 1572 248 47 innocentia.
2064 1572 99 47 unde

1211 1615 173 57 dicitur
1337 1615 235 57 communiter,
1525 1615 141 57 bonae
1619 1615 141 57 fidei
1714 1615 126 57 homo
1792 1615 126 57 est,
1870 1615 94 57 q.
1918 1615 94 57 d.
1965 1615 110 57 non
2027 1615 110 57 est
2075 1615 78 57 du-

1205 1654 142 52 plex,
1300 1654 111 52 non
1363 1654 111 52 est
1426 1654 237 52 malitiosus,
1616 1654 111 52 sed
1679 1654 205 52 innocens,
1837 1654 111 52 qui
1900 1654 126 52 omni
1979 1654 142 52 verbo
2058 1654 95 52 cre-

1214 1703 123 52 dit.
1291 1703 93 52 22
1337 1703 93 52 q.
1383 1703 93 52 4.
1430 1703 201 52 Innocens.
1584 1703 201 52 Undecimo,
1738 1703 108 52 pro
1800 1703 232 52 collectione
1985 1703 201 52 articulo-

1211 1739 110 64 rum,
1280 1739 82 64 ut
1321 1739 110 64 hic.
1390 1739 69 64 &
1417 1739 96 64 24.
1472 1739 82 64 q.
1513 1739 69 64 1
1541 1739 110 64 haec
1609 1739 96 64 est
1664 1739 137 64 fides,
1760 1739 69 64 &
1788 1739 82 64 in
1829 1739 151 64 Symbolo
1938 1739 178 64 Athanasu.
2076 1739 110 64 Qui-

1209 1788 163 55 cunque
1323 1788 147 55 puli.
1420 1788 147 55 Recte
1518 1788 147 55 autem
1616 1788 81 55 a
1648 1788 130 55 fide
1730 1788 195 55 incipit,
1876 1788 179 55 tanquam
2006 1788 81 55 a
2023 1788 130 55 funda-

1204 1828 174 64 mento,
1325 1828 139 64 quod
1412 1828 104 64 in
1464 1828 156 64 locum
1568 1828 208 64 solidum,
1724 1828 156 64 scil.
1828 1828 174 64 summam
1932 1828 226 64 Trinitatem,

1211 1877 128 58 quam
1291 1877 240 58 tractaturus
1483 1877 96 58 de
1531 1877 128 58 jure
1611 1877 208 58 providit,
1771 1877 96 58 ut
1819 1877 144 58 supra
1915 1877 96 58 in
1963 1877 144 58 prin.
2043 1877 112 58 hujus

1203 1913 170 60 summae
1322 1913 204 60 diximus,
1475 1913 187 60 jaciat,
1611 1913 136 60 quia
1695 1913 136 60 omne
1780 1913 136 60 quod
1865 1913 119 60 non
1933 1913 119 60 est
2001 1913 102 60 ex
2035 1913 119 60 fide,

1205 1964 199 47 peccatum
1355 1964 133 47 est,
1438 1964 133 47 ideo
1521 1964 133 47 juri
1604 1964 166 47 operam
1720 1964 182 47 daturo,
1852 1964 83 47 &
1886 1964 216 47 proficere
2035 1964 116 47 desi-

1201 2006 222 53 deraturo,
1371 2006 153 53 primo
1474 2006 102 53 de
1525 2006 136 53 fide
1610 2006 188 53 agendum
1747 2006 136 53 est,
1832 2006 136 53 quia
1917 2006 102 53 in
1968 2006 222 53 malevolam

1210 2045 152 52 animam
1316 2045 106 52 non
1377 2045 197 52 introibit
1529 2045 213 52 sapientia,
1696 2045 106 52 nec
1756 2045 91 52 in
1802 2045 167 52 corpore
1923 2045 182 52 peccatis
2060 2045 121 52 sub-

1203 2089 125 58 dito
1281 2089 218 58 habitabit.
1453 2089 140 58 Primo
1546 2089 140 58 etiam
1640 2089 171 58 jubemur
1764 2089 94 58 in
1811 2089 125 58 fide
1889 2089 187 58 instrui,
2029 2089 94 58 ut
2076 2089 109 58 sic

1206 2134 93 52 ad
1253 2134 202 52 Baptismum
1409 2134 218 52 sapientiae
1580 2134 171 52 creduli
1705 2134 202 52 veniamus,
1860 2134 93 52 de
1907 2134 156 52 conse.
2016 2134 140 52 dist.
2094 2134 62 52 4.

1203 2177 133 59 ante
1287 2177 234 59 Baptismum.
1470 2177 83 59 &
1504 2177 150 59 dicit
1604 2177 133 59 Aug.
1687 2177 150 59 Fides
1787 2177 117 59 per
1854 2177 250 59 dilectionem
2037 2177 117 59 opera

1198 2221 141 54 tur,
1286 2221 123 54 est
1357 2221 263 54 fundamentum
1567 2221 176 54 omnium
1690 2221 228 54 virtutum.
1866 2221 158 54 Greg.
1971 2221 123 54 Ubi
2024 2221 123 54 Chri-

1200 2260 143 54 stus
1290 2260 125 54 non
1361 2260 143 54 est,
1451 2260 215 54 subaudi,
1612 2260 125 54 per
1684 2260 161 54 fidem
1792 2260 269 54 fundamentum
1989 2260 161 54 nullius

1202 2301 118 55 boni
1276 2301 148 55 operis
1380 2301 103 55 est
1439 2301 133 55 supra
1527 2301 222 55 aedificium,
1705 2301 89 55 1.
1749 2301 89 55 q.
1793 2301 74 55 1
1823 2301 103 55 cum
1867 2301 133 55 Paulus.

1200 2348 159 79 Quid
1299 2348 139 79 est
1379 2348 198 79 fides?
1517 2348 99 79 *
1557 2348 178 79 Prout
1676 2348 139 79 hic
1755 2348 258 79 accipitur
1934 2348 218 79 describit

1595 2388 179 63 Paulus
1720 2388 107 63 in
1774 2388 214 63 epistola
1935 2388 107 63 ad
1970 2388 179 63 Hebraeos

1201 2437 111 54 11.
1264 2437 95 54 c.
1312 2437 174 54 dicens,
1439 2437 142 54 fides
1534 2437 111 54 est
1597 2437 222 54 substantia
1771 2437 237 54 sperandarum
1961 2437 142 54 rerum
2040 2437 111 54 argu-

1199 2485 180 46 mentum
1325 2485 126 46 non
1397 2485 289 46 apparentium.
1632 2485 271 46 Sperandarum
1848 2485 180 46 dicit,
1975 2485 144 46 quia
2047 2485 108 46 spe-

1201 2525 136 54 rare
1286 2525 205 54 debemus,
1440 2525 136 54 quia
1525 2525 171 54 dictum
1644 2525 119 54 est
1713 2525 85 54 a
1747 2525 222 54 Prophetis
1917 2525 136 54 esse
1985 2525 171 54 futurum.

1196 2574 262 56 Argumentum
1402 2574 131 56 cum
1477 2574 187 56 dicit,
1608 2574 150 56 quia
1701 2574 131 56 per
1776 2574 262 56 prophetias
1982 2574 131 56 jam
2038 2574 112 56 com-

1195 2611 190 49 pletas,
1333 2611 190 49 debemus
1472 2611 173 49 habere
1593 2611 260 49 probationem
1801 2611 104 49 de
1853 2611 190 49 futuris
1991 2611 121 49 non
2060 2611 121 49 ap-

1197 2661 242 45 parentibus,
1390 2661 145 45 sicut
1487 2661 97 45 de
1535 2661 129 45 fine
1616 2661 161 45 mundi,
1728 2661 97 45 de
1777 2661 113 45 die
1841 2661 193 45 judicii,
1986 2661 81 45 &
2002 2661 145 45 simili-

1203 2697 128 58 bus,
1283 2697 112 58 sed
1347 2697 128 58 haec
1427 2697 224 58 descriptio
1603 2697 112 58 non
1667 2697 176 58 videtur
1795 2697 272 58 convertibilis
2019 2697 112 58 cum
2067 2697 80 58 suo

1200 2745 222 59 descripto,
1374 2745 127 59 quia
1453 2745 127 59 spes
1533 2745 206 59 similiter
1691 2745 111 59 est
1754 2745 237 59 substantia,
1944 2745 111 59 &c.
2008 2745 95 59 ut
2039 2745 111 59 supra

1201 2788 136 46 unde
1286 2788 187 46 videtur
1422 2788 255 46 inferendum,
1626 2788 136 46 quod
1712 2788 153 46 fides
1814 2788 119 46 est
1882 2788 153 46 spes,
1984 2788 136 46 quod
2052 2788 102 46 fal-

1193 2835 110 47 sum
1256 2835 126 47 est:
1335 2835 205 47 propterea
1493 2835 126 47 haec
1572 2835 221 47 diffinitio
1746 2835 174 47 videtur
1872 2835 142 47 loqui
1967 2835 95 47 de
2014 2835 174 47 futuris

1202 2868 177 55 tantum,
1330 2868 80 55 &
1363 2868 145 55 tamen
1459 2868 145 55 fides
1555 2868 145 55 habet
1652 2868 96 55 se
1700 2868 96 55 ad
1748 2868 241 55 praesentia,
1941 2868 129 55 quia
2005 2868 145 55 creden-

1201 2921 112 50 dum
1265 2921 128 50 est,
1345 2921 128 50 quod
1425 2921 192 50 Christus
1569 2921 128 50 sit,
1649 2921 112 50 qui
1714 2921 192 50 quotidie
1858 2921 96 50 in
1906 2921 160 50 altari
2002 2921 160 50 confici-

1194 2962 134 61 tur.
1278 2962 134 61 Item
1362 2962 100 61 ad
1412 2962 251 61 praeterita,
1613 2962 151 61 sicut
1713 2962 151 61 ipsum
1813 2962 167 61 natum,
1930 2962 84 61 &
1964 2962 167 61 passum
2064 2962 84 61 fu-

1200 2998 159 61 isse,
1306 2998 88 61 &
1341 2998 106 61 ad
1394 2998 194 61 futura,
1535 2998 141 61 puta
1623 2998 176 61 eundem
1747 2998 211 61 Venturum
1905 2998 229 61 iudicare,
2064 2998 88 61 &c.

1196 3052 130 47 unde
1277 3052 162 47 potest
1390 3052 146 47 dici,
1487 3052 130 47 quod
1568 3052 113 47 non
1633 3052 113 47 est
1698 3052 243 47 diffinitio,
1892 3052 113 47 sed
1957 3052 178 47 quaedam
2070 3052 81 47 no-

1194 3092 232 47 tificatio.
1377 3092 282 47 Magistraliter
1608 3092 132 47 vero
1691 3092 116 47 sic
1758 3092 232 47 diffinitur
1940 3092 149 47 Fides
2039 3092 116 47 est
2089 3092 66 47 vo

1199 3127 209 68 luntaria
1355 3127 226 68 certitudo
1529 3127 244 68 absentium,
1721 3127 157 68 infra
1825 3127 244 68 scientiam,
2017 3127 87 68 &
2034 3127 122 68 supra

1199 3180 225 54 opinionem
1372 3180 259 54 constituta:
1579 3180 208 54 scientia
1735 3180 138 54 enim
1821 3180 156 54 habet
1908 3180 242 54 cognitionem,

1201 3228 167 47 opinio
1318 3228 284 47 dubitationem,
1552 3228 150 47 inter
1652 3228 134 47 haec
1736 3228 117 47 duo
1802 3228 150 47 fides
1903 3228 150 47 media
2003 3228 134 47 est.
2070 3228 83 47 nec

1192 3268 142 55 enim
1281 3268 159 55 habet
1387 3268 283 55 cognitionem.
1617 3268 142 55 unde
1706 3268 159 55 Augu.
1812 3268 159 55 fides
1918 3268 124 55 est
1971 3268 177 55 credere,

1198 3308 133 52 quod
1281 3308 116 52 non
1348 3308 166 52 vides,
1464 3308 116 52 sed
1530 3308 116 52 nec
1596 3308 282 52 dubitationem,
1828 3308 133 52 quia
1911 3308 166 52 dubius
2027 3308 99 52 in
2060 3308 83 52 fi-

1203 3357 82 55 de
1244 3357 179 55 infidelis
1382 3357 110 55 est,
1451 3357 124 55 infra
1533 3357 82 55 de
1574 3357 124 55 haer.
1657 3357 82 55 c.
1698 3357 82 55 1.
1739 3357 165 55 secundum
1863 3357 96 55 Io.
1918 3357 82 55 ut
1959 3357 110 55 quid
2027 3357 151 55 Aposto-

1194 3387 129 69 lus
1267 3387 258 69 lapidatur.
1470 3387 147 69 Quod
1562 3387 147 69 enim
1654 3387 184 69 dixit,
1783 3387 258 69 argumentum
1985 3387 129 69 non
2041 3387 110 69 appa

1190 3444 202 39 rentium,
1342 3444 152 39 totum
1443 3444 185 39 solvit,
1578 3444 185 39 apparet
1713 3444 101 39 ne
1763 3444 152 39 illud
1864 3444 202 39 secretum
1999 3444 152 39 mysteri

1192 3484 116 46 um,
1259 3484 132 46 quod
1341 3484 116 46 sub
1407 3484 165 46 specie
1523 3484 149 46 panis
1622 3484 165 46 latet,
1738 3484 132 46 quod
1820 3484 116 46 non
1887 3484 165 46 potest
1986 3484 165 46 confice-

1196 3524 114 55 re,
1261 3524 130 55 nisi
1342 3524 195 55 sacerdos
1488 3524 130 55 rite
1569 3524 195 55 secundum
1715 3524 162 55 claves
1829 3524 211 55 ecclesiae
1975 3524 179 55 concessas

1196 3571 201 56 Apostolis,
1354 3571 72 56 &
1383 3571 115 56 suis
1455 3571 245 56 successoribus
1656 3571 201 56 ordinatus.
1814 3571 115 56 inf.
1886 3571 86 56 in
1929 3571 86 56 eo
1972 3571 187 56 firmiter,
