2471 3551
423 272 1323 340 statutum divine misericordia. ⁋ Primo modo dico: quod quemlibet peccatorem et dan¬
417 334 1322 383 natum in inferno punit citra condignum: quoniam vltra omnem penam damni¬
420 376 1320 425 quam habet carendo visione dei et penam sensus eternam: meretur penam
416 419 1318 471 intensiorem in inferno quam habet: vt dicit Magistri 4. sententiarum dicens 46.
429 459 1319 513 Et addo quod omnis culpa mortalis non solum meretur absolute
441 509 1320 563 considerata eius malitia) carentiam visionis diuie et priuatio¬
429 547 1325 598 nem totius gratie praehabite et penam sensus eternam: sed etiam priuationem
426 594 1315 641 totius esse siue omnimodam adnihilationem: et quod deus non adnichi¬
428 640 1325 688 lat peccatorem est ex eius misericorida. iuxta illud trenorum. Mnintie domini: quia
419 678 1319 729 non sumus consumpti. ⁋ Et patet per rationem: quia per culpam mortalem
428 728 1325 774 mereremur prauari omni benficio dei considerata magnitu¬
429 766 1319 821 dine offensionis quae estimanda est secundum magnitudinem offense
431 811 1313 866 vt dicit Criso. super primo math. non est discipulus super magiscum
429 853 1328 903 ac est ingratitudinie quam habemus ad deum: esse autem nostem dei¬
426 895 1330 947 beneficium est. ergo eo priuari dignus est quicumque eum offendit mor¬
418 947 1322 995 taliter: immo nec sic forsitan plene puniret: quamuis amplius pu¬
424 986 1326 1035 niri non possit. Eodem modo modo et quilibet remuneratur vltra condi¬
422 1025 1329 1084 gnum considerando meritum secundum se et praemium: cum etiam ipsum meritum
428 1075 1318 1122 nostrum sit dei donum et nullum equivaleat bono vite eterne: vt
436 1112 1319 1166 prima quaestione huius. dicens plenius declaratum est. ⁋ 2o aut modo quilibe
432 1162 1328 1217 punitur vel praemiatur secundum condignum id est sed quod ex statuto diuine misericordia
428 1202 1319 1251 ipse puniri vel praemiari pro suis meritis vel demeritis di¬
440 1246 1320 1302 gnus est. ⁋ Ad 2m cum dicitur quod per venialia praecise potest quis me
429 1293 1328 1343 reri penam infinitam extensiue seu eternam. nego. ⁋ Ad probatio
434 1335 1322 1380 nem cum dicitur quod possibile est quod aliquis committat infinita venialia
430 1377 1327 1430 infinitis partibus proportionalibus vnius temporis pro quorum quoli¬
421 1418 1326 1469 bet mereatur aliquam penam temporalem. dico quod istud dupliciter potest in¬
431 1460 1318 1510 telligi. Uno modo quod possit committere infinita peccata discre
425 1506 1319 1551 ta et distincta secundum se que non sunt partes alicuius vnius: et sic nego
420 1550 1331 1600 hoc esse naturaliter possibile. Alio modo infinita partialia vnius: sicut si
420 1590 1323 1641 aliquis per aliquod tempus continue intenderet actum suum malum: et tunc
416 1634 1323 1693 nego consequentia: quia et si infinitis partibus illius actus sic intensi debeam¬
420 1682 1324 1734 tur infinite partes pene: non tamen infinite equales: sicut nec in ipso
420 1723 1323 1776 actu sunt infinite partes equales. ⁋ Ad confirmationem dicendum. quod
435 1767 1319 1816 ad hoc quod iste sit ex omissione praecepti reus taxate pene opor
426 1807 1322 1858 quod de qualibet parte proportionali illius temporis ipse sciat vel scire
432 1857 1327 1907 possit distincte e determinate quanta est ipsa: cum quantitas tempo¬
436 1895 1329 1947 ris includatur in praecepto. Alioquin non scienter omitteret: et
431 1939 1333 1991 per consequens non esset reus pene: sed hoc non est per naturam homini possibile
435 1982 1323 2030 vt quamlibet paruam partem temporis distincte sic cognoscat: sicut non est
422 2028 1328 2079 possibile hoc sibi de qualibet parte magnitudinis: quod tamen magis vi¬
430 2073 1332 2122 deretur: sed est dare minimam partem distincte perceptibilem ab eo:
430 2113 1329 2159 vel maximam non perceptibilem: et cum tales perceptibiles non sint
425 2156 1334 2204 infinite in aliqua parte temporis: iste sic continuans non poterit
422 2203 1330 2252 censeri reus infinitarum penarum: sed tot precise quot partes ab eo
422 2250 1331 2298 perceptibiles modo dicto continentur in tempore illo. ⁋ Et per hoc patet:
432 2290 1325 2337 quod praeceptum foret irrationale: ac per consequens non est dabile a deo:
428 2331 1320 2385 nec casus admittendus est. ⁋ Si dicatur addendo casum quod
435 2374 1326 2421 deus infundat illi distinctam noticiam cuiuslibet talis partis tem¬
429 2420 1316 2472 poris. Dico quod quia istud non est possibile de potentia ordinata: quicquid
436 2462 1331 2511 sit de absoluta: esto quod detur argumento: quod infertur non est ad
422 2507 1325 2561 propositum: non enim negatur quin per dei potentiam absolutam chari
422 2557 1325 2603 tas possit tolli per peccata venialia praecise: sed quod ita contin¬
422 2593 1326 2645 gat secundum decretum diuinum. ⁋ Praeterea cum toto illo casu posset sta¬
431 2637 1318 2686 re quod ille semper haberet charitatem si deo placeret: quamuis hoc non esse
419 2682 1326 2728 secundum legem nunc statutam. ⁋ 2o posset responderi: quod exquo vt
426 2725 1319 2772 dictum est: oportet ad hoc quod iste ex ommissione obligetur ad penam co
420 2770 1322 2820 gnoscat quamlibet partem temporis: et eadem ratione sciat ipsas esse infini¬
420 2815 1321 2862 tas. et similiter portet quod ipse noscat penam que imponitur: si hec omnia co
423 2855 1332 2908 gnosceret vtique ipse cognosceret quod si per totam horam conti
419 2898 1330 2946 nuat illum actum ipse meretur penam eternam: et per consequens quod priua¬
430 2939 1328 2990 bitur prpetuo gloria. ⁋ Ex hoc aut sequitur quod si ipse continuat
425 2985 1322 3038 actu scienter et libere: per totam illam horam: continuare actum il¬
426 3029 1319 3076 lum praelegit: saltem interpretatiue et indignitatem incurrit glo
419 3079 1314 3137 rie eterne: et per consequens contenit et peccat mortaliter. vnde dato quod
1397 269 2292 339 quamlibet partem temporis distincte cognosceret et in qualibet posset ab
1384 320 2279 375 actu desistere et non faceret: adhuc non habetur quod per venialis
1378 363 2280 423 praecise meretur penam eternam. ⁋ Ad 3m respondetur vno modo quod praeci¬
1385 403 2292 460 se per peccatum veniale non minus diligitur quis a deo: nec oppo¬
1380 451 2289 506 situ potest argui ex eo quod temporaliter punitur pro illo peccato: vult enim
1386 497 2276 548 eum vapulare vt purgatus praemium accipiat: vel potest dici quod di¬
1386 537 2295 591 lectio dei non recipit in se magis et minus: sed secundum effcuns suos
1377 580 2276 641 dicitur esse ad alium et alium maior et minor: effectus aut dilectionis
1382 632 2287 683 est duplex: eternus scilicet et temporalis. Nunc ergo quantum ad effectum
1386 672 2286 728 eternum qui est gloria non minus eum diligit: nec est quantum ad gratiam:
1395 717 2281 770 per quam venitur ad gloriam. ⁋ Quantum aut ad aliquem effectum
1394 760 2284 817 poralem minus diligit: quia ei penam temporalem infligit. Similiter quantum
1379 803 2279 849 ad bonitatem que acceptatur ad gloriam non est minus bonus: et de
1389 844 2298 902 illa loquitur Aug. ⁋ Ad 4m dicendum quod non omne peccatum semper
1386 887 2288 939 adimit de bono quod infuit: aliquam eius partem corrumpendo vel to¬
1386 931 2282 980 tum: sicut patet de peccato quod quis post multa pecta mortalia et hoa
1389 974 2294 1025 bitus vitiosos committit: aut etiam ante omnem gratiam et actum virtutis:
1384 1021 2288 1070 sed pro tanto dicitur adimere de bono ea nocere: quia potentiam reddit
1391 1063 2284 1116 minus dispositam et potentem ad bonum: aut etiam si sit habitus bo¬
1378 1104 2280 1156 nus oppositus in potentia illum deprimit vel adimit de bo¬
1385 1150 2282 1198 no quod natum est inesse: cuiusmodi est bonus actus oppo¬
1383 1196 2272 1245 situs vel aliquis gradus eius. Nam vt dictum est culpa venialis
1386 1236 2297 1287 non sinit elici tam intensum et feruentem actum charitatis. ⁋ Ad
1391 1279 2297 1335 primum principale cum dicitur charitas non potest minui: si intelligatur.
1376 1331 2284 1382 simpliciter nego eam. Si vero intelligatur cum determinatione scilicet quod
1383 1365 2283 1417 non potest minui stante ordinatione diuina: aut quod non potest mi¬
1383 1421 2281 1462 nui per actum aliquem a nobis elicitum concedo: et tunc nego consequentia.
1387 1453 2288 1509 non enim sequitur. deus ordiauit quod charitas non minuatur: ergo
1386 1508 2272 1550 ordinauit quod non augeatur. Nec sequitur. nullus actus est deme
1382 1545 2281 1600 ritorie remissiuus charitatis: ergo nullus actus est meritorie
1390 1586 2298 1642 augmentatiuus. Ad probationem ex dicto. P. 2o ethico. Duendum
1391 1638 2272 1686 quod veritatem habet de habitibus quos actus augent elicitiue: quales
1385 1674 2279 1723 sunt habitus acquisiti: non aut habet veritatem de his qui per actus meri¬
1390 1715 2297 1767 torie tantum augentur: sicut est charitas infusa. ⁋ Ad 2m dico.
1391 1763 2285 1822 quod loquendo de augmento quod meritorie fit per actus: sicut speci¬
1383 1808 2289 1857 ficatur in argumento quod charitas augeri potest continue et succes¬
1382 1852 2291 1897 siue: et hoc potest contingere tam per praecisam continuationem actus me¬
1386 1898 2284 1947 ritorii manentis in eodem gradu intensionis: quam et per continuam
1394 1939 2288 1985 intensionem actus: sicut deo placet. Sed pro eo quod vlterius ar¬
1394 1981 2288 2036 guitur de habitu acquisito scilicet de resistentia que requiritur in passo
1398 2031 2291 2078 vt agens agat in tempore: dicendum quod non semper requiritur resistentia pro¬
1399 2068 2289 2120 prie dicta scilicet dispositionis contrarie: sed aliquando sufficit resistentia di¬
1391 2115 2293 2162 cta methaforice quae est difficultas actionis quomo potesti
1385 2156 2279 2208 dici quod motor celi habet resistentiam a mobili in sua motione
1395 2198 2283 2255 et tamen in celo nulla est forma contraria tali motori vel motioni¬
1388 2241 2284 2288 Sic in proposito: quamuis aliter: dico quod in subiecto habitus est
1388 2285 2291 2331 difficultas aliqua respectu actus et respectu habitus generan¬
1383 2330 2280 2378 di per actum et hoc probat experientia. vnde generato habitu facilius
1382 2378 2279 2421 quis exit in actu: quam ante habitum. esto quod ante habitum non
1386 2420 2286 2469 fuerit in eo contrarius habitus. ⁋ Ad id quod contra 2m arguitur
1392 2459 2286 2511 concedo quod latitudo c. erit equalis latitudini b. Et cum infertur ergo
1389 2504 2289 2550 latitudo b. fuit producta conatu in infinitum maiore: quam est vel
1390 2549 2289 2598 fuit conatus quo producta est latitudo c. nego consequentiam. Ad
1391 2593 2288 2643 probationem cum assumitur quod quaelis est proportio velocitatis ad
1401 2636 2278 2684 velocitatem in producendo equalem effectum: talis est conatus ad
1395 2681 2279 2734 conatum. Si ab eadem virtute vterque effectus produ
1383 2731 2291 2776 catur nego istam: vbi notandum quod conari ad actionem
1391 2772 2281 2825 proprium est agentium per appetitum. Non enim agen¬
1391 2812 2282 2866 tia mere naturaliter conantur in agendo: vude nunquam
1394 2854 2279 2906 ignis calefacit maiore vel minore conatu: quamuis magis
1392 2898 2283 2946 vel minus calefaciat secundum dispositionem passi et aliorum
1395 2943 2279 2997 que concurrunt. ideo omnino nullo conatu agit: tunc au¬
1380 2984 2280 3033 tem agentia per appetitum dicuntur agere maiore co¬
1383 3027 2283 3080 natu quando intensiore appetitione vel volitione agunt.
1393 3069 2292 3128 et tunc minore conatu quando remissiore volitione. ⁋ Ex
