2460 3539
161 280 1067 336 etiam susceptiuum est minoris eiusdem rationis vt supra probatum.
155 329 1055 374 Sicut ergo non sequitur. tantum lumen est possibile causari a car¬
152 372 1067 422 bunculo et non maius. ergo nec maius potest causari: sic non sequitur. tantum
163 417 1062 463 lumen potest causari ab agente naturali et non maius. ergo nullum maius
158 459 1062 507 potest causari. Nam deus potest maius causare: sicut sol poest maius quam car¬
165 502 1055 545 bunculus. Et ita dicendum de aliis similibus. ⁋ Sed circa hoc re¬
156 543 1061 597 stat magnum dubium. valet an sicut qualibet tali forma finita
145 590 1062 633 data potest a deo fieri maior intensiue: sic est possit fieri in subus
155 630 1045 679 iecto: vt scilicet quantalibet charitate posita in anima posset alia chari
150 676 1061 720 tas maior in ipsa fieri: et ipsa anima sit in infinitum maioris cha¬
156 720 1059 775 ritatis susceptiua: vel econtra anima non sit capax quanticumque
155 765 1061 813 gradus charitatis: sed sit dare maximum possibilem: seu quo
147 804 1050 858 maiorem non potest suscipere. Et eodem modo dubitari potest de qualibet
153 847 1062 895 forma suscipiente magis et minus: et ad hoc vtraque via videri
149 893 1055 945 posset satis probabilis: quarum neutram pro nunc approbo vel re¬
146 936 1065 988 probo. Sed si secunda via teneretur: tunc dicendum esset quod tales forme
144 984 1062 1033 in infinitum possunt augeri seperate: non autem in subiecto: secundum autem pri¬
146 1020 1061 1067 mam viam possunt in infinitum intendi: tam in subiecto quam separate.
158 1064 1061 1114 ⁋ Contra istas conclusiones potest argui. Et primo contra primam et rationem eius sic:
146 1111 1062 1168 possibile est omnes animas creabiles esse creatas. ergo non omni mul¬
150 1159 1061 1206 titudinie animarum possibili data potest alia creari anima: et per consequens nec
143 1196 1062 1249 maior multitudo animarum. Et vlterius nec omnimultitudinie fi¬
153 1244 1062 1296 nita possibili potest creari maior. Et hec vltima consequentia patet: quia im¬
147 1284 1062 1336 possibile est esse multitudinem actu infinitam: et per consequens si omes
146 1324 1061 1370 anime possibiles essent create illa multitudo esset finita possibilis.
144 1371 1047 1418 prima consequentia patet: quia data multitudinie omnium animarum creabilium: no
161 1412 1045 1456 otet a4a anima creari: alias vel aliqua anima posset creari quae non est creabi¬
156 1457 1060 1501 lis: quod implicat contradictionem: vel multitudo illa non esset omnium crea¬
144 1498 1061 1544 biliu: quod est contra positum. probatur antecedens: quoniam huius vniversalis: omnes anime creabi¬
150 1541 1050 1589 les possunt esse create: qualibet singularis est vera: et per consequens ista: iste
148 1588 1061 1638 anime demonstratis omnibus creabilibus collectiue et coniunctim possunt
151 1629 1053 1673 esse create: qua vtique demonstratio possibilis est saltem divino intel¬
147 1672 1047 1717 lectui: qui simul omnes et quamlibet animam creabilem videt: sed quaelibet propositi
143 1713 1047 1761 singularis de possibili affirmatiua: in qua subiicitur praecise
152 1760 1049 1816 pronomen demonstratiuum: si est vera est vera in sensu composito. patet
143 1801 1060 1852 in omnibus: et per consequens hec: ex quo sequitur quod hec est possibilis. iste
153 1845 1047 1898 anime sunt create demonstratis omnibus quae sunt creabiles: hec aut equi
147 1887 1058 1943 pollent. iste anime etc. et iste omnes etc. sicut demonstratis. 10 homnibus
153 1931 1046 1980 currentibus: iste equipollent: isti currunt et isti omnes vel omnes isti
147 1980 1064 2024 currunt. sumendo ly omnes collectiue: et per consequens hec est possibilis. omnes
143 2020 1054 2077 anime creabiles sunt create: sumendo ly. omnes. collectiue. ergo possibile
150 2060 1062 2108 est omnes animas creabiles esse creatas: quod erat antecedens. ⁋ Deide contra
149 2104 1065 2154 secundam et tertiam conclusiones multipliciter arguitur. primo quidem sic acceptatr
155 2149 1043 2200 aliqua charitate finita: puta a. quaeritur vtrum ascendendo sit stat
155 2188 1058 2245 ad aliquam supremam possibilem: et tunc non proceditur in infinitum in eius:
152 2235 1054 2287 augmento: aut non est status: et tunc cum quanto aliqua magis exce
153 2280 1064 2332 dit: tanto sit perfectior. sequitur quod illa que in infinitum excedit:
155 2321 1052 2370 sit in infinitum perfectior: et per consequens in se infinita: et cum ipsa videatur.
149 2363 1061 2416 a deo: vt quoddam vnum factibile poterit ab ipso vnica causatione
155 2408 1052 2460 causari: et sic posset fieri aliqua caritas infinita quod est impossibile. Et
150 2450 1051 2501 simili modo potest argui de magnitudinie. ⁋ 2o ad idem per rationem
153 2493 1046 2549 Ar3. 3o phy. secundum declaratione Commentatoris. ibidem. arguitur sic. omnis vna
154 2547 1056 2588 potentia potest reduci ad actum: sed potentia ad augmentum siue quantitatis
150 2583 1047 2633 siue alterius forme est vna. ergo etc. declarat minor: quoniam quaecumque po¬
154 2632 1062 2673 eiusdem rei sunt ad actus partiales vnum actum totalem constituentes
162 2667 1049 2720 sunt partes vnius potentie demostrate: sed potentie ad augmentum sunt huiusmodi
166 2713 1059 2760 Nam omnes actus partiales constituunt vnum totalem: gradus enim idioum cum
161 2753 1055 2810 praecedentibus vnam magnitudinem constituit: et similiter centesimus cum
161 2797 1059 2846 omnibus praecedentibus: et mille gradus vnum totalem constituunt: et sic
156 2842 1046 2896 quodcumque: et per consequens vnus tantum actus totalis est ad quem res augmen
159 2889 1047 2939 tabilis est in potentia. Ex quo sequitur quod ad totum quod est possibile acquiri per
146 2929 1046 2980 augmentum est tantum vna potentia totalis. Si ergo in infinitum procedere potest
155 2972 1058 3027 per augmentum: infinita magnitudo actualitis erit in potentia: et per consequens
156 3023 1052 3073 poterit esse in actu: quod est falsum. ⁋ Et propter hoc dicens P. quod quantamcum¬
149 3057 1061 3134 que magnitudinem contingit esse in potentia: tanta contingit esse in actu: quod non
1116 280 2019 342 sic est de infinito processu in diuisione continui vel augmento nu¬
1109 334 2006 380 merorum. Nam non omnes actuales diuisiones vnam totalem constu¬
1116 375 2009 427 tuunt: nec omnes numeri vnum numerum: ideo alia est potentia ad
1119 424 2009 471 vnam diuisionem vel numerum: alia ad aliam: nec omnes tales sunt partes
1128 464 2009 510 pinius potentie demonstrate: quapropter non oportet quod omnes tales potentie simul
1117 509 2003 560 possint reduci ad actum. ⁋ huius rationis virtus ab aliis aliter
1121 549 2018 597 ponitur: dicunt enim quod magnitudo seu forma augmentabilis est
1119 593 2017 637 immediate in potentia et sine ordine ad omnem gradum: et modum addi¬
1117 630 2021 689 tionis: non enim est prius in potentia ad gradum. ideoium quam ad centesimum vel alium
1118 682 2009 731 superiorem. Nam sic immediate posset sibi addi centesimus sicut
1110 724 2019 767 decimus: et ipsa sic immediate posset fieri. i1oo graduum sicut de¬
1112 765 2016 811 cem: quia ergo non est in potentia ad vnum mediante alio: non est necesse quod
1121 812 2022 862 prius recipiat vnum quam alium: et per consequens immediate et simul potest reduci
1116 854 2019 902 ad actum respectum omnis gradus ad quem est in potentia. Ex quo sequitur quod
1119 895 2016 944 si esset in potentia ad infinitos: posset immediate simul omnes recipere:
1128 943 2009 987 et per consequens posset esse actu infinita: quod est falsum: non sic aut est de diui
1116 986 2013 1035 sione continui. Nam continuum non est immediate et sine ordine poten¬
1116 1023 2015 1080 tia ad omnem suam diuisionem: sed ad vnam mediante alia. Est enim prim
1109 1071 2006 1124 in potentia: vt diuidatur in suas medietates: quae posito in actu potest di¬
1112 1115 2010 1163 uidi in medietates illarum medietatum: et sic vltra per ordinem:
1116 1156 2013 1209 propter quod non potest omnis divisio continui immediate reduci ad actum: ac¬
1118 1200 2017 1251 per hoc non cessat eius divisio: sict cessat additio. ⁋ Item aliter dicitur quod
1116 1250 2019 1296 potentia ad augmentum est potentia ad actum perfectum: non ad actum in fieri:
1122 1289 2010 1338 quoniam non ex eo quod aliquid factum est tanti gradus. verbi gratia idium. surgit no¬
1113 1325 2009 1374 ua potentia ad maiorem gradum: omnis aut potentia ad actum perfectum potest to¬
1109 1373 2006 1429 taliter compleri: et reduci ad actum. In augmento aut numerorum non
1103 1413 2010 1462 sic: quia potentia illa est ad actum imperfectum et permixtum potentie: ex eo enim
1121 1462 2009 1512 quod reducitur ad actum potentia ad vnum numerum: surgit noua potentia ad
1117 1500 2025 1547 alium: cum ille numerus possit esse radix alterius numeri: et sic de quo¬
1116 1545 2025 1600 libet. Idem est de diuisione continui. Nam posita vna divisione conti
1109 1589 2019 1636 nui in actu surgit noua potentia ad aliam vt immediate dictum est: et ideo
1112 1630 2021 1684 non est possibilis in infinitum processus in augmento magnitudinis vel for
1116 1676 2019 1725 me. Est aut possibilis in augniastecto nuoarum: et disione seu diminutione
1110 1715 2019 1765 continui. ⁋ 3o sic. quantamcumque charitatem deus potest facere: tantam potest
1112 1761 2022 1817 facetr: hoc patet: quia praedicatum includitur in subiecto: ponatur ergo inesse quod quantamcum¬
1116 1804 2015 1856 que potest creare tantam creet. ergo non poterit vlterius maiore creare: et
1122 1846 2008 1899 per consequens non in infinitum facere maiorem: aut illa sic posita erit infi¬
1117 1894 2010 1939 nita. ⁋ 4o quia deus videt omnem charitatem ab eo factibilem: aut
1115 1935 2023 1987 ergo videt aliquam factibilem infinitam: et tunc posset infinitam facere:
1119 1977 2008 2034 quod est falsum: aut non videt aliquam infinitam factibilem: et tunc sequitur quod
1110 2024 2024 2075 non possit in infinitum facere maiorem: ⁋ 5o quantacumque charitas
1118 2061 2024 2118 vel perfectio potest fieri a deo successiue: tanta potest fieri ab eo simul:
1122 2108 2019 2156 sed nulla perfectio infinita potest simul fieri. ergo nec successiue: minor
1115 2157 2022 2207 patet: probatur maior: quia quod non possit simul fieri non potest prouenire ex per¬
1118 2195 2009 2241 te dei: cum totam suam poatesm simul habeat: nec ex parte perfectionis facti
1115 2238 2014 2282 bili: quia ei non srepugnat simul habere gradus quos importat de naura sua. ⁋ 6o
1119 2282 2018 2335 qui sequeretur quod esset possibilis aliquis motus rectus continuus in infinitu: patet
1127 2323 2013 2371 consequentia quia et augentintum et intensio motus recti sunt: sed consequens est falsum: vt
1133 2373 2013 2418 patet per. P. et Commentatoris. 8. phy. patet etiam ratione: quia omnis motus rectus est inter
1121 2416 2003 2459 duos terminos: inter duos aut terminos impossibile est in infinitum re
1116 2453 2019 2499 cte moueri. ⁋ 7o tunc natura inciperet moueri ad id quod non potest at¬
1113 2496 2013 2546 tingere: et esset aliquis motus sine termino ad quem. hoc autem est impossibile:
1128 2544 2015 2595 qui motus ex intrinseco suo requirit terminum ad quem: et consequentia patet:
1129 2587 2016 2636 uia si posset esse talis intensio infinita: nullus terminus citra infinitum
1117 2625 2010 2677 erit essentialis terminus eius. ⁋ 8o si charitas aut alia forma
1126 2672 2019 2720 posset augeri in infinitum: tunc aliqua creatura secundum suam naturam absolu¬
1119 2716 2003 2769 te importaret infinitam perfectionem: quod tamen est proprium deo. ⁋ 6o specialit
1119 2760 2006 2809 de charitate sic: actus charitatis non potest in infinitum intendi. ergo nec ha
1116 2803 2007 2847 bitus: consequentia patet. probatur antecedens: quia impossibile est quod aliquid procedat ea inten¬
1111 2844 2012 2890 datur vt fiat deus: processus autem infinitus in dilectione
1123 2886 2016 2939 dei est processus ad esse deum: quia nulla dilectio est infi¬
1119 2931 2016 2985 nita. nisi illa que est deus: et si aliqua daretur illa statim
1117 2984 2020 3024 esset deus: quia adequaret obiectum deitatis. ⁋ Decimo
1122 3018 2016 3065 deus non est tantum diligibilis a nobis: quantum est a
1112 3062 2020 3129 se diligibilis: sed a se non est diligibilis plusquam in infinitum. ergo a
