2417 3543
392 278 1303 343 nobis non est diligibilis in infinitum: et per consequens actus dilectionis
397 324 1299 380 non potest intendi in infinitum. ⁋ Undecimo. tota actiuitas actus di¬
398 372 1300 430 lectionis est in anima. Nam caritas non affert nouam actiuitatem
386 416 1300 470 ad voluntatem: sed illam disponit: nulla aut actiuitas anime nostre potest
399 452 1298 519 in actum possibilem intendi in infinitum: alioquin ipsa esset infinite perfe
393 500 1291 556 ctionis: eo quod virtualiter contineret omnes tales actus. ergo actus di¬
399 539 1293 603 lectionis non potest in infinitum intendi. ⁋ Duodecimo si cari¬
385 588 1299 641 tas posset etc. tunc posset esse maior charitas charitate christi:
397 631 1300 691 quod est contra magistrum. 3o sententiarum dis. 13. ⁋ Item christus potuisset
392 675 1307 738 mereri charitatis sue augmentum: quod est contra sanctos et fidem
404 714 1302 772 cum ipse fuerit ita plenus: vt nec augeri nec crescere posset
391 759 1305 817 in gratia: secundum illud Ioan. vidimus gloriam eius etc. consequentia vero patet:
391 810 1308 867 qui constat quod ipse elicuit actus intensissimos caritatis: quibus
405 840 1299 903 et sibi meruit gloriam corporis: et nobis multiplicem gratiam:
401 899 1296 952 tales autem merentur charitatis augmentum: iuxta illud Augu.
393 941 1297 992 ad bonifacium. Charitas meretur augeri vt aucta mereatur per¬
398 986 1302 1039 fici. ⁋ Respondeo ad ista per ordinem: ad primum quod est contra
408 1026 1293 1078 primam conclusionem. dico quod antecedens est falsum: ad probationem concedo quod
405 1073 1305 1123 quaelibet singularis illius vniversalis est vera. Et cum dicitur ergo hec: iste
393 1111 1297 1167 anime etc. demonstratis omnibus creabilibus simul: potest dupliciter responderi.
405 1155 1299 1215 primo quod esto quod illa esset vera: non est tamen vera in sensu
397 1196 1290 1255 composito: nec regula assumpta vniversaliter est vera in illis propositionibus
402 1241 1306 1294 singularibus in quibus subicitur pro nomen demonstratiuum plura¬.
403 1293 1296 1343 lis numeri: instantia patet. Nam demonstratis duobus contradictoriis
404 1327 1304 1383 contingentibus hec est vera: ista possunt esse vera: et tamen hec est
404 1371 1305 1425 impossibilis: hec sunt vera eisdem demonstratis. 2o dico quod
397 1415 1293 1468 omnes animas creabiles demonstrari: potest intelligi dupliciter: vno mi
397 1461 1302 1513 quod demonstrentur omnes anime quarum qualibet est creabilis: alio modo quod
408 1510 1302 1555 demonstrentur omnes que sunt creabiles. Si primo modo tunc dico quod
404 1549 1312 1601 hec singularis. iste anime possunt esse create: non est singularis
409 1589 1312 1645 illius vniversalis: omnes anime creabiles possunt esse create: et est ratio: quia illis
397 1634 1305 1682 omnibus demonstratis hec non est vera. iste anime sunt creabiles: vnde non
403 1677 1308 1732 sequitur. quodlibet istorum est creabile. ergo ista sunt creabilia. Exemplum
399 1720 1302 1774 sint due linesse equales a. b. hec est vera. quodlibet istorum demon¬
403 1764 1315 1816 stratis omnibus: quorum quodlibet est pars ipsius b. est excessum ab a. et
399 1809 1302 1858 tamen hec est falsa eisdem omnibus demonstratis ista sunt excessa ab
391 1849 1313 1904 a. quia ista sunt b. et b. positum est esse equale ipsi a. vnde patet: quod non semper
404 1894 1303 1940 de omnibus simul verificatur terminus pluralis numeri: de quorum
398 1937 1296 1989 quolibet verificatur singularis illius pluralis. Si vero demon¬
402 1975 1311 2028 strentur secundo modo: dico quod talis demonstratio est impossibilis: et
402 2023 1310 2073 hoc ideo: quia nulle creabiles sunt omnes creabiles: sicut etiam nulle
397 2069 1295 2128 partes b. excesse ab a. sunt omnes partes b. excesse ab a. Nam qua¬
405 2118 1304 2164 cumque et quotcumque sumantur excesse ab a. adhuc sunt alie praeter
398 2154 1291 2210 illas: immo infinite contente in tanta parte b. quantus est ille ex¬
406 2207 1305 2255 cessus quo ille partes b. sumpte sunt excesse ab a. ⁋ Dico
414 2244 1305 2294 ergo. quod quaelibet singularis illius vniversalis est vera: et ipsa etiam est vera:
404 2284 1298 2339 non tamen sua de inesse est possibilis: ac per hoc non infert antecedens in sensu con¬
398 2329 1308 2385 positionis: sicut oporteret: sed nulla singularis eius est in qua demon¬
406 2377 1314 2426 strentur omnes anime creabiles: quia nulle anime creabiles sunt omnes anime
407 2416 1301 2468 creabiles. Si aut fiat ista vniversalis: omnes anime quarum qualibet est creabi¬
407 2459 1311 2509 lis possunt esse create: tunc dico quod aliqua eius singularis esset: vel es¬
407 2504 1302 2552 se posset saltem adeo demonstrante: in qua omnes collectiue demon¬
403 2545 1315 2599 strarentur: quarum qualibet est creabilis: sed ipsa vniversalis esset falsa: sicut et
410 2590 1326 2639 illa singularis. Et sicut est ista. omnes anime quarum qualibet est creabi¬
413 2634 1307 2684 lis: sunt creabiles: vt patet ex dictis. ⁋ Deinde respondeo ad
403 2682 1314 2728 alia quae contra reliquas conclusiones arguta sunt: et quicquid sit de hoc an deus
400 2725 1302 2780 possit facere magnitudinem vel charitatem: aut aliam formam
412 2772 1310 2816 actu infinitam: ad quod plures rationes de praedictis tamquam ad incon
404 2811 1314 2862 ueniens conantur deducere: quia de hoc videbitur infra distin. 44.
398 2848 1305 2903 dico quod ad illud consequens nulla praedictarum dducit. ⁋ Unde ad
417 2895 1311 2952 primam rationem dicitur quod non valet eo quod simili modo probaretur quod augmentum
414 2940 1311 2994 numerorum non procederet in infinitum: si esset dare nunerum infini¬
407 2985 1300 3036 tum vel finitu aliquem summum seu maximum possibilem: quod
399 3025 1299 3083 manifeste falsum est secundum omnes: et quod ita probaretur patet. Nam supposi¬
406 3072 1302 3133 to aliquo numero. vbi gratia. binario. quaratur vtrum in ascenden¬
1346 258 2256 333 do sit status ad aliquem maximum numerum: quo maior dari
1357 313 2268 372 non possit: et habetur propositum: aut non est status: sed in infinitum
1346 363 2255 422 potest ascendendo procedi: et tunc cum quanto numerus magis exce¬
1356 400 2254 456 dit binarium: tanto eo sit maior: et per consequens in se infinitus: dico ergo
1355 454 2259 501 ad rationem: quod supra charitatem datam a. potest procedi in infinitum: et
1356 487 2263 547 quod quanto aliqua magis excedet: tanto erit perfectior ea: et cum in¬
1358 530 2260 588 fertur: quae in infinitum excedit etc. nego consequentia propter falsam implica
1358 577 2256 637 tionem: implicat enim quod ex illo antecedente sequatur quod aliqua sit possibilis
1349 628 2253 683 excedens in infinitum: quod falsum est: vnde non sequitur. hanc charita¬
1358 657 2263 721 tem in infinitum aliqua charitas potest excedere: sicut non sequitur.
1352 708 2268 770 hanc charitatem in infinitum potest aliqua charitas finita et finite
1357 749 2267 813 istam excedens potest excedere. ergo aliqua charitas finita: seu hanc
1363 803 2264 858 perfecte excedens potest hanc in infinitum excedere. antecedens enim est verum
1359 839 2271 903 et consequens falsum. Sicut etiam hic: hunc nunerum binarium in infinitum
1361 880 2277 941 aliquis numerus seu multitudo finita potest excedere. Non sequi¬
1359 921 2266 983 tur. ergo aliquis numerus vel aliqua multitudo finita potest hunc bina¬
1358 966 2270 1026 rium in infinitum excedere. antecedens verum est secundum omnes: et consequens falsum: ratio
1359 1016 2268 1066 est quia in aestete numerus vel multitudo supponit confuse tantum propter
1364 1057 2269 1121 hunc terminum in infinitum. qui praecedit: in consequente vero supponit deter¬
1361 1097 2272 1157 minate: eo quod nullus terminus virtutem habens confundendi praecedit:
1359 1138 2278 1199 sic est in proposita ratione. ⁋ Ad 2am dicetur quod vocando potentiam
1355 1193 2261 1247 illam vnam quae est vnus actus possibilis: sicut non videtur accipere: minor est falsa:
1367 1232 2267 1290 eo quod nullus vnus actus est possibilis constitui ex infinitis actibus seu
1366 1277 2268 1335 gradibus partialibus possibilibus: nec probatio sufficit contra hoc: quia
1364 1323 2277 1373 quamuis mille et ideo milia: et quotcumque secundum aliquem numerum possint
1368 1360 2262 1422 vnum totalem actum constituere: non tamen sequitur quod infiniti: et per consequens
1367 1407 2256 1464 non est tantum vna potentia secundum illum modum loquendi ad omnem addi¬
1363 1446 2281 1503 tionem possibilem: nec ad additionem infinitorum. auctoritas autem. P. et
1364 1496 2278 1554 Commentatoris. in hac parte recipiende non sunt: sicut nec in aliis vbi male
1364 1542 2268 1592 dixerunt. ⁋ Ad aliam formam eiusdem rationis dicendum est quod non valet.
1376 1580 2265 1640 quia per similem modum posset probari: quod deus posset simul actu creare
1367 1622 2278 1677 omnes animas quas praet creare: quod quidem et est falsum in se: quia non tot potest simul
1364 1666 2262 1720 creare quin alias possit adhuc creare in infinitum: et contra sic arguentes
1373 1710 2275 1778 qui tunc sequeretur quod deus posst facere actu simul animas infinitas: quod
1367 1757 2265 1810 ipsi negant. ⁋ Quia aut ita sequatur si ratio illa valeret: patet quoniam quam
1364 1804 2275 1858 libet animam creabilem dei potentia actiua immediate respicit: et non vnam
1362 1843 2279 1895 mediante alia. Item sequaeretur quod continuum posset simul esse diuisum secundum
1367 1893 2277 1939 omnes diuisiones eius possibiles: quod est ipsi negant: et patet consequentia quoniam vna
1362 1931 2275 1979 eius diuisio non prius est possibilis quam alia: nec aliquis ordo inter eas:
1374 1971 2266 2032 sed quaelibet immediate poni potest in actu: vnde ex continuo quantum est ex natura
1362 2014 2274 2068 eius: et sic est deus posset ponere in esse: sic posset primo diuidi centesi¬
1370 2063 2264 2113 ma et postea nonagesima: sicut econverso nec est aliquod punctum in quo non
1369 2105 2261 2164 possit incipi continuum diuidi: sicut experientia probat. ⁋ Et ideo fi¬
1358 2156 2266 2203 ctio est id quod dicunt de illo ordine diuisionum continui et nimis le
1367 2190 2273 2241 uiter dictum. ⁋ Ad rationem ergo cum dicitur quod magnitudo seu forma est
1362 2232 2274 2292 immediate in potentia ad omnem gradum etc. si sensus propositionis est sic ipse
1370 2278 2259 2338 esse debet: quod magnitudini vel forme potest immediate addi gradus
1364 2322 2265 2378 omnis sibi possibilis addi: dico quod est propositio falsa: quamuis hic sit vera. omnis
1362 2367 2278 2422 gradus possibilis addi magnitudini: potest immediate illi addi: vt
1371 2421 2274 2469 ly. immediate. excludat prioritatem et ordinem graduum: nec pro¬
1367 2451 2274 2511 positiones ille equivalent nec mutuo se inferunt: sed prima est falsa et secunda
1367 2506 2269 2551 vera: sicut hoc est va quamlibet animam creabilem potest deus creare: quia quaelibet talis est
1373 2539 2266 2599 possibilis: hanc animam creabilem deus creat aliqua demonstrata anima creabili:
1371 2580 2259 2634 et hanc animam creabiliem deus creat: et sic de singulis pro quibus supponit subiectum
1364 2625 2256 2679 illius vniversalis de possibi demonstrata: quod sufficit ad vitatem eius: et tamen haec est fal¬
1367 2673 2271 2724 sa. deus potest creare quamlibet animam creabilem: quia haec non est possibilis: hoc creat quamlibet
1367 2718 2261 2766 animam creabilem demonstrato eo pro quo supponit hoc nomen deus: quod tamen
1361 2759 2274 2811 requireretur ad vitatem illius. Similiter haec est vera: secundum quodlibet signum eius potest
1364 2800 2274 2856 hoc continuum esse diuisum: et tamen haec est falsa secundum istos. hoc continuum potest esse
1367 2845 2269 2896 diuisum secundum quodlibet eius signum: quamuis ergo sit impropria locutio: quia forma
1373 2888 2263 2941 praeexistens non recipit gradum aduenientem: sed sibi vnitur: concedo istam
1367 2935 2269 2986 secundum vnum sensum praemissum. quemlibet gradum possibile addi potest forma
1358 2979 2265 3029 immediate recipere. Et dico quod ex ista non sequitur. ergo forma po¬
1367 3025 2264 3079 test immediate recipere quemlibet gradum: vel omnes gradus possibiles
1370 3061 2273 3128 sibi addi: et similiter non sequitur: ad infinitos gradus
