2450 3522
170 249 763 314 magnitudine aut superat potestate.
143 298 1088 392 ⁋ hic sunt duo videnda. Unum est an persone divine sint
397 347 1085 407 equales magnitudine. Aliud vtrum sint
173 382 475 442 equales potestate:
155 440 1073 523 Quantum ad primum praemitto: quod quaestio non est intelligenda de
417 488 1081 537 magnitudine molis. sed bonitatis et perfe
179 519 1078 575 ctionis: secundum quem modum loquitur Aug. 6. de tri. In his quae
168 560 1083 620 non mole magna sunt hoc est maius esse quod est melius esse:
167 609 1071 667 et per consequens hoc est magnum quod bonum: et hoc magnitudo quod bo
167 649 1074 712 nitas. Quo premisso dico: quod quelibet persona diuina est equa¬
172 688 1074 750 lis vtrique reliquarum et ambabus simul: quod probatur sic. omnes divine
164 731 1079 790 persone sunt vna bonitas. et nulla bonitas est in aliqua perso¬
166 784 1067 831 narum distincta ab illa communi bonitate. ergo quelibet est equa¬
160 816 1068 883 lis vtrique reliquarum. et ambabus simul. consequentia nota est et similiter
167 859 1066 920 prima pars antecedentis: quoniam omnes sunt vna essentia. et vna
168 912 1074 968 natura: que vtique bonitas: immo summa bonitas est. Secunda¬
165 949 1074 1010 vero pars probatur: quia nulla entitas est in aliqua persona que
168 991 1064 1050 sit distincta ab essentia communi. ergo etiam nulla bonitas: cum omnis
164 1034 1078 1096 bonitas sit entitas. assumptum patebit infra. distinctione 6. Sed cir
158 1086 1067 1136 ca hoc occurrit dubium de relationibus: nam aliqua relatio est
164 1122 1077 1187 in vna persona que non est in alia: vt paternitas in solo patre.
165 1165 1077 1226 Et in aliqua persona. verbi gratia in filio plures quam in spiriu¬
155 1212 1069 1272 sancto: et in patre et filio simul plures quam in solo spum scincto. cum
161 1257 1073 1316 ergo quelibet relatio sit quedam spiritualis magnitudo: sicut
161 1297 1066 1360 est quedam bonitas et perfectio. sequi videtur quod non omnium diuina
160 1347 1071 1394 rum personarum sit equalis magnitudo. ⁋ hic dicitur quod relatio di¬
152 1388 1068 1439 uina secundum suam propriam entitatem que est entitas ad alterum
167 1431 1074 1491 non habet aliquam quantitatem seu magnitudinem perfectionalem. Et
152 1471 1059 1536 ideo non est finita nec infinita: cum finitum et infinitum sint passio
166 1513 1076 1568 nes quanti solum. ⁋ Contra. dicit August. 3. den. libr ar. omnia
161 1560 1078 1611 que sunt eo ipso quod sunt bona sunt. et 83 q. omne inquit quod est:
167 1610 1072 1665 inquantum est: bonum est. Si ergo relatio diuina habeat propriam enti¬
156 1650 1062 1710 tatem: vt dicit opinio: habet ergo propriam bonitatem: et per consequens perfectionis
145 1692 1059 1740 magnitudinem. ⁋ Praeterea isti idem primo libr dicens primo q. secuda in solutione primo
147 1739 1074 1788 mi argumenti ad quaestionem volunt: quod relatio divina habeat aliquam
155 1775 1057 1835 propriam bonitatem: sed non bonitatem fruibilem. Unde concedunt: quod
155 1822 1059 1873 bonum in communi conuertitur cum ente: et sic bonum reperitur in quolibet
160 1865 1059 1920 gnaesente. sed vt sic bonum non habet rationem fruibilis: quia ratio boni frui¬
153 1910 1054 1958 bilis non est ratio boni in communi: sed boni perfecti: quod est bonum nul¬
162 1955 1057 2003 lum habens defectum: vel saltem secundum apparentiam ens tale: vel
145 1993 1061 2050 secundum praefixionem voluntatis qualis non est relatio: concedunt ergo isti
150 2040 1059 2087 relationem secundum suam propriam entitatem esse quandam bonitatem:
162 2087 1058 2127 et non fruibilem in quo et iam dictis per eos repugnare vi¬
154 2124 1053 2183 dentur. ⁋ Praeterea omnis entitas creata est aliqua bonitas secundum se. ergo re¬
156 2167 1054 2219 latio divina secundum quod est quaedam entitas est quaedam bonitas. ⁋ Alii vero
153 2210 1065 2269 concedunt: quod relatio dina est ex se quaedam magnitudo: sicut ex se
143 2255 1061 2304 est quadam entitas realis. et ex se est res cui sepugnat omnis imperfe¬
144 2302 1061 2348 ctio: et sic concedunt quod aliqua magnitudo est in vna persona quae non
149 2344 1061 2386 est in alia: non quidem magnitudo absoluta: sed relatiua. non tamen
140 2387 1052 2435 per hoc vna persona perfectior est altera: quia ita perfecta est vna relatis
147 2431 1055 2477 sicut alia: nec distinctio magnitudinum repugnat equalitati.
144 2476 1056 2528 cum autem dicitur quod plures relationes sunt in vna persona quam in alia: di¬
143 2514 1063 2571 cunt non esse verum: quia spiratio et patrnitas non sunt plures relationes:
156 2559 1050 2616 quamuis non sint idem formaliter. ⁋ Contra. si paternitas et filiatio
161 2606 1045 2660 sunt distincte magnitudines seu perfectiones et equae perfecte. ergo si
152 2651 1049 2695 eiusdem rationis. et sic vel sunt due patrnitates vel due filiatio
155 2689 1059 2733 nes: et non vna patrnitas: et vna filiatus. consequens est falsum: quia eadem ratio¬
150 2734 1049 2782 ne non essent paiater et filius: sed duo patres vel duo filii inter divinas
156 2776 1056 2828 personas: quod est erroneum. consequentia probatur per Aug. 3. de libro ar. vbi vult
165 2825 1047 2869 puod si luna esset equalis perfectionis cum sole non essent sol et luna:
162 2868 1052 2917 et duo soles. sic in proposito. ⁋ Alii conuenientes cum istis in hoc
159 2909 1056 2961 quod dixerunt quamlibet relationem secundum se esse perfectionem: immo perfectionem
147 2956 1052 2999 infinitam: dixerunt: quod ex hoc non impeditur equalitas perfectionis perso¬
150 2996 1045 3038 narum. tum quia earum equalitas perfectionis non atteditur: nisi secundum perfe¬
144 3038 1044 3109 ctiones simpliciter. Relationes aut ille non sunt perfectiones simpliciter. Nam
1124 242 2028 329 non esset melius patri: quod haberet proprietates filii: quia ex hoc amit¬
1136 317 2031 373 teret esse patrem. Nec similiter esset melior filius si haberet propri tates
1140 356 2025 415 scispus vel patris. Tum quia esto: quod ille relationes sint alte¬
1139 403 2034 457 rius rationis abinuicem: vna tamen non est perfectior aliis. Ratio est. quia
1129 446 2028 504 non continentur sub vna ratione communi quae diuidatur in eis per differentia quarum
1145 492 2043 548 vna sit habitus et reliqua priuatio. ⁋ Contra primum Ansel. mogin.
1136 535 2043 588 nephas inquit est putare: quod subiecta suprime naturae sit aliquod quo me
1130 573 2042 633 lius sit aliquo modo non ipsum. cum ergo ipsa sit entitas
1134 624 2034 675 quelibet. et perfectio que est in ipsa alioquin non esset in
1140 667 2029 719 deo summa simplicitas: nephas est cogitare: quod ibi sit
1126 712 2042 759 aliqua perfectio qua in aliquo sit melius non ipsa quam ipsa. ⁋ Praeterea aut
1127 748 2033 806 pratre melior est entitas sue proprietatis quam non ipsa aut non: non
1136 795 2035 853 potest dici secundum. quia tunc sequitur: quod pater non minus esset perfectus:
1125 840 2019 890 nec minus esset: si in ipso non esset talis entitas. Et vlterius
1127 881 2028 930 sequitur: quod ipsa superflue sit in eo: quod impium est sentire. Est ergo ipsa
1135 920 2027 975 in patre melior quam non ipsa. et ipse ex ea melior est. ergo in filio ea
1126 969 2027 1017 dem entitas proprietatis patris est esset melior quam non ipsa. Et
1139 1006 2025 1074 hec consequentia patet: ex eo quod in personis divinis secundum ymaginationem:
1124 1050 2038 1107 sic loquentium non est praeter entitates suarum proprietatum nisi enti
1132 1094 2031 1159 tas absoluta naturae quae est equae perfecta in omnibus et singulis. et per consequens omnis
1127 1142 2028 1193 entitas vel perfectio quae vnam personam reddit meliorem quamlibet red¬
1121 1180 2028 1242 deret meliorem si esset in illa. ⁋ Secundum quoque dictum non valet.
1139 1224 2029 1275 uoniam probatum est supra. distinctione 5. q. 3. quod aliquis vnus conceptus qui est genus
1130 1270 2026 1332 communis est relationibus divinis et creatis. et per consequens est aliquis vnus conceptus
1128 1309 2024 1361 gnaesienis communis illis relactionibus personarum. ⁋ Secundum doctrinam vero
1130 1358 2027 1409 huius doctoris. distinctione 5. qid e1 abitro primo. in probatione prime propositionis. omne
1122 1405 2028 1452 genus diuiditur per differentia: quarum vna est respectu alterius vt
1127 1444 2026 1498 habitus. et reliqua vt priuatio. et per consequens. species vna est alia nobilior.
1137 1486 2043 1540 ⁋ Dico ergo ad dubium factum. quod sicut in deo nulla relatio secundum
1122 1532 2022 1581 se est aliqua entitas praecisa: et distincta quomocumque. ex natura rei ab
1124 1577 2027 1634 essentia dei que sit in vna persona et non in qualibet. sic nulla
1124 1621 1920 1677 prorsus perfectio est in vna persona quae non sit in qualibet.
1109 1665 2042 1747 Quantum ad 2m articulum dico: quod vnam potentiam vel vir
1379 1708 2032 1755 tutem esse equalem alteri vel inequalem potest dupliciter
1122 1745 2037 1796 intelligi. Uno modo: vt inequalitas vel equalitas intelligatur in ipsis
1117 1791 2028 1838 entitatibus quae sunt potentie: secundum quem modum duo calores equales
1131 1835 2024 1883 ossunt dici equales potentie calefactiue. duo autem inequales: inequales
1128 1876 2031 1924 potentie calefactiue. Et de calore maiore potest dici: quod est atie.
1128 1922 2023 1974 potentia. et de minore: quod est minor. Alio modo vt equalitas: vel inequali¬
1113 1965 2025 2012 tas intelligitur in his in que possunt dicte potentie: vel secundum
1115 1998 2020 2062 modos: quibus possunt in illa. Primo modo illa potentia actiua dicitur mo
1125 2044 2022 2097 que potest agere effectum maiorem intensiue vel extensiue: mul
1120 2094 2032 2145 titudine vel magnitudinie. ⁋ 2o modo illa dicitur mai qua maiori
1121 2136 2019 2188 vel perfectiori modo potest in equalem effcantum. puta: quia facilius: vel ve
1126 2179 2016 2225 locius potest aut aliquo alio modo consimili: et econtra dicuntur ille equales qua possunt equa
1125 2217 2021 2269 lem effectum et equali modo producere: sic quod nullus excessus est
1126 2258 2021 2320 quae ad effectus vel modos producendi. ⁋ Cum ergo quaeritur vtrum.
1125 2310 2017 2356 persone divine sint equales in potentia seu virtute: vnus sensus quaestionis
1115 2355 2016 2411 potest esse vtium sint equales in entitate illa quae est potentia. Alius potest esse
1120 2400 2023 2447 vtrum possint equales effectus producere. sic quod vna non possit
1120 2440 2018 2485 maiorem effectum aut facilius vel velocius aut alio modo perfe¬
1116 2480 2011 2536 ctiori producere quam potest alia persona. ⁋ Item potentia potest accipi duus
1122 2521 2021 2569 Uno modo pro potentia actiua propria seu factiua: et sic non dicitur de
1115 2564 2010 2617 deo nisi respectu aliorum a deo. Alio modo potest accipi communiter: vt dicitur
1121 2609 2016 2668 tam de actiua modo praedicto quam de productiua alicuius quae est deus:
1121 2657 2012 2710 hoc 2o modo non sunt vsi hoc nomine potentia scient: dum contra hereticos pro¬
1111 2697 2010 2753 bant personam vnam eque potentem alteri. et quamlibet et oimpotentem:
1115 2739 2015 2787 sed pro modo. Quod patet per Aug. 3o li. contra maxium. vbi contra eum sic arguit:
1109 2782 2001 2829 si patris omimpotentia filii non est: quo quaecumque pater facit: hec et filius
1110 2828 2016 2874 facit. similiter quod vtique non potest omnimpotens non est. Constat aut: quod nisi
1112 2872 2002 2917 dipotentia attendatur praecise respectum factibilium non sequitur: filius potest
1112 2914 2006 2963 facere quaecumque potest facere pater. ergo est omimpotens sic paiter. quam tamen
1106 2961 2010 3005 consequentia virtualiter facit Aug. in praedictis verbis. ⁋ Sumendo. er¬
1103 3006 2013 3053 go pro nunc potentiam pro virtute actiua seu factiua tantum. Pono quo
1110 3044 2042 3115 ad istum articulum duas conclusiones. ⁋ Prima est. quod persone prima
