2483 3580
256 242 1171 330 sciali. antecedens ex experientia notum est: consequentia probatur: quia prom¬
257 295 1170 373 ptitudo et facilitas exeundi in actum prouenit ex habitu: vt do
258 339 1176 412 cet experientia. et patet 2o ethico. omne igitur compossibile actui
255 380 1159 451 prompte et faciliter elicito compossibile est habitui quo median
255 428 1154 500 te elicitur. nam eiusdem potentie sunt actus et habitus: quo me
257 467 1155 546 diante elicitur: et loquor de promptitudine que per se proue
253 513 1158 586 nit ex frequentatione praecedenti similium actuum: qualem constat esse
251 556 1167 633 promptitudinem huius discursus eliciendi. ⁋ 2o cum actu at
249 604 1150 668 que habitu sciendi sic esse sicut conclusio aliqua significat compossibi¬
251 635 1148 721 lis est habitus probandi et deducendi eius contradictorium. igitur
245 685 1156 765 cum actu et habitu scientie compossibilis est theologia pri¬
248 723 1164 807 mo modo sumpta circa idem obiectum. antecedens patet. quoniam multi¬
240 765 1160 844 sunt qui ex habitu prompti sunt concludere aliquam conclusionem
234 812 1161 888 per aliquod medium theologicum: cuius oppositum prompti sunt
234 859 1147 938 demonstrare per: scientiam. et dum actualiter ipsam demon
235 896 1141 979 strant non minus prompti sunt elicere huiusmodi theologicum discu¬
234 937 1146 1022 sum conclusionis opposite: et hoc maxime patet in his qui prius opina
234 987 1155 1068 ti sunt oppositum quam demonstrationem eius quod sciunt accipe
237 1027 1139 1105 rent: consequentia patet. quoniam non minus sunt compossibiles habitus et actus
220 1070 1138 1148 scientie cum alio habitu deductiuo alterius rationis de eodem
227 1113 1140 1190 obiecto: qualis est theologia: de qua loquimur: quam cum habitu
225 1157 1132 1241 deductiuo alterius rationis et oppositi obiecti: immo magis
221 1208 1143 1281 apparet possibile. ⁋ Ex istis rationibus habentur quod tam habitus
215 1242 1136 1317 quam theologicus actus compossibilis est habitui scientie et econverso tam habitus.
222 1291 1128 1369 scientie quam actus compossibilis est habitui theologico. ex hoc autem vlte
222 1333 1125 1415 rius probatur quod actus est compossibilis actui quantum est de se. nam quorum¬
224 1379 1119 1459 cumque habituum naturaliter acquisitorum simul componibilium actus est sunt quanum
219 1421 1122 1492 est ex se compossibiles: dico autem quanum est ex se. quia forsitam vt
218 1460 1131 1536 deretur aliquibus quod potentia non sit naturaliter capax multorum actuum simul:
205 1512 1125 1583 aut non tot quot partialiter concurrunt ad actus de quibus est
212 1548 1110 1631 sermo. Si tamen esset naturaliter capax eorum vel omnium quorum habitus
211 1590 1122 1676 habet: omnes simul habere posset. ⁋ 2am conclusionem probo ratione commumi sic.
204 1637 1110 1712 impossibile est idem obiectum simul esse eide actualiter notum: et non
209 1686 1110 1756 esse actualiter notum: igitur impossibile est idem obiectum
203 1733 1122 1796 ab eodem actu sciri et actu credi. et accipio hic credere non
206 1774 1109 1839 communiter pro assensu: sed specialiter pro assensu fidei condistin
192 1817 1103 1888 cto contra scientificum. opinatiuum: et suspitiosum. ex quo
185 1854 1101 1928 vltra sequitur quod impossibile est eundem scire aliquod obiectum
182 1894 1097 1970 et eidem assensu theologico assentire: cum talis assensus sit
188 1935 1107 2008 quedam credulitas et fides: vt patet ex praecedenti quaestione: antecedens
198 1988 1105 2057 patet. consequentia probatur. quoniam omne quod quis scit est illi notum habitualiter si
193 2028 1094 2093 habitualiter. actualiter si actualiter. et nullum quod quis credit est eia
182 2076 1092 2142 notum. nam nomine fidei sic accepte nihil aliud intelli¬
190 2121 1095 2185 gimus quam assensum non euidentis et non apparentis seu
185 2160 1094 2228 incogniti. vnde Aug. in euch. ait. Nam quod attinet ad non vi¬
183 2202 1098 2277 dere siue que creduntur siue que sperantur fidei speique commune
185 2244 1088 2319 est. in epistola quippe ad hebre. qua teste vsi sunt catho¬
183 2287 1079 2365 lice fidei illustres ac regule defensores: fides etiam di¬
180 2339 1095 2404 cta est communiectio rerum que non videntur: quamuis quando se quisque
177 2378 1087 2450 non verbis: non testibus: non denique vllis argumentis: sed
176 2415 1080 2489 praesentium rerum euidentie credidisse hoc est fidem accommo
168 2469 1074 2528 dlasse dicit. non ita videatur absurdum: vt recte reprehen
177 2505 1073 2575 datur in verbo: eique dicatur. igitur vidisti et non credidi¬
159 2547 1069 2625 sti. vnde putari potest non esse consequens vt videatur res quaecumque
164 2601 1071 2660 creditur. Sed melius hanc appellamus fidem: quam diuina eloquia
171 2647 1068 2702 pocuerunt: earum scilicet erum quae non dicuntur. de spe quoeque apostolus ait scilice
167 2688 1076 2743 ad romanos. Spes qua videtur non est spes. quod enim quis videt quid sperat:
162 2724 1062 2798 Ex quo auctoritate patet. pro tam per apost. quam per Aug. quod fides
167 2775 1068 2833 est eorum quae non sunt euidentia credenti. ⁋ 2o concluditur idem
159 2809 1074 2884 per illud quod ait apostolus et etiam Aug. de specie. non enim spes
160 2861 1060 2922 potius de non visis et incognitis est quam fides cum hoc formaliter
161 2904 1059 2970 in diffinitione fidei ponatur. Item 8o de tri. Eredimus inquit diminum
165 2940 1074 3015 vhoseophum christum natum de vergine quae maria vocabatur. quid sit aut virgo. et
153 2993 1062 3058 quid sit nasci: et quid sit nomen proprium non credimus. sed prorsus
158 3036 1075 3099 nouimus. ecce quod nos credere negat ea que nouimus. Item
1236 282 2139 365 liuo. 13o. vnusquisque sui animi conscius non credit vtique hanc
1231 331 2122 408 esse suam sed plane peruidet voluntatem. et in pluribus aliis
1236 371 2130 448 locis eandem penitus ponit sententiam. ⁋ Ad hanc dupliciter con¬
1224 417 2135 490 sueuit responderi. ⁋ Primo ad antecedens dicendo non esse incon
1226 462 2127 535 ueniens idem eidem notum esse et ignotum: dummodo hoc non
1220 498 2115 574 sit secundum idem: sed secundum aliud et aliud: sicut idem lac est simile mas
1223 550 2123 615 garite secundum albedinem et non est ei simile secundum dulcedinem: sed dis¬
1214 590 2118 667 simile potius. ⁋ In proposito dicitur quod idem obiectum est ei¬
1216 633 2119 712 dem notum per scientiam et non est eidem notum per fidem sed potius
1216 670 2128 744 ignotum et per consequens non secundum idem notum et ignotum. ⁋ 2o dicitur quod consequentia
1208 720 2115 793 non valet: quia et si sit euidens per scientiam illud quod scitur: non tamen
1219 760 2118 840 est ineuidens per fidem illud quod creditur: fides enim si non fa¬
1214 808 2108 877 ciat euidentiam: non tamen facit ineuidentiam: et indifferenter potest
1209 853 2106 922 esse euidentia et non euidentia. in quo differt a scientia que non
1206 897 2123 963 euidentis esse non potest. ⁋ Contra responsionem primam. impossibile
1212 932 2094 1011 est alicuius contradictionis vnam partem esse veram per vnam
1199 981 2114 1060 causam et reliquam etiam esse veram pro alteram causam. alias ego
1209 1023 2102 1095 possem vnam partem verificare et tu aliam. Et sic tu et
1211 1062 2106 1142 ego simul possemus facere duo contradictoria esse simul
1202 1109 2103 1182 vera: quod est absurdum. ⁋ Unde nulla contradictoria de qui
1202 1154 2091 1227 buscumque sint praedicatis absolutis vel relatiuis. seu connota
1187 1190 2091 1273 tiuis. substantialibus: vel accidentalibus siue in deo siue in crea
1190 1239 2091 1323 turis. verificari possunt nec secundum idem nec secundum diuersa. Exemplum
1192 1280 2088 1359 quod inducitur non est ad propositum. quoniam iste non contradi¬
1177 1330 2088 1398 cunt. hoc lac est simile huic margarite per albedinem. hoc
1180 1364 2088 1445 lac non est simile margarite per dulcedinem: eisdem vtrobique
1175 1410 2083 1483 demonstratis: cum non sint iidem termini penitus et a parte
1191 1459 2091 1535 predicati et subiecti vtriusque: sed vtique he due contradicunt.
1169 1499 2093 1573 hoc lac non est simile huic margarite. et hoc lac est simile huic mar
1166 1547 2080 1619 garite. quarum altera tantum est vera: est similiter si dicatur: hoc lac est
1173 1588 2079 1661 simile. hoc lac non est simile. contradictorie sunt si termini vniuoce
1172 1636 2072 1698 accipiantur: et simul verificari non possunt. et si dicatur quod idem potest esse
1169 1668 2085 1750 simile vni et non simile alteri: et per consequens simul verificari: neganda est
1174 1713 2073 1791 consequentia quoniam si est simile vni aut alicui: hec est vera. hoc est simile. nam sequi¬
1163 1763 2072 1827 tur. hoc est simile huic vel illi. igitur est simile. negatiua vero erit fal¬
1162 1801 2067 1871 sa: non enim sequitur. hoc non est simile huic vel illi. igitur non est
1172 1838 2074 1912 simile: licet econverso sequatur: quamuis igitur he possunt simul esse vere: hec propo¬
1173 1882 2065 1964 sitio seu hoc obiectum est euidens huic per scientiam: hoc obiectum non est
1148 1924 2073 2004 huic euidens per fidem: que non sunt contradictorie. he tamen. hoc est
1145 1982 2068 2050 euidens. hoc non est euidens huic eidem: tamen hincinde demonstra¬
1158 2015 2080 2087 tis et terminis vniuoce sumptis numquam possunt simul esse vere. nunc.
1158 2059 2093 2136 autem sequitur. hoc est scitum ab isto. igitur hoc est euidens isti. et contra
1152 2101 2055 2175 sequitur et. hoc est creditum ab isto. igitur non est euidens isti¬
1154 2151 2056 2217 quare responsio prima non valet. ⁋ 2a responsio est insuffici
1148 2195 2058 2259 ens. quia libet fides non faciat ineuidens illud quod creditur: non
1142 2235 2057 2309 potest tamen esse: nisi credenti ineuidens sit quod creditur: ideo falsum
1148 2281 2046 2347 est quod assumit responsio. valet quod fides potest esse indifferenter eui¬
1149 2320 2051 2390 dens et ineuidens. nam secundum hoc sequitur quod de primis principiis et propo
1152 2360 2039 2437 sitionibus per se notis seu de significatis earum totalibus posset
1144 2403 2043 2474 haberi fides proprie dicta: et simul aliquod esse notum euidenter
1139 2448 2049 2527 mediante intuitiua notitia: et creditum per fidem: quod est
1149 2488 2034 2562 contra omnes sanctos de hac materia loquentes: et est glosas adhuiusmodi
1142 2533 2080 2612 breos que omnes dicunt quod de apparentibus non est fides sed per
1130 2579 2031 2654 agnitio. et contra gregorium in ome. dic. que apparent non
1134 2622 2040 2697 habent fidem sed agnitionem. et hugo. libro primo de sacra diffinit fi¬
1133 2662 2031 2741 dem. quod est certitudo animi de rebus absentibus. et infra sub¬
1133 2706 2030 2778 dit. quod de fide quae proprie et non abusiue fides appellatur dictum est.
1124 2748 2036 2826 si vides non est fides. ⁋ Praeterea hoc esset verum: non bene diffinis¬
1123 2797 2022 2867 set apor. fidem ponens in eius diffinitione rerum non apparentium:
1121 2841 2030 2906 nam oportet diffinitionem vniversaliter conuerti cum diffinito. ⁋ 2o ad conclusionem
1113 2880 2017 2956 sic. si fides est scientie compossibilis circa idem non est necarium quod ad
1118 2930 2068 3004 cedente scientia vel clara notitia fides cedat: et per consequens est in patria ca¬
1122 2965 2022 3041 simul cum visione fides remaneret. hoc est falsum et contra Aug.
1118 3010 2066 3077 primo de doc. christi. dicentem. quod quicumque ad eternam gulam perue ca¬
1113 3061 2016 3137 niunt decedentibus fide et spe: caritas auctior et certior pe¬
