2454 3538
430 239 1326 308 ⁋ Item nec filius nec natiuitas est proprietas patris secundum transi
440 286 1334 350 tivam locutionem: vt nunc est sermo. Cum ergo dicitur quod proprietas patris
435 331 1330 392 est quod vnum genuit filium: aut quod filius nascitur ex eo: non denotatur
431 374 1334 440 quod aliqua entitas ex animam existens sit propria ipsi patri: sed tantummod¬
431 420 1322 483 quod ille solus genuit filium: et quod idem est. quod ex eo tantum nascitur fili
438 473 1318 522 ⁋ 2a distinctio est quod personas distingui ab iuicem per aliqua potest a
447 500 1340 570 intelligi. Uno modo quod distinguant per illa tamquam per ea quae sunt ratio¬
434 546 1343 612 nes vel principia mutue distictionis. Alio mod quamuis improprie
433 601 1340 658 potest dici quod distinguantur per ea velut per illa ex quibus potest cogno¬
441 641 1334 691 sci et inferri mutua earum distinctio. Exemplum Adam et Abel di¬
431 681 1344 739 stinguebantur adinuicem primo modo per suas animas et per sua corpora.
438 732 1345 780 Secundo aut modo per hoc quod Adam non erat ex viro et femina natus.
430 769 1334 830 Abel aut sic. Item quia Adam genuit abel. Abel aut genitus est
440 811 1335 874 ab Adam. non enim quod Adam non fuit natus ex viro et ex femia: aut
434 865 1340 914 qui genuit Abel: erat principium distinctionis eius ab Abel. Ex his
440 898 1341 956 tamen poterat inferri et cognosci quod Adam esset alius ab Abel: qui
437 944 1346 997 erat natus ex femina et viro: et genitus ab Adam: cum impossibile sit
434 992 1343 1049 quod idem sit: et non sit natus ex femina et viro: et quod aliquis sit is a
869 1029 1124 1093 quo est genitus:
420 1039 1344 1130 ⁋ his premissis pono ad quaestionem absque assertione tamen
432 1120 1341 1175 et sine praeiudicio melioris sententiae quatuor conclusiones prima est quod nullis
440 1156 1346 1223 proprietatibus qualitercumque sumantur proprietates persone diuie
440 1205 1343 1263 constituuntur. 2a quod persone diuine distinguuntur personaliter suis
440 1256 1331 1308 proprietatibus primo mo acceptis proprietatibus id est seipsis. 3a. quod
442 1287 1341 1343 diuine persone non distinguuntur personaliter aliquibus proprietatibus 2oa
439 1343 1349 1389 modo acceptis. 4a. quod distinguuntur proprietatibus 3o modo acceptis:
434 1377 1340 1436 intelligedo tamen eas distingui per illas proprietates 2o modo praemisso
443 1427 1331 1480 li. quod ex illis proprietatibus potest concludi et cognosci quod ipse perso
438 1464 1346 1521 ne ab inuicem distincte sunt: non autem distinguuntur per eas per mod id est tamquam
431 1508 1334 1567 per rationes vel principio distinctiua. ⁋ Primam conclusionem probo primo sic. quaelibe
441 1563 1350 1607 persona divina est simplex omnino. ergo nulla persona divina per aliquod in
431 1596 1334 1652 suo esse constituitur: antecedens est determinatum ex fide. probatur consequentia. quia si
435 1646 1345 1695 aliqua constitueretur per aliquid: sumatur illud praecise secundum se: et quaeratur de ipso
432 1684 1334 1740 an ipsum sic praecise acceptum est ipsa persona constituta per ipsum: aut non
426 1728 1341 1792 sed est aliquid eius. Non potest dici primpum. Tum quia nulla persona consti
431 1780 1326 1825 tuit seipam omne enim constituens causa est aliqua modo constituti per ipsum.
432 1809 1330 1869 Tum quia si illud constituens est persona: et constat quod constituens non constin
435 1856 1331 1908 tuat per aliquid. ergo nec persona: aut si persona. ergo et ipsum etiam constituitur
431 1898 1331 1955 per aliud: et sic in infinitum Si autem illud constituens non est ipsa persona consti
434 1943 1334 2000 tuta: sed aliquid eius: aut illud habet esse per operationem anime tantum: et tunc
440 1986 1343 2035 constat quod non constituit personam eternam quae summa res est: aut est ali¬
431 2037 1332 2088 quid extra animam: et quicquid ipsum sit siue res siue formalitas vel mo¬
434 2073 1332 2129 dalitas: aut quouis alio nomine appellare velis: ex quo ipsum non
433 2121 1331 2174 est persona: sed aliquid eius: et non possit intelligi quod sit eius extrinse
435 2159 1337 2219 ce: sicut forma materie: sed intrinsece: sicut pars est aliquid totius: sequitur
441 2203 1331 2270 quod persona non sit omnino simplex. ⁋ 2o non minus est simplex per
444 2248 1338 2296 ona diuina quam est essentia divina aut aliqua proprietas personalis
435 2291 1340 2344 quaecumque sit illa si quae sit: ergo non magis ipsa constituitur ex aliquibus vel
431 2335 1337 2390 per aliqua quam ipsa essentia vel proprietas: sed nec essentia nec pro¬
443 2385 1331 2435 prietas constituitur per aliqua: vt omnes concedunt: et per consequens nec per
444 2423 1335 2474 aliquid: quia impossibile est esse vnum solum constitutiuum eiusdem rei intrinse
434 2465 1346 2525 cum. Nam de tali est sermo: non de extriseco: sic producens potest dici
440 2510 1337 2562 constituere in esse ipsum productum. ergo nec ipsa persona per aliquid consti¬
441 2560 1340 2607 tuitur. ⁋ 3o (et sequitur ex eo quod iam tactum est) si persona constituere
441 2597 1331 2648 tur per proprietate aliquam: constitueretur est per essentiam: et essentia con
440 2640 1335 2692 stitueret personam. vbi gratia. patrem: et per consequens essentia non esset piter: quod
432 2689 1330 2736 est contra determinationem eclarie in capitulo bamnamus. ⁋ 4o sequeretur quod
431 2726 1342 2787 paiter esset aliqua modo causatus et principiatus. Nam quodlibet constitutiuum
443 2774 1337 2828 est quodammo causa et principium sui constituti. Sed consequens est falsum. Sic
441 2824 1334 2872 enim paiter non esset prima causa et sine principio et sine causa: cuius oppositum ex
436 2868 1331 2915 presse ponit Dantmens libro primo. Et ideo sicut est supra. distint iso dicebatur
432 2904 1329 2963 nullatenus estimandum est esse in deo aliquid realiter constitutum per ali¬
447 2951 1334 3003 quod formale vel materiale constitutiuum: sed omne quod ibi est seipso for¬
435 2984 1338 3045 maliter et non per aliquid sui transitiue loquendo est omne quod est: quamuis
431 3032 1334 3098 ibi sit vere producens et qui producitur: et productus a producente habet
1385 224 2297 286 esse: propter quod huiusmodi vocabula constitutiuum constitutio et constitutum et
1400 272 2302 339 similia in sensu praemisso non conuenienter (vt videtur) assumuntur ad di
1388 330 2295 383 uina: et melius esset non vti eis in materia ista: et pro certo nullibi in¬
1397 364 2294 420 uenio Augu. aut alium aliquem illius temporis sanctorum: vbi locuti
1391 407 2292 469 sunt de distictione divinarum personarum: talibus vsum fuisse vocabulis
1397 465 2319 511 ⁋ 2am conclusionem probo et per auctoritas hieron. in expositione fidei catho
1394 493 2297 551 lice: et allegatur a magistro vbi supra. loquens: si quidem de patre et
1396 537 2298 602 filio ac spuescon ait: itaque subiecta vnum sunt: sed personis ac nominibus
1385 587 2300 645 distinguuntur: quorum virtute verborum etiam magr infra. dis. 3 dicit quod
1391 625 2307 693 persone seipis dicent. ⁋ Item Aug. in sermdone de fide et symbolo
1403 669 2290 734 qui incipit. Credimus in vnum deum verum. ait credimus hanc trini¬
1403 709 2303 775 tatem personis distinctam subiecta vnitam etc. Et infra in symbolo si quod
1401 756 2310 819 docetur ac discitur et vnitas est trinitatis: et trinitas distincta
1396 809 2295 864 personis et opulentia creatoris: trinitas autem non nisi tres perso¬
1407 839 2306 898 ne: trinitas vero est distincta personis: ac per hoc ipse persone sunt di¬
1397 896 2295 945 stincte personis: et quod non aliis patet. ergo seipsis. ⁋ Ratione quoque pro¬
1397 933 2310 988 batur ista conclusio quoniam persone sunt summe et omnino simplices: ita quod nec
1404 975 2312 1030 essentia simplicior est personis: nec aliqua proprietas est cogitabilis
1401 1019 2296 1074 in persona simplicior quam ipsa persona: et per consequens nulla aliquo modo
1397 1062 2300 1119 inter se distincta includit ipsa persona. ergo quaelibet persona a quocumque
1407 1114 2309 1164 distinguitur seipsa: et non aliquo sui primo: transitiue loquendo distin¬
1391 1146 2319 1217 guitur. ⁋ Contra istam conclusionem quam et antiqui doctores posuerunt
1391 1194 2319 1255 ac etiam nunc aliqui moderni defendunt: multipliciter est argutum. Pri
1397 1243 2319 1299 mo quidem aliqui sic: sicut quaerentibus quo pater et filius et spusscuns sunt
1403 1285 2318 1343 vnum: respondemus quod essentia vel diuinitate sunt vnum. Ita quaerentibus
1400 1336 2318 1384 quo distinguuntur oportet respondere per aliqua nomina abstracta quibus pro¬
1394 1380 2303 1432 prietates in abstracto designantur. vt paternitas vel filiatio.
1409 1413 2319 1475 ⁋ 2o sic. paiter non eadem relatione refertur ad filium et spectum scuntum: sed
1399 1450 2305 1515 alia et alia. ergo non eadem relatione distiguitur ab vtroque. Ex quo
1404 1502 2309 1562 vltra sequitur quod non seipso distiguitur ab vtroque: sed aliqua relatione
1409 1544 2303 1597 ab vno et alia ab alio: cum sola relatio multiplicet trinitatem
1406 1590 2310 1647 secundum Boetium. Antecedens probatur: quia si dicatur quod eadem relatione. ergo fi¬
1401 1637 2306 1687 lius et spunsscuns est vna et eadem relatione referuntur ad patrem: quia im¬
1403 1677 2306 1737 possibile est quod duabus relationibus secundum speciem correspondeat ex
1398 1718 2297 1772 opposito vna tantum secundum speciem relatio: sed consequens est falsum. Nam spiritus
1401 1761 2307 1821 scus non refertur per filiationem: alioquin esset filius: nec filius per spi¬
1394 1813 2319 1868 rationem refertur ad patrem: quia sic esset donum. ⁋ 3o sic arguitur per ali¬
1394 1858 2318 1903 os. quaecumque non sunt primo diuersa aliquo sui distinguutur (si enim non sunt
1402 1893 2319 1949 primo diuersa: sed aliquid idem entia: tunc non eo distinguuntur quo sunt
1403 1948 2319 1992 idem: sed aliqua sui quae non sunt idem) persone aut divine non sunt primo diuerse:
1392 1989 2319 2041 qui sunt eiusdem esentie. ergo aliqua sui primo distinguuntur. ⁋ 4o in patre sunt
1391 2030 2304 2082 plures proprietates: sicut innascibilitas et genertio actio: et hoc distin¬
1401 2075 2318 2127 guuntur secundum Aug. 5. de tri. vbi vult: quod si piter non esset ingenitus posset
1397 2112 2309 2160 tamen esse pater et econverso ergo si per impossibile vna non distingueret prem ab alio:
1403 2160 2304 2211 posset alia distinguere. ergo est quaerere quo pater distiguitur a filio.
1409 2201 2319 2260 ⁋ 5o per alios sic. quando aliqua sic se habent quod aliquid omnino indistictum est
1398 2243 2318 2294 in vtroque: et tamen aliquid est in vno quod non est in alio: illa non seipsis
1398 2293 2319 2339 distinguuntur: sed in patre et filio est essentia divina quae est omnino indisticta: et
1410 2331 2319 2383 praeternitas est in patre quae non est in filio: ergo pater et filius non seipsis primo distin¬
1409 2370 2312 2433 guuntur. maior probatur: quia quando aliqua seipsis primo distinguuntur: non est
1398 2418 2311 2470 aliquid in vno quae non distinguatur ab alio: sicut nihil est in sorte quaoe non
1403 2468 2310 2520 distinguatur a platone sed quando est aliquid omnino idem in vtroque: tunc neutrum
1397 2505 2317 2564 illorum illo omnino eodem in vtroque distiguitur ab altero. ⁋ Ex hoc
1415 2554 2315 2595 (vt dicunt) patet solutio ad rationem factam pro ista conclusione secunda. quia
1405 2585 2311 2642 simplex non constitutum ex aliquo communi sibi et alii: et aliqua proprio si¬
1403 2638 2300 2691 bi seipso distinguitur a quaecumque distinguitur: sed non sic est de personis
1404 2686 2319 2737 divinis vt dictum est. ⁋ Ad primam dico quod taliter quaerentibus optine potest
1398 2725 2318 2775 responderi secundum viam hanc quam sequor. Et docuit nos respondere
1404 2768 2319 2817 hieron. dicens vt supra allegatum est quod subiecta vnum sunt et personis di
1403 2813 2304 2867 stinguuntur. Et sic est conformiter docuit Augu. dicens sententialiter quod sunt
1397 2857 2300 2910 vna subiecta et distincte persone. sed sicut seipis et non aliquao sui transiti¬
1391 2902 2300 2955 ue sunt vna subiecta: sic seipis: et non aliquao sui sunt distincte persone.
1413 2947 2305 3001 ⁋ Quia aut additur de abstractione illorum nominum patrnitas et filia¬
1407 2996 2294 3042 tio. Dico quod tripliciter potest quis vti talibus abstractis: cum de distin¬
1403 3029 2306 3107 ctione loquitur personarum. Uno modo ad significandum quod persona nullo
