2457 3524
191 251 1106 329 alio quam seipsa praecise et primo distinguitur ab alia: et illud magis ex
189 304 1092 376 presse significatur per abstractum nominis sui. et tunc dicendo pater distin¬
204 350 1092 411 guitur paternitate: ly paternitate supponit pro ypostasi patris. Alio modo
188 396 1107 455 ad denotandum persone proprietatem 3o modo sumptam quae prohibet vnam perso¬
195 434 1093 496 nam esse aliam. et tunc est sensus. pater distinguitur a filio paternitate. id
191 482 1088 539 est quia ipse genuit filium: et tunc paternitate equiualet in significando
182 521 1091 575 illi complexo: nec pro aliquo supponit sicut nec complexum illud. 3o modo
189 563 1101 634 potest fieri talis abstractio ad designandum aliquod intrinsecum per se
183 612 1096 676 quo ab alia distinguatur et pro quo supponit illud abstractum in propositio¬
185 656 1097 716 ne affirmante personam ab alia distingui: et tunc dico quod talis abstra
191 702 1089 758 ctio inconueniens est et ficticia. nec sic ea vtuntur qui recte intel
195 737 1089 803 ligunt: sed alterum duorum primorum modorum. ⁋ Ad 2m dico quod
186 785 1091 851 pater refertur ad filium et spiritum sanctum vna relatione tantum secundum rem quae tamen est
184 831 1095 896 in pluribus speciebus relationis seu cui conueniunt rationes plurium spe
185 870 1087 939 cierum relationis: quapropter optime potest correspondere distinctis specie
183 914 1083 976 cooppositis. exemplum sortes eadem relatione est similis platoni albo et dis
187 956 1082 1015 similis ciceroni nigro. Nam eadem albedo sortes est similtudo ad
184 1002 1083 1063 platonem et dissimilitudo ad ciceronem: cum nec similitudo nec dissimili¬
177 1054 1079 1113 tudo sit res superaddita qualitati: sicut infra probabitur: et sicut est sic
172 1090 1082 1149 arguentes opinantur: et hec vna relatuio secundum rem correspondet similitu¬
171 1129 1089 1193 dini et dissimilitudini oppositis quae sunt in platone et cicerone. Sic
176 1173 1085 1247 in proposito eadem entitas simplicissima quae est pater est spiratio et
186 1223 1079 1278 paternitas et correspondet filiationi in filio a spirationi coopposi¬
179 1268 1079 1323 te in spiritu sancto. ⁋ Ad 3m si ly aliquo sui capiatur secundum transitiuam con
184 1304 1078 1370 structionem vt accipit arguens. maior est falsa: et habet instantiam
172 1354 1085 1416 de duobus angelis et de duabus animabus supposito quod sint essentiae
178 1391 1079 1462 simplices. sic enim nec angelus nec anima distinguuntur aliqua sui:
171 1440 1086 1502 qui nec aliquid est sui in hoc sensu et non sunt duo angeli primo diuersi
172 1485 1087 1546 cum sint eiusdem genris et forte eiusdem speciei: nec est due anime sunt
171 1520 1080 1589 primo diuersa cum sint eiusdem speciei. Et per consequens ad intellectum philosophi dicuntur.
174 1574 1088 1629 aliquid idem entes: aut quia aliquid idem de eis esentialiter praedicatur:
167 1616 1076 1677 vt aliqui exponunt verbum philosophi. 5o meta. scriptum: aut accipien
171 1661 1079 1720 do actum exercitum pro actu signato: quia de eis verificatur quod sunt
173 1703 1076 1760 aliqua modo idem scilicet specie: et similiter de his de quibus verificatur esse idem nuoa
165 1746 1078 1806 aut genere vel proportione ibi dicit philosophus. Ad probationem dico quod
164 1791 1082 1844 eodem modo aliquid est idem alicui vno modo: et distinguitur ab eodem alio modo:
162 1825 1083 1893 sicut vna anima seipsa est eadem specie alteri anime et disticta numeraliter
171 1873 1070 1930 ab eadem. ⁋ Ad 4m dico quod aliquid potest dici esse alicuius vel in
162 1919 1068 1981 aliquo dupliciter vno modo proprie vt constructio sit transitiua: et omne quod sic est
166 1961 1080 2016 alicuius vel in aliquo est distinctum ab eo: isto modo dicitur equus esse sortis et anima
164 1996 1080 2064 dicitur esse homins et in homine. et forma in materia et locatum in loco: et sic de
161 2052 1071 2111 aliis modis quibus aliquid proprie dicitur esse in aliquo. Alio modo improprie
177 2093 1074 2152 vt constructio sit intransitiua: et illud consueuit ab aliquibus voca
162 2136 1066 2190 ri esse in aliquo per identitatem: quia scilicet quod sic dicitur esse alicuius vel in aliquo
153 2183 1071 2235 non distinguitur ab illo sed est ipsum: isto modo loquimur cum dicimus essentia
159 2224 1065 2282 angeli vel essentia dei id est qua est angelus et essentias quae est deus et econverso. Nunc
168 2265 1069 2328 ad rationem si innascibilitas supponat pro aliqua entitate a generatione
162 2308 1064 2370 actiua sumatur pro relatione patris ad filium: sic oportet si argumentum debeat:
165 2354 1071 2416 procedere contra conclusionem positam: dico quod sunt in patre intransitiue loquen
153 2404 1066 2460 do. et eodem dicuntur proprietates patris id est qua sunt pater. non autem vere dicuntur
153 2439 1077 2500 esse patris vel in patre transitiue: nec etiam adinuicem distinguuntur. nec
170 2484 1071 2538 probatio ex dicto Aug. valet. Non enim sequitur: si pater non esset ingenitus pos
164 2527 1064 2581 set esse pater. ergo innatiuitas et paternitas in patre distinguuntur. Sicut non
155 2568 1066 2628 sequitur: si deus non esset dominus adhuc posset esse deus. ergo deus et dominium dei
156 2611 1067 2677 distinguuntur. Et sicut non sequitur: si sortes non esset similis adhuc posset esse
165 2655 1073 2714 albus ergo eius albedo et similitudo distinguuntur. ⁋ Ad 5m dico quod si¬
168 2702 1061 2762 esse in. sumatur intransitiue. maior est falsa. et similiter probatio eius in eo¬
170 2738 1068 2801 dem sensu nec per illud exemplum sufficienter probatur assumptum. quoniam licet
168 2789 1061 2845 nihil sit sortes quod non distinguatur a platone. aliquid tamen est pater quod non
171 2826 1079 2883 distinguitur a filio scilicet essentia divina. Si autem esse in. sumatur transitive
156 2872 1071 2935 sic maior est vera et minor falsa quantum ad vtramque partem: quantum ad
159 2912 1065 2974 primam quidem: quoniam essentia divina proprie loquendo et in hoc sensu non est in
165 2966 1059 3022 patre et filio: sed pater et filius sunt ipsa essentia: et propterea Damascenus libro primo cum
167 3007 1062 3066 dixisset. cum respexerimus ad ea in quibus est divinitas loquens de
153 3044 1053 3125 personis: immediate ostendens hoc esse improprie dictum addit: vel quod
1152 274 2057 344 deinde certius dicamus quae sunt divinitas hoc est ad tres yposta¬
1157 323 2045 387 ses etc. vbi dat nobis doctrinam vt vbique in sacris scriptu¬
1155 373 2059 433 ris inuenimus dictum quod divinitas est in personis. illud sit intelligen¬
1158 412 2055 482 dum secundum intransitivam constructionem id est quod divinitas est parsone: vel quod
1149 459 2042 523 persone sunt deitas. eodem modo in eodem sensu falsa est reliqua pars mi
1148 508 2052 568 noris scilicet quod paternitas est in patre: sed paternitas est pater: et pater est paterni
1148 544 2046 610 tas. ⁋ Sed ex dictis istius doctoris potest contra sic argui. pater aliquo
1154 583 2054 647 sui non distinguitur a filio: et aliquo sui distinguitur a filio. ergo non
1155 628 2054 690 seipso primo distinguitur a filio. consequentia patet. Antecedens probatur. quoniam pater
1157 674 2043 742 divinitate non distinguitur a filio. et paternitate distinguitur ab eo.
1161 716 2057 779 ⁋ Responsio patrem a filio distingui aut aliquid ab aliquo seipso primo
1160 765 2048 829 potest intelligi dupliciter vno modo seipso primo id est quolibet sui. Alio modo: id est nullo alio
1152 801 2048 870 seu quod non est ipsum: et tunc ista: pater distinguitur a filio seipso primo
1143 847 2039 918 exponitur per istas: pater distinguitur a filio et per nihil quod non est
1140 887 2045 962 pater: pater distinguitur a filio: et in hoc sensu dixi supra: quod persone
1149 937 2050 1003 seipsis distinguuntur. primo quia scilicet distinguitur vtique et non per aliquae quae
1148 977 2052 1041 non sunt ipse: sed sint ipsarum sicut aliqui imaginantur et multo ma
1137 1020 2052 1084 gis nec per aliquae quae non sunt ipse nec ipsarum. ⁋ Tunc ad rationem
1145 1069 2043 1132 factam dico: quod si ly sui in antecedente teneatur transitiue: antecedens est fal¬
1146 1108 2043 1176 sum: nec probatio valet. quia supponit quod deitas sit aliquid patris
1140 1153 2059 1218 et non pater. et similiter de paternitate: quorum vtrumque falsum est. Si vero
1131 1205 2038 1263 teneatur intransitiue: nego consequentiam. non enim sequitur. pater aliquo quod
1146 1236 2054 1307 est ipse non distinguitur a filio. et aliquo quod est ipse distinguitur a
1143 1279 2034 1344 filio. ergo pater aliquo quod non est ipse distinguitur a filio: et per
1140 1334 2037 1393 consequens etiam non sequitur. ergo pater non seipso primo distinguitur a filio
1146 1369 2036 1431 secundum sensum datum ⁋ Quod vero idem doctor addit soluendo rationem
1140 1411 2042 1479 pro illa conclusione. quia simplex non constitutum etc. nihil valet: quoniam omne
1146 1459 2043 1517 simplex est huiusmodi et nullum constitutum ex communi et proprio est simplex.
1146 1498 2061 1555 ⁋ 3a conclusio probatur. ex eo quod non est dare aliquas tales entitates
1146 1552 2045 1610 proprias personarum: quod apparet: quia vel tales entitates si quae forent
1140 1595 2048 1649 essent extrinsece ipsis personis vel intrinsece incluse in eis.
1139 1628 2040 1695 Non potest dici primum: quoniam vel ipse essent per se subsistentes: et per
1134 1668 2037 1728 consequens essent persone. ex quo vltra sequitur quod in divinis essent ad
1134 1720 2034 1775 minus sex persone scilicet pater et filius et spiritus sanctus. et tres alie earum
1137 1759 2040 1822 proprietates quod est erroneum: vel essent personis inherentes vel
1137 1808 2041 1872 insistentes. sicut forme materiis quod etiam est impossibile in deo: qui
1137 1856 2056 1912 nulli subsistere potest. vt dicit Aug. 7o de tri. Sed nec potest
1124 1895 2031 1955 dici quod sint tales alique entitates intrinsece incluse in perso
1125 1935 2042 1990 nis secundum quem modum imaginari videntur. quicumque tales proprie
1121 1973 2031 2033 tates ponunt in personis: hoc autem esse impossibile potest probari multi¬
1137 2019 2045 2079 pliciter. primo quidem per expressam determinationem ecclesie
1126 2072 2035 2126 extra. de summa tri. et fi. ca. capitulo damnamus. sic dicentis. pater ab eter
1130 2105 2039 2168 no filium generando suam substantiam ei dedit. iuxta quod ipse testatur: pater
1128 2152 2032 2214 quod dedit mihi maius est omnibus at dici non potest quod partem substantie
1131 2193 2039 2252 illi dederit et partem ipse sibi retinuerit: cum substantia patris indi¬
1135 2242 2031 2292 uisibilis sit. vtpote simplex omnino: sed nec dici potest quod pater
1134 2281 2031 2343 in filium transtulerit suam substantiam generando quasi sic dederit eam¬
1134 2322 2027 2384 filio: quod non retinuerit ipsam sibi: alioquin desinisset esse subiecta.
1135 2368 2028 2432 ⁋ patet ergo quod sine vlla diminutione filius nascendo substantiam patris
1127 2421 2031 2470 accepit. et ita pater et filius habent eandem subiectam: et sic eadem res est
1138 2453 2031 2519 pater et filius nec non spiritus sanctus ab vtroque procedens. cum ergo vt
1131 2495 2027 2559 profitetur ecclesia. filius totam substantiam patris sine diminutione
1125 2553 2027 2609 accepit. Manifeste patet quod nullam entitatem in se habet sibi pro¬
1134 2589 2026 2648 priam pater quam filio generando non dederit. Nec potest dici quod
1137 2628 2034 2684 quamuis totam sine diminutione patris substantiam filius generando acce¬
1139 2681 2027 2727 perit: non tamen accepit omnem entitatem patris: quoniam non illam propriam
1125 2723 2025 2775 quam vltra communem essentiam pater includit: tum quia non minus
1126 2767 2024 2811 est indiuisibilis et omnino simplex persona patris quam sit essentia il¬
1131 2803 2028 2862 la communis: et per consequens iuxta argumentationem ecclesie impossibile est
1128 2852 2025 2911 quod partem sui scilicet communem essentiam filio dederit et partem aliam sibi
1125 2898 2027 2945 retinuerit. ergo sine diminutione filius totam entitatem patris
1127 2934 2019 2988 accepit. nulla ergo entitas est in patre quae non sit in filio. tum quia
1116 2974 2016 3037 stultissimum est imaginari quod in patre sit aliqua entitas que
1121 3019 2019 3080 non sit substantia vel de substantia eius: sic enim esset accidentalis vel ei
1125 3063 2018 3123 extranea. ergo si totam patris subiectam accepit filius: omnem enti¬
