2444 3521
231 286 1115 348 pater. Respondeatur diffinitio in qua ponitur filius: et ex hoc patet quod il
225 329 1119 389 la non est diffinitio dicens quid rei de qua dictum est. ⁋ Solustiones quas
218 376 1112 443 dantur ad rationes probantes istam conclusionem non valent. Prima quidem non
217 422 1105 478 quando cum dicitur circunscripta operatione anime aliquis est pater vel do
207 466 1121 521 minus fundamentaliter vel substantiue et in potentia propinquam. aut
204 500 1108 567 intelligitur quod sit actualiter dominus: ita quod contingat vere enunciare
198 544 1112 609 de inesse: quod est dominus. Et tunc sequitur quod etiam relatiue est dominus. cum
207 583 1115 648 impossibile sit aliquem esse dominundum aut patrem nisi sit pater filii aut dominus
203 627 1104 699 serui. Unde manifesta contradictio implicatur cum dicitur aliquem esst
198 680 1114 745 actualiter dominunum et non relatiue dominundum. Utrum autem cum hoc ipse sit
194 720 1104 778 in potentia vt intelligatur et intellectus circa ipsum aliquid fabri¬
200 761 1110 825 cet vel non: nihil ad propositum: aut 2o intelligitur quod sit fundamen
203 801 1116 872 taliter pliter id est habens fundamentum quo potest fundare paternitatem: et
194 848 1104 916 quod ita est in potentia propinquam paiter: quod tamen non est actu paiter: ita quod de in¬
191 897 1095 963 esse contingat vere dicere ipsum esse patrem. et tunc sequitur quod
194 930 1100 1002 hec de inesse et de praeterito est falsa. deus fuit ab eterno paiter: et
189 979 1091 1045 deus fuit ab eterno personaliter distictus a filio. Ex quo sequitur quod
195 1017 1101 1088 deus non fuit ab eterno paiter: sed potuit esse pater. nec ab eterno
192 1059 1104 1134 fuit personaliter distinctus a filio: sed potuit esse distinctus: quorum
195 1108 1094 1177 vtrumque est hereticum manifeste. Item quod res antequam apphen¬
182 1154 1089 1216 dantur ab anima non sunt nec fuerunt distincte: quamuis potuerunt
179 1197 1093 1260 esse distincte: et per consequens non fuit nec esse potuit sine oporitione
182 1244 1104 1301 anime aliqua multitudo rerum: vt supra arguebatur: quod est constat
189 1283 1086 1351 esse falsissimum. ⁋ 2a quoque solutio statim refellit: quia esto quod
179 1322 1098 1387 intellectus ille enuncians: tunc reduceret habitudinem domi
182 1368 1091 1435 nii vel patrnitatis ad actum: causando scilicet illud iudicium obiectiuum:
192 1414 1084 1481 quod tamen falsum est: nullo tamen modo apparet esse possibile: quod tunc per
174 1449 1098 1522 actum anime fiat quod ab eterno vel antequam omnia consideraret: fue¬
186 1500 1084 1562 rit tale iudicium obiectiuum: et per consequens relatio: nunc autem proba
183 1542 1092 1610 tum est quod antequam anima consideraret: deus fuit pater: et pater fuit
179 1587 1089 1646 distinctus a filio. et multa alia a deo a inter se. quare nullum
177 1634 1077 1693 est illius solutionis refugium. ⁋ Ad dicta alterius doctoris. Ad
182 1669 1074 1740 primam respondeo conformiter ad dicta statim in vna solutione quod
183 1717 1083 1776 illa minor est falsa. Ad probationem cum dicitur: quod tunc quis pos¬
176 1757 1088 1820 set scire sortem esse similem. et tamen dubitare et ignorare: an sit
171 1808 1088 1858 alicui similis: nego consequentiam: quia non sequitur aliquis cognoscit
166 1848 1083 1914 sortem et similitudine eius. ergo cognoscit sortem esse similem. exemplum
180 1893 1086 1949 constat quod quicumque videt intuitiue vel cognoscit a. albedi
167 1937 1077 1992 nem: videt etiam accidens quod est a. et tamen non quicumque videt et con
173 1980 1065 2036 gnoscit a. albedinem et a. accidens cognoscit albedinem esse acci
168 2026 1074 2079 dens. patet in rusticis et idiotis. Item si corpus duorum cubitorum
167 2069 1077 2126 videatur a longe constat quod quicumque videt vel cognoscit illam
174 2105 1074 2175 magnitudinem. cognoscit est bicubitum: et tamen non quilibet talis
172 2153 1082 2219 cognoscit illam magnitudinem esse bicubitam: immo potest imagi
171 2192 1071 2264 nari eam esse cubitum tantum. ⁋ Ad 2m dico quod qualitercunque
174 2242 1067 2293 debeat esse sensus maioris minor est falsa. Dico enim quod simi
164 2282 1070 2343 tudo sortis ad platonem potest esse sine similitudine platonis ad
158 2326 1079 2379 sortem. quamuis similitudo sortis ad platonem non possit esse similitu¬
158 2365 1077 2428 do sortis ad platonem sine similitudine platonis ad sortem: sicut
166 2417 1074 2470 creans potest esse sine creatura: et conseruans sine conseruato:
165 2454 1067 2522 quameuis nec creans possit esse creans sine creatura: et conser¬
162 2500 1062 2554 uans possit esse conseruans sine conseruato. Similiter pater potest esse
158 2540 1061 2605 sine filio in creaturis: non tamen potest esse paiter sine filio. sicut autem
161 2585 1070 2644 ex hoc non potest argui quod creans et conseruans non sit res distin
170 2633 1064 2685 cta a creatura et conseruato: nec pater a filio: sic in proposito
161 2670 1057 2726 non potest argui quod vna similitudo non sit ab alia distincta. Quia
164 2709 1071 2772 autem dicunt hoc esse de intentione philosophi patet falsum esse ex dictis
158 2756 1056 2819 sui Commentatoris ibidem superius allegatum. Unde sciendum quod
171 2804 1056 2861 vna et eadem res est aliquid ad se et aliquid ad aliud: immo quali
165 2846 1062 2903 res sicut probabitur in sequenti. q. et ideo eadem res est aliquo modo
168 2882 1057 2950 absoluta et aliqua modo relatiua: ad quod distincte significandum
162 2928 1070 2994 imponuntur nomina et absoluta et relatiua. Absoluta quidem vo¬
156 2973 1058 3036 cantur illa que ipsam significant secundum quod est ad se. Relatius
162 3021 1068 3081 vero quae secundum quod est ad aliud. Et quia res ipse diuersimode sunt
159 3064 1067 3134 ad aliud: ideo diuersis habitudinibus casualibus nominum re¬
1179 301 2083 376 latiuorum significantur esse ad aliud. Item quia sicut pater est paiter ad fi¬
1181 346 2064 418 lium: ita filius est filius ad patrem: et ita est in omnibus quae sunt ad se
1172 391 2075 455 inuicem. Idcirco a vocabula relatiua talia oportet imponi que
1175 434 2074 502 significatiue sumpta conuersim dicantur ad seinuicem. et ista
1177 477 2076 548 intendit ibi philosophus. ex quibus non potest haberi quod eius intentio sit
1174 519 2069 595 res ipsas non esse ad seinuicem et relatiuas: sed potius oppositum
1170 564 2076 634 ⁋ Quod est confirmatur per Auer. ibidem exponentem verbum philosophi
1170 610 2063 676 allega. post longam enim expositionem qua tota fauet proposito conclu
1163 651 2057 714 dendo ait. hec igitur est via discenti necessaria vt per eam ambu
1166 694 2063 763 let in eo quod non habet nomen ex relatione. valet. vt ponatur ei nomen
1172 736 2060 809 significans super relatia ex parte qua fit relatio vtique equa¬
1158 779 2082 845 lis id est inquantum sunt conuersim relatiua. et cum hoc sit ita.
1167 828 2059 886 omnia ergo relatiua cum accipiuntur secundum rectitudinem. id est
1157 872 2054 927 ex via qua sunt relatiua: non ex via quae sunt sub alio praedica¬
1163 920 2054 981 mento: inueniuntur habentia hanc proprietatem: et est quod vnumquodque
1158 957 2058 1020 redit per conuersionem ad compar suum. Ex his apparet quid
1157 1004 2060 1065 dicendum cum arguitur quod fingimus relatiua: non fingimus autem res.
1162 1040 2062 1109 Nam et si non fingamus res: sed nomina relatiua: fingimus tamen il
1163 1086 2055 1152 a et imponimus rebus relatiuis. Unde et res et nomina dicuntur re
1148 1128 2055 1196 latiua. Res quidem: quia sunt ad aliquid. nomina vero: quia significant
1152 1170 2052 1236 illas: et de eis vel aliquibus stantibus pro eis praedicantur ad aliquid.
1147 1219 2051 1281 Quod vero arguitur quod dici non competit rebus: sed terminis et
1148 1255 2051 1320 signis. Duendum quod verum est sicut his que de aliis enunciantur
1155 1301 2055 1365 seu praedicantur: sed vtique competit eis dici: hoc vel illud: sicut
1146 1344 2058 1410 his de quibus pro eis stantibus aliquid enunciatur. hoc modo ait
1149 1388 2072 1453 Aug. 8. de tri. quod pater dicitur deus ad se: et vnus et magnus et
1142 1431 2048 1497 finaliter filius et. scilicet quod non potest intelligi primo modo. cum iste ter¬
1140 1484 2051 1539 minus pater numquam praedicetur ad se. Et similiter pluries loquitur in
1139 1520 2045 1586 libris illis de tri. Isto modo loquitur philosophus quando ait. quod ad aliquid
1143 1566 2036 1621 dicuntur quecumque hoc ipsum quod sunt aliorum dicuntur. quod maxi¬
1141 1609 2045 1657 me denotatur propter illud additum aliorum. Si enim absolute pro¬
1140 1646 2045 1707 feratur de aliquo quod dicitur: videtur magis intelligi secundum primum
1139 1690 2041 1757 modum: sed cum profertur: quod dicitur tale vel tale vel huius aut illius:
1139 1739 2042 1800 aut cum aliqua tali additione videtur insinuari magis in sen
1133 1779 2043 1841 su 2o quamuis et vtroque modo probatum non inconuenienter vtroque
1140 1820 2033 1879 modo possit intelligi. Unde nec nego quod illa diffinitio de ter¬
1140 1865 2031 1919 minis ipsis relatiuis posset intelligi satis conuenienter.
1143 1905 2038 1973 ⁋ 2a conclusio est quod nulla relatio 2o modo dicta scilicet vt est aliquid tantum con¬
1141 1957 2025 2014 plexe significabile est aliqua res vel entitas. hanc probo pr
1134 2002 2039 2050 mo sic. Dmnis entitas est subiecta vel quantitas vel qualitas vel
1127 2040 2027 2099 aliquid aliud significabile per aliquod praedicamentum. nullum tamen con
1143 2080 2039 2134 plexe significabile est subiecta vel quantitas etc. ergo nullum tale est en¬
1128 2133 2040 2181 titas. maior patet secundum omnes. minor etiam patet: quia omnis subiecta vel quanti
1130 2164 2030 2231 tas etc. est significabilis per aliquod praedicametum vel per terminum
1128 2210 2036 2276 praedicamenti. nullum autem tale est coplexum. accipiendo comple
1128 2261 2023 2314 xum quod significat esse vel non esse: seu quod est affirmatio vel negoio¬
1129 2300 2029 2361 Unde philosophus in praedicamentis. Eorums inquit. que secundum nullam comple
1129 2344 2022 2407 xionem dicuntur: singulum aut significat subiectam aut quantitatem etc. et
1127 2392 2025 2451 enumeratis omnibus praedicametis et propriis datis exemplis con
1122 2429 2025 2490 cludit: singula autem eorum que dicta sunt ipsa quidem secundum se in
1121 2477 2015 2536 nulla affirmatione dicunt etc. ⁋ Confirmatur per philosophum 6
1128 2517 2019 2576 meta. vbi de ente quod est verum et non est nisi compositio vel diui¬
1127 2556 2025 2620 sio id est propositio affirmatiua vel negatiua: dicit quod est paetio mentis
1130 2603 2030 2664 et non extra ens quod est extra animam quod est vel quid est id est
1133 2643 2024 2708 subiecta vel quantum vel quale etc. ostendit entem aliquam naturam. vbi
1124 2690 2028 2746 Commen. ait. quod illud quod est in cognitione ex hoc ente est aut
1116 2733 2023 2795 compositio aut diuisio: absque eo quod sit extra animam ens quod differt
1128 2778 2025 2833 ab isto quod est in re: et est illud quod significat aut quid aut quale
1128 2816 2021 2882 aut quantum aut aliquid continuum cum alio. et hec sunt cetera pre¬
1115 2871 2026 2928 dicamenta. Si ergo complexum non significat aliquam entitatem ab
1115 2901 2026 2965 his que significant per praedicamenta. et omnis entitas significabilis
1128 2954 2016 3006 per praedicamenta est incomplexe significabilis. ergo nullum tantum comple
1128 2996 2013 3055 xe significabile est entitas. ⁋ 2o sumatur relo sortes ad plat. isto
1121 3041 2018 3093 modo dicta quae sort. est pater platonis. valet quod sortes genuit pla¬
1121 3079 2018 3149 tonem qui superest: si sortes genuit platonem: significatiue
