2432 3549
378 290 1274 351 precisa dum distat: nec est sufficienter propinqua: non agit: et
372 346 1279 398 si fiat propinqua agit. Et si dicatur quod propinquitas non est alia
370 388 1277 439 res ab ipsa: non plus ipsa erit propinqua quando agit quam quando non
366 430 1271 484 agit. Dico quod falsum est: quia res vna non est remota ab alia prio
363 474 1268 528 aliquam rem informantem eam que sit remotior. Sed ideo dicit
366 521 1272 571 remota quia inter ipsam et aliam interiacet spacium vel distan¬
362 566 1277 613 tia media. vel interiacere potest ipsis localiter non mutatis. sic
378 609 1277 660 non dicitur propinqua vel proxima propter aliquam talem rem: sed quia
363 649 1268 704 inter eam et aliam nullum interiacet spacium. ⁋ Ad i15m nego
372 704 1268 743 consequentiam. et similiter aliam consequentiam que fit ad probationem prime. Nam
364 740 1269 789 quamuis dum accidentia panis inherent subiecte eius ipsa inheren
368 778 1268 832 tia non sit aliud quam ipsum accidens inherens: et ipsum accidens est ipsa
376 826 1273 874 inherentia. quando tamen ablatum est subiectum. tunc entitas que prius
372 870 1275 925 fuit inherentia non est inherentia: sicut nec accidens quod prius in¬
369 909 1265 959 hesit subiecto: tunc inheret subiecto: et ideo tunc non est in sub
362 954 1272 1010 iecto. ⁋ Ad idam nego etiam consequentiam. Nam quamuis vnio vel con
375 995 1271 1055 positio non sit alia entitas ab vnitatibus et compositionibus
372 1046 1267 1094 diuisim et comniunctim. non qualitercumque tamen existetia componunt
363 1082 1277 1134 sed solum quando vnum est forma et actus alterius. et aliud est
362 1127 1281 1186 potentia et materia eius ad quod nulla entitas praeter illa media li¬
365 1171 1283 1226 gans vel comnniungens requiritur: vt patet 8o meta. et 2o de anima.
375 1216 1284 1265 Ad id quod annectitur de partibus continui. dico quod non sufficit
360 1254 1277 1308 ad continuitatem propinquitas secundum situm: sed requiritur quod ipse
368 1300 1281 1360 partes propinquam constituant vnum hoc aliquid: quod non contingit in
371 1345 1279 1399 contiguis. ⁋ Ad i 7m nego consequentiam: et reduco argumentum contra arguen
378 1387 1277 1441 tem. Nam constat quod non solum natura est vnita verbo: sed econ
374 1432 1274 1485 uerso. verbum est vnitum nature. et ita realiter et absque operatione
375 1472 1282 1532 anime: sicut econuerso. licet alio modo: et tamen non est vnitum per aliquam¬
369 1523 1284 1571 entitatem de nouo ei inherentem. nec etiam per vnionem nature
365 1560 1278 1612 ad ipsum. quia secundum modum loquendi sic arguentium. verbum non est
362 1603 1270 1655 fundamentum illius vnionis nec subiectum: sed terminus tantum. et ide
363 1646 1287 1696 ipsum non est alicui per illam vnitum. sed potius aliud sibi consequenter
368 1692 1280 1742 loquendo ad dicta illorum. vel ergo adhuc verbum non est vnitum
375 1733 1278 1781 humanitati: quod est hereticum: vel est vnitum sine tali media
375 1780 1283 1825 vnione: quod est propositum. Ad consequentiam ergo illam dico quod non aliud
362 1820 1280 1877 intelligo cum dico naturam humanam esse vnitam verbo et econtra: quam
371 1867 1278 1910 illam esse ab eo ad vnitatem per se: seu: quod idem est ipsum verbum
370 1907 1271 1959 et humanitatem esse vnam personam ad quod nec requiritur. nec pro¬
375 1945 1275 2000 dest aliqua alia entitas a verbo et humanitate: sed sicut anima
366 1994 1279 2045 rationalis et caro sine tali media entitate vnus est homo: ita deus
362 2038 1274 2084 et homo absque vlla alia entitate ligante vnus est christus: sed qua¬
378 2081 1278 2136 iter sit puto omni viatori fore naturaliter incomprehesibile: et pro¬
379 2124 1271 2173 pterea nego consequentiam illam. ⁋ Ad igium dico primo quod maior est
360 2168 1268 2219 falsa et multiplicem habet instantiam: sicut patet supra. dicens i1d. Secudo
374 2214 1271 2265 potest negari minor. Nam cum natura humana et verbum sint vnus
374 2253 1267 2307 christus: qui non minus est vna res per se quam sortes vel plat. aut ali¬
372 2300 1272 2345 quis homo singularis: quamuis natura et verbum non sic se habeant ad
359 2341 1275 2394 inuicem: sicut materia et forma platonis. sed alio modo ineffabili
369 2388 1278 2433 iuxta illud sicut anima rationalis et caro vnus est homo: ita deus
375 2428 1268 2484 et homo vnus est christus in symbolo. Cum inquam ita sit: dico quod si natura
365 2472 1276 2528 primo non esset vnita verbo eo modo quo nunc est: et postea
372 2521 1268 2567 esset: vna res esset que primo non erat scilicet christus. et si naura seperaretur est
369 2560 1272 2608 verbo: aliqua res desineret esse scilicet christus secundum quod christus est nomen
369 2605 1278 2651 constituti ex vtraque natura. Eodem modo modo si anima sortes non esset vni¬
367 2649 1268 2698 ta materie: et postea esset sortes. qui primo non erat: sicut modo
366 2690 1268 2744 de facto iudas non est: et in resurrectioneccum eius anima corpo
377 2735 1280 2788 ri vnietur) erit iudas: et cum anima sortes nunc viuentis separabitur a
374 2776 1272 2835 corpore desinet esse sortes simili modo potest dici de continuo. ⁋ Ad
377 2822 1265 2878 ideinum dico quod maior est falsa. et potest dari instantia salte posi¬
378 2863 1274 2914 to casu possibili. et primo quidem. Nam possibile est secundum veritatem
378 2908 1269 2966 et secundum istum doctorem vt ante dictum est quod. scilicet detur homini esto quod
362 2951 1277 2998 nullum eius donum detur: aut aliqua entitas de nouo crearetur.
381 2999 1268 3049 ponatur ergo quod.s scilicet detur hoc modo sortes et non detur platoni. tunc.s scilicet ve
370 3046 1269 3092 re denominabitur datus: et denominatio illa nihil dicit vltra
377 3089 1263 3146 existentiam extremorum: et sortis et platonis sunt eiusdem rationis: et tamen
1340 288 2231 353 sic spitus secus dicitur datus sortes quod non plato nec aliquid aliud con
1333 339 2232 392 uenit vni eorum plusquam alteri. propter quod spitus scunus sic deno¬
1338 383 2231 438 minetur respectu sortes et non respectum plato. ⁋ Praeterea posset deus face¬
1338 419 2232 478 re duo corpora eiusdem rationis et omnino similia in eodem loco: et si
1342 466 2243 523 sit vnio materie ad formam alia entitas a materia erunt
1343 517 2231 564 ibi due vniones eiusdem rationis. Nam secundum istos in eadem. q. vnio
1337 555 2240 613 nes multiplicantur secundum fundamenta: et tamen constat quod vna ma¬
1338 593 2244 652 teria illarum erit sic informata per vnam illarum vnionum quod non
1343 644 2236 707 per aliam. nec tamen talis denominatio dicit aliquid vltra materiam
1331 684 2240 745 informantem et vnionem informantem: etiam secundum istum doctore:
1335 727 2240 781 nec etiam aliquid est in vna vnione plusquam in alia propter quod vna
1349 769 2241 823 materia magis debeat denominari informata respectu vnius
1343 815 2243 869 quam alterius. Eodem mo modo potest dici quod denominatio qua ista mate
1340 866 2240 914 ria denominatur vnita sue vnioni: nihil aliud ponit praeter ipsam.
1344 911 2240 961 et illam vnionem: cum materia non sit vnita sue vnioni per aliam
1337 946 2243 1003 vnionem praeuiam. Et tamen ita dicitur vnita sue vnioni quod non vnioni¬
1346 999 2258 1042 alterius materie. ⁋ Ad 2onum dicendum quod si maior fiat vniversalis est
1338 1034 2264 1087 falsa. sicut dictum est ad maiorem rationis. igitur. Ad auctoritas hyla.
1344 1078 2246 1130 dico quod hyla. vult dicere quod si aliquid nasceretur postquam erat
1341 1117 2234 1171 demutaretur nascendo. non quia acquireret aliquam relationem ab
1346 1166 2246 1220 omni absoluta entitate distinctam: sicut argumentum intendit
1337 1212 2243 1264 concludere: sed quia fieret ea mutaretur in aliquam substantiam
1343 1258 2240 1304 et essentiam: cum natiuitas sit subiectalis graedenatio. Unde si filius
1343 1296 2246 1346 dei (quod ibi vult hyla. negare fuisset antequam nasceretur) na¬
1352 1335 2249 1391 ceret postquam fuisset: cum ipse nihil habeat nisi natum: vt dicit
1337 1380 2249 1433 ibidem hyla. et ideo non tantum habet nascendo vt sit filius: sed vt
1338 1419 2264 1480 sit subiecta e omnino vt sit: vt dicit Augu. 5o de tri. sequitur quod ipse
1344 1470 2237 1519 non nasceretur: sed demutaretur secundum suam subiectam et essentiam na
1337 1513 2241 1571 scendo: et cum eadem esentia sit pater quo filius: etiam pater mu¬
1341 1556 2239 1612 taretur: mutata per nouam filii griesenationem subiecta eius: et sic etiam
1350 1607 2263 1652 patet ad auctoritas Ambro. ⁋ Ad primam auctoritas Aug. dicendum quod Aug.
1334 1641 2232 1691 illud appellat dici secundum accidens quod dicitur contingenter: et non necessari
1346 1691 2243 1740 de eo de quo dicitur: quod patet: quia statim ex hoc concludit in se¬
1341 1734 2263 1788 quenti capitulo quod deus non dicitur pater secundum accidens: nec etiam filius: quia
1340 1782 2240 1826 esse patre est illi incommutabile et eternum. et isto modo relatio
1332 1817 2240 1864 seu terminus relatiuus dicitur secundum accidens de creatura: quia contin
1350 1864 2246 1919 genter potest dici: et non dici de ea. Et puto quod mens Aug. fue¬
1344 1911 2246 1957 rit: quod omne quod in rebus creatis non dicitur secundum subiectam: siue dica¬
1337 1957 2247 2001 tur ad se siue relatiue ad aliam creaturam dicitur isto modo secundum
1344 1993 2240 2043 accidens. Sed ex hoc non concluditur quod relatio in re extra sit
1332 2043 2240 2095 accidens ad modum quo entitas alicui inherens: et per ipsius mu¬
1347 2088 2230 2134 tationem potens adesse et abesse dicitur accidens illius: quo in prin
1338 2119 2244 2173 illius capituli loquitur Aug. de accidente: et sicut etiam isti inten
1341 2165 2236 2221 dunt concludere. veruntmon in fine illius libri Aug. strictius loqui¬
1338 2209 2246 2260 tur de dici secundum accidens. cum dicit quod illud proprie dicitur secundum ac¬
1340 2252 2246 2307 cidens quod non incipit dici sine mutatione eius de quo dicitur:
1349 2297 2237 2351 sicut quedam relatiua in creaturis: non tamen omnia. vt ibi decla
1335 2345 2240 2396 rat de precio et arra. et sicut Ansel. de equalitate ea inequa
1344 2389 2263 2436 litate et similitudine et huiusmodi in monolis et habetur supra. Ex quo
1345 2427 2240 2479 manifeste colligitur secundum intentionem vtriusque quod non omnia talia
1338 2475 2235 2531 relatiua que contingenter praedicantur in creaturis significant
1343 2523 2245 2570 res distinctas inherentes pro quibus subiecta praedicationum
1337 2563 2238 2608 supponunt: quod est propositum nostrm: ac per hoc patet quod Aug. in ver¬
1348 2606 2234 2657 bis praeallegatis non intellexit dici secundum accidens illo modo. alioquin
1343 2648 2244 2704 quaelibet relatiua inciperent dici cum mutatione eorum de quibus
1349 2691 2252 2744 diceretur: et sic sibi contradicit Aug. ⁋ Ad alias omnes auctoritas eius
1337 2737 2246 2790 patet quid dicendum ex habitis in prima conclusione vbi manifeste patet
1351 2778 2263 2832 quod auctoritas ille sunt contra sic arguentes. ⁋ Ad auctoritas philosophi dicendum quod
1337 2829 2241 2869 accipiendo fundamentum pro re ipsa quam significat terminus abso
1334 2867 2236 2913 lutus: quod proprie dicitur fundamentum: sicut sumere isti videntur
1344 2902 2237 2964 ipsum vtique inquantum est illud quod significatur esse per nomen absolu¬
1344 2954 2228 3004 tum non est id quod est ad aliud: sed inquantum ipsum est id quod signi
1333 2996 2237 3046 ficatur esse per nomen relatiuum est id ipsum seu illud quod est ad
1339 3036 2231 3093 aliud. verbi gratia licet res que est pater non sit homo ad aliud: est
1337 3087 2250 3158 tamen pater ad aliud: et sic intendit philosophus: sicut patet in primo articulo
