2428 3552
377 283 1295 358 diuinitas communis patri et filio et spiriuisancto nullo modo distin
383 343 1287 403 guitur ex natura rei ab aliquo illorum: sic quod aliquid cum ipsa
381 387 1281 447 aliquo modo ponant in numerum seu sint due alique quaeuis
380 437 1298 483 entitates: siue ille appellentur formalitates siue modalita
381 476 1284 528 tes vel realitates aut quouis aliquo nomine censeantur. 2a quod
377 518 1298 567 deitas nullo modo distinguitur ex natura rei a proprietate personali:
384 561 1292 612 sic quod extra animam deitas et personalis proprietas sint alique due
374 607 1283 665 quaeuis entitates qualitercumque ille nominentur. 3a quod cuiuslibet
378 650 1282 707 persone nomen: et nomen diuinitatis vel diuine essentie de sei¬
377 701 1295 744 uicem praedicantur conuersim: et tamen nec a parte subiecti nec a
377 740 1277 792 parte praedicati semper est vtriusque ad reliquum bona consequentia. 4
374 779 1082 827 quod neutrius praedicatio de altero est formalis.
370 820 1292 881 ⁋ Pro declaratione priuae conclusionis primo praemitto quod de distinctio¬
394 869 1287 918 ne persone a deitate posset esse duplex imaginatio. vna quod per
389 916 1293 965 sona et deitas essent aliqua due entitates: quarum neutra esset pars:
380 961 1280 1006 aut aliquod extrinum alterius. Alia imaginatio posset esse: quod
386 1006 1289 1048 vna est intrinseca alteri scilicet deitas persone: et persona vltra ipsam
380 1042 1286 1096 deitatem includeret quamdam aliam entitatem per quam diceretur disti
389 1088 1285 1141 gui a deitate: sicut dicimus quod totum distinguitur a sua parte. 2o
392 1131 1293 1182 otra vtramque imaginatione pono primam conclusionem. Unde primo pro¬
386 1176 1284 1223 bo quod non sunt aliqua entitates distincte primo modo. ⁋ Et a.
380 1211 1295 1267 guo sic. quelibet persona diuina est essentia diuina: seu diui
381 1256 1290 1312 nitas: et essentia diuina est quelibet persona diuina. ergo nulla per
374 1302 1283 1349 sona diuina et diuinitas sunt isto modo distincte. Antecedens quo ad
379 1345 1292 1393 vtramque partem habetur ex determinatione ecclesie in illo ca¬
375 1392 1285 1436 Damnamus. vbi dicitur quod quedam summa res vna veraciter
374 1432 1289 1488 pater est et filius et.s scilicet simul tres persone ac sigillatim qualibet
392 1478 1279 1524 earundem. et hec est secunda pars antecedentis: et sequitur: et ideo solummo
375 1514 1296 1569 do est trinitas et non quaternitas: quia quelibet trium personarum
381 1559 1284 1608 est illa res. valet. subiecta essentia: seu diuina natura: et ex hoc patet
378 1602 1286 1656 prima pars antecedentis. Consequentia vero patet ex eo quod ex opposito com
377 1648 1286 1705 sequentis sequitur oppositum antecedentis. sequitur enim generaliter in omni
384 1690 1289 1745 bus. hoc et hoc sunt distincte entitates. ergo hoc non est illud
393 1734 1286 1781 ⁋ 2o si persona diuina et essentia essent distincte entitates me
381 1774 1299 1825 do praedicto. in deo esset quaternitas: quam ioachim imponebat
387 1821 1287 1876 magistro Petro lombardo: et quam in deo esse negat in vet
384 1861 1284 1913 bis pallegatis concilium. patet consequentia. Nam ibi esset quedam res 6
374 1906 1291 1959 non esset pater nec filius nec spiritus scunus: et praeter illam essent tres
377 1948 1286 2005 persone: et hoc est quaternitas: quam ioachim imponebat magistro
379 2003 1292 2044 vt patet in praeallegato capitulo hac autem dicit ecclesia non esse in deo:
375 2038 1289 2082 qui quaelibet trium personarum est illa vna res: innuens manifeste
389 2083 1299 2135 quod si non quelibet esset illa res: vtique ibi esset quaternitas: quia si
380 2128 1293 2178 non quaelibet esset illa res. nulla esset illa res: cum in hoc vna sit
381 2169 1284 2223 de omnibus ratio: et si nulla esset illa res. ibi essent quatuor: quorum
385 2211 1284 2257 nullum esset aliquod aliorum trium. ⁋ 3o sequitur quod nulla persona
391 2252 1290 2299 esset deus: vel essent quatuor dii. consequens est expresse hereticum. Com
374 2297 1289 2354 sequentia patet: quia nulla persona esset illa deitas communis: nec illa
393 2341 1289 2393 essentia esset (vt dicitur) aliquid intrinum alicui persone. cum non esset
384 2384 1292 2436 forma informans aliquam personam: cum hoc repugnet deitati. cum
392 2426 1286 2483 ergo deus non dicatur de aliquo relatiue sed ad se (sequitur quod pater
381 2475 1290 2523 vel non esset deus: vel esset deus aliqua deitate alia ab illa commu
374 2517 1297 2562 ni. et eodem modo filius et s scilicet esset aliqua propria deitate deus et
378 2559 1287 2616 sic essent quatuor deitates: tres proprie et vna communis: et per consequens
393 2603 1289 2652 quatuor dii. ⁋ 2o probo quod persona non distinguitur ab essentia 2o
383 2646 1283 2691 modo: tum quia persona non esset essentia seu deitas: cum nullum inclu
376 2692 1289 2741 dens plura sit aliquid illorum: vnde et si posset dici quod in personis esset
383 2732 1290 2782 deitas: non tamen vere diceretur quod persone essent deitas: hoc autem est fal¬
384 2773 1293 2822 sum: vt patet per Danmeni. libro primo qui cum dixisset cum respeximus ad ea
378 2818 1290 2868 in quibus est diuinitas loquens de ipsis personis: volens osten
378 2866 1275 2917 dere hoc non proprie dici. corrigendo quasi dictum immediate: ad
380 2912 1284 2960 dit vel quod dictu certius dicamus quae sunt diuinitas. hoc est ad
383 2952 1277 3002 tres ypostases etc. patet etiam quod illud sit falsum per allegatam Decre
374 2993 1281 3043 talem. tum quia persona non esset simplex et alia plura inconuenier
383 3039 1293 3089 tia sequerentur: sicut ostensum est di 26. q. 3. ⁋ 2am conclusionem valet quod pro¬
374 3083 1286 3154 prietas personalis et essentia non sunt distincte ex natura rei. probo
1352 282 2262 352 qui si sic oporteret quod hoc intelligatur de proprietate primo vel
1352 337 2265 395 2o modo accepta: supra. distintio 6. Quia 3o modo sumpta proprietas perso
1340 379 2261 432 nalis non est aliqua entitas: et per consequens non est ab aliqui entitate di¬
1349 424 2267 478 stincta. Si vero accipiatur primo mod scilicet pro ipsa persona patet ex praeceden¬
1343 467 2271 522 ti conclusione quod non est distincta ab essentia. Si autem accipiatur 2o
1359 509 2270 560 mod scilicet pro aliquo intrinseco persone sibi proprio: qualecumque il
1358 556 2264 609 lud imaginet quis in persona distinctum a commni essentia personarum:
1350 598 2261 648 et qualitercumque illud vocetur. patet etiam quod non sit aliquid tale ex di¬
1349 644 2266 694 ctis in illa. 26. dicit. Et pro nunc etiam probo quod nihil tale sit in
1344 684 2267 748 persona divina cogitandum: quia si aliquid tale esset ibi cogitam
1355 730 2268 784 dum: hoc non esset: nisi quia non videtur aliter quod vna persona pos¬
1353 774 2267 825 set distingui ab alia: supposita vnitate essentie earum: sed propter
1344 817 2261 871 hoc non oportet illud sic esse. Probo: quia si sit talis proprietas in
1355 865 2252 915 persona distincta ab essentia: siue illa proprie tas dicatur forma
1343 904 2271 957 litas siue modalitas: aut aliter quoncumque nominetur: quero
1355 952 2265 997 aut ipsa et essentia sint aliqua vna entitas qui sit sigillatim tam
1346 992 2262 1043 hec quam illa: aut non. si non. ergo cum hoc et illa simul sint persona: et econ¬
1353 1033 2257 1084 uerso persona sit hoc et illa coniuncta. si nulla vna entitas est si¬
1352 1082 2262 1135 gillatim vtraque earum: sequitur necessario quod persona non sit vere sim¬
1350 1121 2264 1178 plex: quod est erroneum. Consequentia patet: quia nulla entitas in¬
1359 1164 2255 1215 cludens aliqua quorum nullum est ipsa: aut aliqua entitas qua
1352 1208 2256 1257 sit quodlibet illorum sigillatim: sed quodlibet est ipsius et omnia simu
1356 1251 2271 1307 sunt: ipsa est entitas simplex. ista patet ex diffinitione expri
1356 1296 2257 1345 mente quid significat hoc vocabulum simplex. et. supra distinctionem qo
1359 1337 2267 1384 prima est declarata. Nunc autem si nulla vna entitas esset sigil¬
1359 1385 2256 1436 latim tam essentia ipsa communis quam proprietas. ergo vel persona non
1349 1435 2258 1480 esset aliqua vna entitas: et per consequens nec aliqua entitas simplex
1346 1474 2258 1519 vel persona non esset tam hoc quam illa sigillatim. esset autem secundum ypo
1349 1517 2264 1560 thesim hoc et illa communiunctim: et quaelibet esset aliquid eius: et ambe
1355 1558 2264 1604 simul essent ipsa: et per consequens ipsa non esset entitas simplex.
1347 1599 2267 1655 Si vero essentia communis et proprietas sunt aliqua vna entitas quae
1349 1644 2258 1694 sigillatim est vtraque illarum. Quero an ab illa entitate pro¬
1355 1685 2271 1739 prietas ipsa sit aliquo modo distincta vel non: si sic: tunc de il
1355 1733 2268 1785 la entitate et de ipsa propri tate adhuc queratur: et sic vel opor
1359 1776 2256 1830 tebit deuenire ad aliquam entitatem persone: quae non est aliqua enti
1343 1820 2255 1866 tas vna: quae sit tam ipsa quam alia: a qua distinguitur sigillatim
1343 1867 2258 1914 et sic tollitur persone simplicitas. vel erit processus in infinitum
1361 1909 2257 1956 vel vltimo deueniet ad aliquam quae erit aliqua talis entitas: qua
1346 1950 2253 2005 erit ipsa: et illa a qua ipsa distinguitur sigillatim: et tamen in
1349 1993 2253 2043 ter ipsam et illam nulla penitus erit distinctio. Ex quo sequi
1344 2039 2264 2091 tur quod non est impossibile aliqua abinuicem distincta esse aliquam¬
1352 2081 2255 2133 vnam entitatem: a qua nullum ipsorum modo aliquo distinguatur:
1346 2122 2249 2168 et ita in principio potuit: et poni post quod persone diuine vere sint in
1353 2168 2264 2217 ter se distincte: et tamen hec sint vna entitas: et essentia vni¬
1356 2211 2262 2261 ca et simplex a qua nulla earum ex natura rei modo aliquo
1347 2256 2262 2305 distinguatur. ⁋ Tertia conclusio quantum ad primam partem ( valet quod
1344 2299 2256 2352 nomina personarum et diuinitatis de se conuersim praedicentur.
1346 2344 2255 2393 patet per Decretalem allegatam in prima ratione prime conclusionis. Quan
1347 2386 2258 2436 tum ad 2m c scilicet quod inter ipsa non semper sit vtriusque ad reliquum
1341 2430 2268 2478 bona consequentia) probatur. primo quod non a parte subiecti: quoniam non se¬
1348 2474 2254 2525 quitur. esentia est filius. ergo pater est filius: nec est sequitur. pa
1352 2524 2260 2578 generat. ergo essentia generat. vtrobique enim antecedens est verum: et consequens sfilibet
1349 2560 2252 2612 Et sic patet: quod nedum vtrumque ad reliquum: sed neutrum ad alterum
1341 2602 2258 2651 sequitur a parte subiecti respectum cuiuslibet praedicati. Quiaet non respectum
1357 2649 2253 2697 cuiuslibet subiecti vtriusque ad reliquum sit bona consequentia patet na non
1350 2692 2271 2744 sequitur: filius est essentia ergo filius est plaiter: quamuis econverso equeretur: sed antecedens esset fal
1352 2735 2271 2785 sum. Ratio autem quare sic sequitur et non econverso est propter ipsius essen¬
1352 2779 2264 2823 tie communitatem: quia quamuis non sit nisi vnica singularis essentia:
1350 2822 2259 2876 sicut et vnicus pater: non tamen omne quod est essentia est pliter: sict omne quod
1342 2867 2264 2917 est parer est essentia: et loquor de patre et essentia in diuinis
1353 2909 2287 2959 praecise. ⁋ 4am conclusionem. valet quod neutrius praedicatio de altero ergo
1343 2954 2261 3005 est formalis: et intelligo per praedicationem formale. iuxta modernum mo¬
1356 2993 2258 3048 dum loquendi: eam qui est in primo modo dicendi per se. ⁋ Probo. et primo quod
1349 3041 2255 3086 hoc non sit formalis. pater est diuinitas: quia nullius abstracti mere
1344 3082 2261 3147 absoluti de aliquo per se relatiuo praedicatio in recto est for¬
