2445 3522
174 272 1068 344 vtique nondum erant dum disponerentur vt fierent. et addit
171 319 1076 381 immediate quod iuuat propositum: nec intra se ista cernebat sicut
164 373 1071 423 omnino cernimus fantasias corporum que non praesto sunt oculis
181 408 1074 475 Ex quo innuit quod non abstractiue seu per aliquod medium ista
174 453 1065 513 cernebat. et concludit. quo ergo modo nisi eo quo solus potest et
183 500 1068 555 hoc est verum: quia solus potest intuitiue non existentia cernere.
176 539 1060 600 ⁋ Ad 2m dicendum: quod Aug. non vult aliud: nisi quod nihil aliud
163 586 1059 644 a patre est sibi ratio vel causa aut medium videndi. que videt
171 622 1067 690 sed ipse est sua noticia et omnium aliorum. et eodem modo intelligen¬
164 673 1069 736 dum est: quod deus omnia videt in essentia sua. quia scilicet ipsa sua een¬
158 715 1061 767 tia est noticia quorumcumque: nec aliquod aliud praeter ipsam est si
158 751 1066 817 bi necessarium ad intelligendum. Quod vero additur de relucen¬
168 797 1058 858 tia et representatione essentie divine: si intelligitur quod essentia repraesentes
160 841 1070 899 intellectui divino: sic quod eius intellectio immediate feratur in
164 893 1056 943 essentiam. et mediate in repraesentata: sicut in nobis: cum aliqua
165 930 1062 995 absentia in eorum speciebus cognoscimus. dictum illud vtique
161 969 1068 1036 falsum est. Nam cum intellectus diuinus et intellectio¬
151 1026 1063 1075 et essentia sint penitus indistincta et eadem omnibus modis: quaelibet
163 1063 1059 1117 essentia est eadem esentie. et intellectio intellectioni. non mi¬
168 1102 1062 1161 nus omnia repraesentantur in intellectione quam in essentia. nec essentia
156 1147 1056 1207 magis representat intellectui quam intellectus essentie. immo proprie
161 1187 1058 1245 loquendo nec essentia representat intellectui: nec intellectus essen¬
159 1236 1057 1292 tie: nec intellectio fertur in creaturas mediante essentia nec
161 1275 1058 1335 econverso sed tam essentia quam intellectus: et est intellectio immedia
162 1321 1058 1377 te sui et onium aliorum. ⁋ Si vero intelligatur quod essentia divina
159 1360 1056 1427 sit repraesentatiua creaturarum respectu intellectus creati: dictum
159 1405 1052 1463 illud verum est: et eodem modo ipsa intellectio divina est est repraesenta
156 1452 1061 1510 tiua ita quod in ea velut in specie potest intellectus creatus alia
149 1489 1056 1556 cognoscere. Aduertendum autem: quod noticia intuitiua sic ac¬
160 1534 1054 1602 cepta: vt nunc in solutione huius dubii sumo: non in plus se
165 1579 1060 1640 habet quam scientia visionis iuxta vnam acceptionem scientie dei:
165 1622 1058 1675 de qua infra distinct on qo. dicetur: et conuertibiliter se habet cum scientia sim¬
164 1668 1057 1726 plicis noticie. hoc est quod iste terminus et ille vniversaliter conuertuntur.
162 1714 1057 1773 ⁋ Ad argumentum principale respondendum est negando antecedens pro¬
164 1760 1075 1815 pter illam partem: omne quod intelligit aliud a se patitur ab illo: nec
156 1805 1071 1858 ratio valet. quia libet sic esset in nobis: non tamen sic estimandum est de
153 1839 1071 1900 deo. neque hoc sequitur sicut nec in deo dicimus intellectionem
153 1886 942 1941 distingui ab intellectu: cum tamen distinguatur in nobis.
169 1926 1072 1986 ⁋ Distinctionis. XXXII. Questio. I
406 1976 1060 2065 Uper distinctionem. 3. in qua maginm
557 2017 1075 2068 tractat de praescientia dei respectu
404 2064 1060 2114 rerum enunciabilium futurorum. Quero primo
392 2104 1059 2161 vtrum aliqua enunciatio singularis de inesse ca¬
389 2143 1060 2210 thegorica de futuro in materia contingenti ad
380 2188 1057 2254 svtrulibet sit vera. ⁋ Et arguo: quod non. quia si ali
398 2241 1060 2291 qua talis esset vera sequeretur per naturam contradictorio
149 2273 1052 2334 rum quod sua contradictoria esset falsa. sed hoc non est verum. cum contingens
152 2317 1055 2371 ad vtrumlibet non sit plus determinatum ad esse quam ad non esse: alio
141 2366 1056 2421 quin non esset contingens ad vtrumlibet: nec est possibile vnam partem contradictio
139 2413 1055 2457 nis esse veram determinate: et aliam determinate falsam. cum
151 2448 1051 2507 non sit potior ratio quod vna sit vera quam quod reliqua. ⁋ 2o si aliqua
154 2497 1060 2549 talis propositio esset vera. ergo vel esset necessaria vel contingens.
146 2540 1056 2590 non necessaria: quia tunc illud futurum necessario eueniret. et sic non esset
154 2582 1053 2635 ad vtrumlibet. nec contingens. quia tunc posset esse non vera. et si sic vel
154 2626 1046 2675 posset esse non vera ante positionem illius futuri in esse. quod enun¬
153 2671 1050 2732 ciat vel non ante: sed tamen post. ⁋ Si 2o modo sequitur sicut prius quod illud
145 2708 1038 2773 necessario ponetur in esse et non contingenter. primum aut non potest dici: quia eugo
153 2750 1056 2810 ratione in aliquo instanti vel tempore ante positionem illius in esse
153 2793 1048 2858 ipsa est vera: eadem ratione et in quolibet antequam illud ponatur et
155 2843 1056 2902 per consequens necesse est ipsam esse veram toto tempore praecedente esse illius.
151 2887 1057 2937 ac per hoc illud necessario eueniret. ⁋ Assumpta consequentia patet. quia sicut
146 2927 1045 2983 omne quod est quando est necesse est esse: vt dicit. P. sic omne quod est verum. quando
145 2972 1053 3025 est verum. necesse est esse verum. Unde ex eodem posset argui aliter sic.
148 3012 1044 3064 si talis propositio nunc est vera. ergo suum enunciabile nunc est futurum:
143 3062 1048 3129 et vltra. ergo nunc necessario est futurum pia consequentia est euidens. Et 2a sic pro¬
1125 290 2029 361 batur. quia sicut omne quod est quando est necesse est esse: ita omne quod est futurum
1137 339 2020 406 quando est futurum. necesse est esse futurum. et si necesse est esse futurum necessario
1123 387 2017 445 eueniet. ⁋ 3o idem probatur auctoritate philosophi primo pryarme. vbi
1127 431 1863 486 expresse determinatur quod nulla talis propositio est vera.
1110 472 2031 566 Ad oppositum arguo sic. si nulla huiusmodi propositio
1532 524 2020 579 est vera igitur quelibet est fal¬
1124 555 2025 621 sa. ergo cuiuslibet contradictoria est vera: ergo aliqua est vera. ergo de primo ad vlti¬
1128 605 2028 658 mum: si nulla est vera aliqua est vera. et sic contradictoria simul sunt vera. quod
1124 641 2017 705 est impossibile pria consequentia probatur. quia omnis enunciatio est oratio in qua est verum vel
1120 685 2019 755 falsum. vt patet ex eius diffinitione primo pryarmenias. et 2a consequentia patet
1130 737 1885 792 per legem contradictoriarum. reliqua consequentie sunt ex se note.
1108 778 2031 865 In hac quaestione erunt articuli tres. Nam quia inter ali¬
1490 832 2033 881 quos est controuersia: quid circa hoc quasi
1118 859 2017 925 tum fuerit opinatus philosophus. ⁋ Primo ostendam quae fuit eius opinio quod
1124 901 2026 967 etiam tangit tertium argumentum. 2o videbitur quid secundum veritatem
1124 946 2016 1006 tenendum sit de quasito. ⁋ 3o quia de contingenti principaliter inquiri¬
1121 991 2024 1051 tur videbitur quando continges est contingens: an scilicet quando est aut quando non
1118 1030 2021 1098 est. et simul cum hoc de veritate illius propositionis philosophi.
1119 1078 1620 1135 assumpte in tertio argumento.
1106 1121 2032 1208 Quantum ad primum sciendum: quod philosophus tractans in primo pyar.
1374 1173 2017 1227 de enunciationibus contradictoriis: et ostedens
1130 1204 2010 1270 qualiter se habent adinuicem secundum veritatem et falsitatem: determinat: quod cuius¬
1121 1249 2020 1314 libet contradictionis siue sit propositionum quarum vna est vniversalis et alia
1113 1295 2020 1355 particularis: siue propositionum singularium de praesenti vel de pre
1122 1343 2018 1396 terito. vna pars est determinate vera et altera determinate falsa.
1128 1383 2011 1437 ⁋ Sed non est sic de quibuslibet propositionibus contradictoriis de fu¬
1122 1430 2016 1487 turo singularibus. quia non de illis quae sunt circa futura contingen
1125 1471 2013 1533 tia ad vtrumlibet. Unde quantum ad hoc poesit ipse duas conclusiones. ⁋ Qua
1128 1517 2010 1570 rum. Prima est: quod non omnis propositio singularis de futuro ca
1115 1554 2011 1608 thegorica et de inesse de simplici praedicato affirmatiua vel
1122 1603 2020 1651 negatiua est vera vel falsa. ita quod non cuiuslibet contradictionis de fu¬
1112 1648 2019 1700 turo hec pars determinate est vera vel illa: et similiter nec ista de¬
1121 1687 2020 1747 terminate vel illa est falsa. quia non contradictionis de futuro con
1116 1729 2026 1789 tingenti ad vtrumlibet. verbi gratia. huius contradictonis. antichristus erit.
1118 1778 2020 1825 antichristus non erit. nec hec pars determinate antichristus erit est vera.
1130 1813 2019 1874 vel falsa. nec hec pars determinate antichristus non erit est va vel
1127 1854 2019 1914 falsa. ⁋ Et intelligendum est dictum philosophi de propositionibus singu¬
1118 1898 2025 1965 laribus quarum subiecta sunt simplius videlibet vel pronomia de¬
1111 1947 2019 2007 monstratiua praecise: vt hoc. istud vel illud. vel nominia propria.
1121 1987 2015 2040 vt Plato ea antichristus. Nam habentium subiecta composita mul
1120 2032 2021 2086 te sunt false. et opposite sunt vere. vbi gratia. si demonstretur vnus
1120 2070 2010 2137 ethiops. et dicatur hoc album disputabit cras: constat ipsam esse fal
1124 2115 2016 2172 sam: et eius oppositam scilicet hanc. hoc album non disputabit cras. esse
1131 2159 2024 2213 veram. eodem demonstrato. similiter si ethyops quidam vocetur Plato.
1124 2204 2004 2265 hec determinate est falsa. plato albus disputabit cras. et eis
1127 2254 2019 2307 oppositia est vera: sumpto hoc nomine Plato vtrobique pro ethiope illo.
1125 2288 1999 2337 ⁋ 2a conclusio P. est: quod licet neutra talium determinate vera sit. non tamen
1121 2338 2017 2397 positio singularis negatiua de copulato praedicato ex praedi¬
1113 2381 2007 2432 catis illarum ambarum est vera. verbi gratia. quamuis nec hec sit vera ant
1116 2418 2003 2472 christus erit. nec ista antichristus non erit. ista tamen non est vera antichristus ne
1122 2463 2014 2527 que erit neque non erit. quod tamen posset aliquibus apparere sequi ex prim¬
1112 2511 2019 2563 ⁋ Primam conclusionem sic intellectam probat. P. dupiter. Primo sic.
1112 2550 2020 2609 si omnis it inquit ipse.) affirmatio vel negatio vera vel falsa est:
1115 2598 2007 2648 et omne necesse est esse vel non esse. hanc consequentia probat dupliciter. Pri¬
1119 2642 2011 2693 ma probatio in hoc fundatur quod semper veritatem propositiois concomitatur esse
1112 2684 2018 2741 rei: ita quod seper sic est vel non est: sic propositio enunciat si est vera: quaecumque
1117 2725 2014 2774 propositio sit illa. et econverso esse rei concomitatur veritas propositionis enuncian¬
1106 2775 2011 2830 tis sicut est non esse autem rei sequitur falsitas propositionis et econverso Unde ait:
1107 2814 2001 2865 quoniam si verum est dicere. quoniam est album vel non est album: necesse est
1115 2862 2012 2911 album vel non album esse. et si est album vel non est album. verum
1110 2897 2008 2952 est affirmare vel negare. et si non est mentitur supple affirmans. et
1113 2939 2032 3004 si mentitur: non est. Unde Boetius exponens ait sic. quod de futuro
1104 2992 2001 3040 possit esse iudicium: a praesentibus trahit exemplum. ait enim hanc esse
1106 3035 2016 3086 rerum consequentia: vt rem subsistentem propositionis veritas consequatur. veritatem
1112 3077 2003 3148 propositionis rei de qua loquitur propositio essentia concomitatur. ⁋ Et
