2435 3555
340 288 1246 354 pro quo enunciat aliquid fore vel non fore. hoc patet quia si pro¬
341 337 1239 401 quocumque instanti ante illud pro quo enunciat aliqua talis pro
335 378 1251 443 positio sit vera: sequitur quod numque prius fuit falsa: sed si fuit quando
350 421 1253 478 cumque fuit: fuit vera. et si pro aliquo instanti ante illud poni¬
341 464 1252 527 tur esse falsa. consequens est quod numquam antea fuit vera: sed si fuit quaesdo¬
338 509 1254 566 cumque fuit: fuit falsa. et ista patent ex secunda conclusione.
346 550 1251 614 ⁋ Dctaua propositio est quod si illa propositio dicatur mu¬
350 602 1249 652 tabiliter vera que potest mutari de veritate in falsitatem
342 637 1250 695 seu magis proprie loquendo que potest esse vera et falsa
341 681 1252 743 successiue: sic quod aliquando verum sit dicere de ipsa. hec est
347 727 1249 784 falsa: et prius fuit vera. illa vero dicatur immutabiliter vera que non
347 770 1242 831 sic mutari potest. et simpliciter falsa dicatur immutabiliter falsa in eo
341 809 1263 873 dem sensu: quelibet propositio talium affirmatiua vera est
344 856 1261 917 simpliciter loquendo mutabiliter vera: et quelibet negatiua falsa:
351 903 1242 957 est mutabiliter falsa: affirmatiua vero falsa est immutabiliter fal¬
341 944 1250 999 sa. et negatiua vera est immutabiliter vera. Et patet ex sexta conclusione. Non
342 988 1254 1046 simpliciter autem loquendo: sed cum determinatione scilicet quod sit vera vel
345 1029 1253 1086 falsa mutabiliter ante illud instans pro quo enuciat. idest
347 1079 1265 1138 quod possit esse successiue vera et falsa. aut falsa et vera ante
338 1123 1262 1178 instans illud. Sic enim dico quod nulla est mutabiliter vera:
342 1161 1264 1221 vel falsa sed quelibet vera est immutabiliter vera. et quelibet falsa immu
350 1206 1258 1266 tabiliter falsa. et totum patet ex septima conclusione. ⁋ Ex praedictis etiam
344 1250 1261 1315 patet. quo tales propositiones possunt incipere esse vere vel false: et quo
352 1301 1266 1355 non possunt. Nam sic aliqua propositio potest vel non potest esse vera postquam fu¬
350 1341 1260 1395 it non vera. aut falsa. postquam fuit non falsa. sic potest incipere esse
351 1382 1258 1433 vera vel falsa. affirmatiua autem potest esse falsa postquam fuit non
351 1423 1269 1484 falsa. quia potest esse falsa postquam fuit vera. vt patet ex sexta conclusione. ergo
353 1469 1264 1530 potest incipere esse falsa. et quia non potest esse vera. postquam fuit non ve¬
356 1511 1263 1569 ra: vt ibidem patet. ideo non potest incipere esse vera. Et simili modo probatur.
350 1555 1267 1617 quod negatiua potest incipere esse vera. et non potest incipere esse falsa.
359 1604 1259 1657 Et aduerte. quod proprie non dicitur propositio incipere esse vera ex hoc praecise
361 1649 1266 1706 quod ipsa est vera: et non fuit prius vera. quia si nunquam ipsa fuit prius.
357 1687 1264 1742 et modo sit: et sit vera. verum est quod ipsa est vera. et nunquam prius fuit
359 1734 1272 1786 vera. nec tamen quaelibet talis proprie dicitur incipere esse vera: sed illa tantum
350 1774 1261 1828 quae prius fuit non vera: aut si fuisset: fuisset non vera. alioquin quae
351 1822 1275 1877 li et propositio vera nouiter formata diceretur incipere esse vera.
363 1865 1270 1915 et sic vna propositio geometrica inciperet esse vera. quod tamen in communi vsu
356 1906 1261 1959 loquendi absurdum diceretur. Quia vero ante instans vel tempus fu
366 1952 1266 2008 turum pro quo enunciat propositio nulla talis potest esse falsa. postquam fu
365 1999 1281 2053 it non falsa. aut vera. postquam fuit non vera. vt patet ex 7a conclusione:
367 2039 1273 2090 patet quod nulla potest ante illud instans vel tempus incipere esse vera vel
365 2081 1278 2138 incipere esse falsa. ⁋ Sed contra potest argui. sumendo aliquam¬
371 2126 1269 2177 t ale propositionem et sit gratia exempli b. sic. b. non est vera: et potest
368 2173 1266 2223 tante instans pro quo enunciat esse vera. ergo b. potest ante
374 2212 1275 2267 llud instans incipere esse vera. Antecedens patet ex 3a conclusione. et consequentia taet:
359 2256 1264 2310 ex eo quod in aestete includitur vtraque exponens consequentis. ⁋ Et pos¬
365 2307 1268 2351 set sic confirmari consequentia. nam sequitur. b. non est vera. et erit ante
359 2350 1272 2400 illud instans vera. ergo b. ante illud instans incipit vel incipiet
356 2387 1275 2442 esse vera. ergo eodem modo sequitur. b. non est vera etc. ergo potest incipere etc.
356 2429 1269 2482 ⁋ Respono ad primum concedo antecedens posito quod b. sit propositio falsa. et
355 2485 1272 2530 nego consequentia. et est ratio quia esto quod iste essent exponentes consequentis
360 2527 1278 2573 qui tamen illud verbum potest non praecedit in antecedente nisi alteram earum: et
369 2564 1274 2614 in consequente praecedit illum infinitiuum incipere. et per consequens equiualet
371 2606 1273 2657 vtramque e xponentem consequentis: ideo per antecedens non denotatur quod copulati
368 2648 1266 2710 ua de inesse composita ex illis exponentibus possit esse vera ante illi
368 2693 1275 2751 instans: sed solum denotatur quod vna illarum scilicet hec. b. est vera. sit pos¬
351 2736 1275 2788 sibilis ante illud instans. sed in consequente denotatur quod tota copula¬
359 2788 1278 2833 tiua possit esse vera ante illud instans. et ideo consequentia non valet.
367 2824 1271 2879 ⁋ Et per idem patet ad secundum quod prima consequentia cuius antecedens et consequens sunt
360 2876 1274 2920 mere de inesse est bona. quamuis antecedens includat incompossibilia.
362 2912 1266 2963 Unde secunda consequentia non valet nec sequitur ex prima propter causam dictam
369 2952 1272 3001 sed bene sequitur: possibile est quod b. non sit vera: et erit ante illud instans vera.
363 2999 1266 3055 ergo b. potest incipere etc. sic tamen quod antecedens sumeretur in sensu composito et
359 3040 1279 3100 denotaretur totam copulatiuam sequentem esse possibilem:
1304 268 1895 339 sed tunc tale antecedens est falsum.
1285 306 2247 423 Quantum ad tertium articulum in quo viden¬
1592 360 2228 423 dum est an contingens est contingens
1309 402 2224 470 quando est. vel quando non est: premitto quid intelligo¬
1325 447 2222 506 per hoc nomen contingens. Et dico iuxta sententiam philosophi.
1319 490 2226 552 primo priorum. quod idem quod per hanc orationem. possibile non necessarium. Nam
1307 535 2230 594 impossibile non dicimus contingere: neque etia necessarium nisi equiuoce vt
1304 575 2230 638 ibi dicit. P. Et ideo diffiniens contingens ait. Dico autem contingere
1318 620 2230 683 vel contingens quod cum non sit necessium posito inesse nihil erit per hoc
1313 665 2220 732 impossibile. Et quia possibile dicitur quo posito non sequitur impossibile. idem est hoc totum
1309 711 2224 769 dictu quod contingens est quod cum non sit necessium est possibile. Est ergo diffiniti
1321 751 2229 812 potingentis non necessirum possibile vel econverso possibile non necessium. sicut ergo aliquid
1310 797 2223 861 dicitur posse esse et non necesse esse aut posse non esse et non necesse
1303 841 2229 896 non esse: sic dicitur contingens esse vel contingens non esse. et non solum quando
1319 884 2221 942 est praedicatur secundum adiacens: sed etiam quando 3m qualecumque sit praedicatum
1320 932 2231 989 Et quia non necesse esse: et possibile non esse se consequuntur. ideo contingens
1321 973 2236 1034 quod est possibile esse et non necesse esse: est possibile esse et possibile non esse. ⁋ Et
1310 1017 2227 1086 hinc est: quod frequenter dicitur quod contingens est indeterminatum ad esse
1325 1061 2216 1126 et non esse. quod non debet intelligi de indeterminatione de inesse: vide¬
1316 1104 2229 1164 libet quod contingens non sit nec non sit. quia hoc est impossibile respectu cu¬
1325 1147 2229 1204 iuscumque praedicati: alias esset possibile quod duo contradictoria essent simul
1323 1192 2236 1249 falsa. Sed intelligendum est de indeterminatione de necessario
1313 1236 2224 1299 negatiue. valet quod non est necesse esse nec necesse non esse. vel de inde¬
1326 1279 2224 1336 terminatione de possibili affirmatiue. valet quod potest esse et potest
1322 1328 2232 1380 non esse: qui duo sensus sententialiter equipollent. ⁋ hoc praemisso patet
1318 1374 2235 1434 quod tunc contingens est contingens quando potest esse et potest non esse. ⁋ Ad vi¬
1328 1411 2223 1470 dendum ergo vtrum quando res est sit contingens esse: aut quando non est. viden
1322 1464 2226 1514 dum est vtrum quando res est possit non esse: an quando non est. hoc autem potest du
1327 1496 2239 1557 intelligi. Uno modo quod quando res est tunc sit in potentia vt in futuro non sit.
1325 1544 2233 1599 Alio modo quod tunc sit in potentia vt non sit tunc. et hoc adhuc dubiur. Uno modo
1328 1587 2232 1643 sic quod propositio enuncians ipsum non esse tunc potest esse vera in futuro.
1316 1629 2244 1688 Alio modo quod tunc sit possibile ipsam esse veram. vbi gratia. sit a. aliquod singu
1319 1676 2242 1737 lare actu existens nunc siue in instanti praesente: quod vocetur b. quod nunc
1317 1720 2236 1780 a. possit non esse potest intelligi 3. vno modo quod nunc a. potest in futuro
1327 1763 2234 1822 non esse. ita quod possibile est post nunc seu post instans b. hanc esse
1331 1805 2241 1874 veram. a. non est. Secundus sensus est quod nunc a. potest in futuro non esse
1334 1855 2247 1907 in isto instanti quod est b. ita quod possibile est quod post b. hec sit ve
1325 1892 2250 1951 ra. a. non est in b. Tertius sensus est quod nunc a. potest non esse nunc: aut
1336 1940 2243 1999 quod possibile sit hanc a. non esse: vel a. non est in b. esse nunc veram.
1328 1974 2235 2040 et eodem modo potest etiam 3a intelligi quod res que nunc non est potest esse.
1328 2024 2241 2083 ⁋ Secundum sensum primum articulus iste non habet difficultatem. Nam
1330 2068 2232 2123 certum est. quod potest sic probari breuiter. aliquid nunc est. quod non
1330 2113 2238 2166 impossibile est non esse. ergo aliquid nunc est quod nunc potest non esse. et vltra.
1324 2154 2242 2222 ergo aliquid quando est potest non esse. Et eodem modo potest argui quod aliquid quando
1328 2199 2244 2255 non est) potest esse. quia aliquid nunc non est: quod non est impossibile esse etc.
1337 2243 2245 2303 Antecedens primum patet. quia multa sunt singularia et corruptibilia et an¬
1322 2289 2244 2345 nihilabilia. et per consequens non impossibilia non esse. que tamen nunc
1330 2327 2238 2391 actu sunt in rerum natura. et consequentie sunt satis euidentes. ⁋ Praetere
1328 2375 2252 2436 si hoc non sit verum sequitur quod nihil sit possibile non esse nisi
1334 2424 2243 2477 quando non est. nec aliquid possibile esse nisi quando est. sicut opinati sunt
1339 2464 2250 2520 megarici: quorum opiniones. P. reprobat. 9. meta. sic enim. vt
1336 2507 2249 2568 dicit ibi. P. sequitur quod habens visum non potest videre nisi quando
1339 2550 2249 2606 actu videt. nec edificator potest edificare nisi quando actu edifi
1339 2594 2246 2656 cat: nec aliquid quod non fit potest fieri: aut quod non mouetur moueri.
1336 2643 2252 2695 et generaliter tollitur omnis possibilitas generationis vel corruptionis
1339 2683 2255 2738 vel noue mutatonis in entibus qua omnia sunt absurda. ⁋ Sed
1330 2724 2260 2788 contra hoc potest argui. quia si aliquid quando est potest non esse. ergo quando aliquid potest
1339 2771 2243 2822 esse: potest non esse: et vltra. ergo aliquid simul et semel potest esse et non esse. consequentis
1337 2813 2256 2875 prima patet: quia quando aliquid est potest esse. 2a patet: quia idem
1339 2857 2241 2913 est dictu. quando potest esse potest non esse et simul et se
1340 2900 2269 2959 mel potest esse et non esse. ⁋ Ad hoc dicunt aliqui argu¬
1334 2952 2249 2999 mentationem esse necessariam: et concedunt consequens
1347 2986 2240 3051 quod dicunt esse verum. licet non in sensu composito
1343 3029 2250 3095 quia impossibile est quod idem simul sit et non sit. ⁋ Sed.
