2427 3546
376 263 1293 317 ⁋ Alio modo potest concipi vel intelligi hoc esse possibile in
372 316 1274 370 sensu diuiso: et hoc adhuc dupliciter. Uno modo quod aliqua res euot
387 358 1284 403 est in aliquo instanti dato possit iam posita inesse desinere esse
371 398 1277 445 et de esse transmutari in non esse in eodem dato instanti: et quod propo
378 443 1270 491 sitio enuncians ipsam esse desinat esse vera: et de vera fiat fal¬
371 487 1278 539 sa: sic quod in illo instanti ipsa sit falsa: et econverso sua opposita desi
378 535 1287 578 nat esse falsa: et fiat vera: et ille sensus est est impossibilis: quoniam talis
371 578 1281 628 transmutatio et successio non est possibilis in instanti. ⁋ Alio
370 619 1278 666 modo: quod absolute et simpliciter quod possibile est istam rem non tunc esse
383 665 1277 712 et non poni per suam causam in esse et propositionem enunciantem istam
375 706 1284 756 non esse esse in illo instanti veram. Et ille sensus verus est: et ni¬
374 747 1274 795 hil inconuenientis includit. ⁋ Tunc ad rationes. Ad primam con
365 792 1282 847 cessa pro nunc ista suppositione quamuis oppositum aliqui et ma¬
374 836 1280 888 gni doctores tenuerunt est theologi. ⁋ Dico quod si voluntas
374 876 1281 927 vult aliquid in instanti b. postea seper erit hec vera: voluntas vo¬
363 923 1284 965 luit hoc in instanti b. ita quod ista consequentia nunc est necessaria. volun¬
369 969 1284 1019 tas vult hoc in b. ergo post b. semper hec erit vera si formetur volun¬
369 1015 1284 1062 tas voluit hoc in b. Sed dico: quod antecedens est contingens: et potest non esse
365 1054 1277 1105 verum etiam in instanti b. vt probatum est: et si ponatur ipsum non esse
380 1101 1278 1150 verum in b. sicut est possibile iuxta tertium sensum praemissum ista vo
368 1139 1278 1193 luntas voluit hoc in b. non erit vera post b. et per consequens nec necessaria
368 1189 1280 1231 nec eius opposita impossibilis. Si tamen ponatur antecedens verum in b. quia non
362 1229 1277 1279 est possibile quod cum hac suppositione eius oppositum sit verum
372 1271 1272 1326 in b. nec in primo nec in 2o sensu: ideo nec post b. ista erit possibilis: vo
374 1315 1251 1363 luntas non voluit hoc in b. Et vt dicit arguens per nullam potentia
365 1357 1266 1408 poterit vnquam fieri quod ista sit falsa in b. voluntas vult hoc in b
356 1403 1273 1449 sic enim sequeretur quod ipsa fuisset vera in b. et adhuc fuisset falsa
372 1444 1277 1498 in b. et per consequens eius opposita est fuisset vera in b. quod est impossibile. Et
365 1490 1281 1537 ita patet: quod hec ratio procedit contra primum sensum et 2o m: non autem contra 3m. Et
369 1532 1275 1577 re vera si dictus arguens velit loqui consequenter hoc ipsum haberet tene¬
365 1579 1281 1629 re. Nam in 2 scilicet quodli. q. 6. tenet quod angelus potuit mereri¬
368 1621 1275 1668 et demereri in primo instanti. Et ad hoc probandum in quadam ratione assu
366 1666 1271 1711 mit quod angelus potuit in primo instanti se libere conformare re¬
362 1709 1266 1763 cte rationi et non conformare. Et infra in soluendo quandam obiectio
365 1752 1266 1803 nem quae est quod actus non est imputabilis ad meritum vel demeri.
368 1794 1275 1845 tum. nisi fiat scienter et contingenter: ita quod possit oppositum elicere
360 1835 1270 1888 concedit vtramque conditionale esse necessariam ad actum merito
366 1885 1271 1938 rium: et dicit quod vtraque potest esse in instanti. Ex quibus euidenter patet:
365 1927 1278 1972 quod in illa. q. vult expresse quod angelus in illo instanti quo se con¬
356 1971 1263 2023 formauit recte rationi et habuit actum meritorium (si ita fuitu
360 1997 1278 2066 potuit se non conformare tunc: et habere tunc actum demeritorium
357 2058 1278 2112 et non habere demeritorium. ⁋ Praeterea ibidem dicit. quod deliberatio:
365 2100 1271 2143 vel perfecta cognitio: aut syllus practicus requisitus ad actum
359 2146 1266 2188 meritorium potest esse non solum in tempore et respectum actus futuri: sed est
353 2189 1267 2241 in instanti: et respectum actus qui elicitur in illo instanti: ex quo est
362 2229 1267 2282 patet: quod dictum est. ⁋ Ad 2m dicendum. quod intentio venerabilissimi
368 2270 1259 2322 hugo et magistri directe vadit contra secundum sensum. Nam potesta:
350 2314 1266 2364 nostri liberi arbitrii non est respectu eius: quod fuit (vt scilicet per nos
357 2360 1260 2411 fieri possit quod non fuerit) nec est respectum eius quod ia actu est: vt
356 2402 1260 2453 possimus facere ipsum quod actu est non esse in hoc instanti in quo est:
356 2449 1254 2502 quaeuis possemus facere ipsum in futuro non esse: sed non vadit contr
350 2492 1255 2540 tertium sensum: nec procedit eorum intentio: sicut statim patet conside¬
353 2539 1256 2592 ranti. ⁋ Ad 3m dicendum: quod simpliciter et absolute loquendo potest po
353 2582 1257 2626 ni in esse quod ista volitio non sit in illo instanti: quia possibile est quod eim
359 2629 1262 2680 causa non producat eam in illo instanti: et si ponatur tunc oppositum
356 2669 1268 2716 nec ponitur nec positum est: nec ipsa est in isto instanti: sicut nec
359 2708 1257 2760 ipsam producit sua causa: et sic non sequitur contradictio: sequitur aut si ips
356 2759 1261 2811 ponatur inesse et simul cum hoc esset possibile istam non tunc esse: ita quod hec pro¬
354 2799 1262 2856 positio enuncians istam non esse: potest esse tunc vera: quod ego non di¬
351 2843 1256 2893 co. ⁋ Ad 4m dico: quod ista dictio quando potest stare in dicta propositio
356 2885 1253 2935 ne aduerbialiter vel coniunctionaliter: ita quod equivalet huic communiun
347 2930 1262 2975 ctioni si. Nam vt dicit Bome. primo liro de sniluialis ypoteticis: ita potest
344 2975 1256 3026 fieri conditionalis cum hac conditione cum: sicut cum hac condi¬
345 3019 1260 3070 tione si. Unde ita est conditionalis ista: cum homo est. animalis
347 3063 1250 3132 est: sicut ista: si homo est. animal est. et sunt eiusdem potestatis vt
1346 261 2259 325 dicit: et idem iudicium potest esse de. quando sicut de cum. Si vero ly.
1340 312 2252 365 quando. stet ibi aduerbialiter vel ista propositio sumetur in sensu co¬
1356 349 2250 406 posito: et sic est vera. Nam per ipsam denotatur quod hec sit neces
1352 405 2252 450 saria. Smne quod est quando est est: et hoc est verum: licet non habeat
1350 439 2255 489 aliquam singularem necessariam praeter hanc deus vel homo cdmmon¬
1344 487 2250 534 strato eo quod est deus) est quando est. Nam quolibet alio demonstrato
1346 530 2248 577 singularis quaecumque est contingens. vebi gratia. ista hoc demonstra¬
1343 571 2256 620 to: petrus est quando est: est contingens. Nam petro non existente ipsa est fal¬
1350 616 2253 665 sa: et ita quaelibet alia. Uel ista propositio sumitur in sensu diui¬
1334 663 2259 710 so. Et hoc adhuc dupliciter contingit: quia vel ipsa est temporalis: et tunc
1344 706 2262 757 equivalet huic copulatiue: omne quod est aliquando est: et omne tale
1344 750 2253 801 tunc est necesse esse: et sic ipsa est falsa: sicut et secunda pars huius
1353 784 2262 842 copulatiue: quia nulla res praeter deum aliquando est necesse esse. Uel
1346 833 2243 887 potest esse de temporali extremo: et tunc vel de temporali subiecto: et sic tomo
1343 879 2261 927 hoc: omne quod est quando est erit subiectum: et reliquum erit praedicatum: quod
1340 925 2259 974 denotatur verificari de illo subiecto cum modo necessitatis: et sic
1344 966 2261 1018 etiam est falsa: quod patet arguendo sic: omne quod est quando est: necesse est
1334 1011 2259 1059 esse: sed petrus e quando est: ergo petrum necesse est esse: minor est vera.
1346 1059 2261 1109 ponatur quod petrus sit aliquis homo actu existens: et tamen conclusio est falsa: vel potest
1344 1102 2256 1152 esse de temporali praedicato: et tunc hoc tantum: quod est erit subiectum et
1334 1142 2273 1196 reliquum praedicatu: et sic adhuc dico quod est falsa: quamuis aliqui
1347 1183 2273 1238 dicant oppositum: sic arguendo. Sdene quod est necesse vel de ne ¬
1338 1225 2273 1281 cessitate est quando est: sed petrus est. ergo petrus de necessitate e
1343 1273 2273 1330 est quando est. que conclusio est falsa: et idem iudicium est si dicatur.
1332 1318 2238 1370 mne quod est de necessitate est quando est: quia tunc sequeretur. quod
1330 1368 2249 1414 petrus de necessitate esset quando est: et pariter erit falsa. Cuius
1331 1406 2246 1455 ratio est: quia cum ista sit singularis habens pro subiecto nomen
1339 1449 2246 1503 proprium precise si ipsa est vera in sensu diuiso: est etiam ve¬
1330 1493 2249 1546 ra in sensu composito: et per consequens hec erit necessaria. petrus
1340 1535 2251 1588 est quando est: sed constat quod hoc est falsum. Nam posito quod
1341 1579 2256 1634 peties non sit: sicut est possibile: tunc ipsa erit falsa. Nam se¬
1338 1624 2251 1678 quitur. petrus est quando est. ergo petrus est aliquando. et vltra. ergo petrus est. et con¬
1335 1667 2250 1718 stat. quod tunc consequens est falsum. ergo et antecedens. Et ideo dico: quod
1331 1712 2243 1761 si ista propositio: omne quod est etc. sumatur in sensu diuiso: et ly¬
1332 1750 2250 1802 quando. stet aduerbialiter quocumque accipiatur ipsa est falsa. Si vero
1331 1796 2252 1849 ly. quando. stet coniunctionaliter modo praemisso: sic dico quod ista propositio
1328 1843 2244 1897 potest esse conditionalis vel de conditionato extremo: si sit con
1329 1892 2253 1940 ditionalis. tunc ly. necesse potest denotare consequentiam esse ne¬
1337 1928 2247 1981 cessariam: et tunc propositio est vera. Nam hec est necessaria: omne quod
1329 1975 2246 2016 est si est est: vel sic. Si omne quod est est: ipsum est. Et potest de¬
1330 2018 2246 2070 notare necessitatem consequentis: et tunc denotatur. quod si aliquid est quod¬
1337 2061 2246 2109 cumque sit illud) quod ipsum de necessitate est. Et patet: quod hoc sit fal¬
1328 2105 2250 2150 sum. Si vero sit de conditionali subiecto: tunc est est falsa: quia
1322 2148 2246 2200 denotatur per eam quod de quocumque dicitur hoc subiectum conditionatum
1332 2190 2250 2238 est si est. dicitur hoc predicatum est: cum modo necessitatis: quod est fal¬
1334 2234 2252 2285 sum. Nam vere dicitur quod petrus est: si est. et tamen hec est falsa. petrus de neces
1326 2279 2249 2330 sitate est. Sed si predicatum sit conditionale tunc propositio
1319 2325 2243 2377 est vera: quoniam tunc eius subiectum est tantum hoc quod est. Et deno¬
1335 2370 2237 2412 tatur quod de quocumque dicitur est: dicatur mediante modo ne
1322 2411 2258 2465 cessitatis est si est: et hoc est verum. Unde quocumque quod est
1320 2453 2241 2510 demonstrato: hec est vera: hoc demonstrato aliquo de ne¬
1331 2500 2247 2547 cessitate est si est. Ex qua non sequitur. ergo hoc de necessi¬
1328 2542 2243 2590 tate est: sed est fallacia secundum quid ad simpliciter. Et hoc est quod. P.
1317 2586 2249 2632 dicit. Non enim idem est inquit: omne esse necessario quan¬
1317 2632 2252 2683 do est: et simpliciter esse ex necessitate: et accipit quando est pro si
1330 2676 2250 2727 est: tunc applicando ad propositum dico: quod quauis volitio¬
1323 2718 2244 2763 vel aliqua res contingens que est in aliquo instanti de
1320 2759 2246 2815 necessitate sit in illo instanti: si est in illo instanti: non tamen
1317 2804 2258 2858 de necessitate est in illo instanti. ⁋ Nunc respondeo ad ra¬
1310 2851 2259 2914 tiones. P. pro prima sua conclusione. Et cum primo arguit quod si ert
1320 2893 2258 2945 omnis affirmatio vel negatio est vera vel falsa: omne necesse est esse.
1325 2938 2240 2993 vel necesse est non esse. nego consequentia. Et ad probationem cum dicitur quod si
1310 2980 2216 3030 est verum dicere: quoniam aliquid est album: necesse est illud esse album. Et eodem
1307 3022 2231 3075 si verum est dicere: quoniam aliquid erit album necesse est illud fore album. Di¬
1310 3068 2244 3133 co quod si ly necesse. notet necessitatem consequentis vtraque proportio est falsa.
