2426 3527
186 280 1071 348 tura. consequentia patet: quia si estipossibile aliqua talium esse praescita possi¬
179 327 1077 395 bile est etiam quelibet: supposito quod deus possit simul infinita scire:
173 372 1063 435 sicut necessario conuincitur. ex eo quod omnes res possibiles distin¬
179 421 1064 483 cte cognouit: vt probatum est: et ille sunt infinite. Antecedens probatur: quia
171 458 1074 522 cum deus perfecte se cognoscit quicquid vult se facturum cognoscit
168 501 1053 565 se velle illud facturum. Et per consequens cumlipse bene sciat quod ei¬
180 551 1060 609 voluntas impediri non potest sequitur quod cognoscat quod ipse fa¬
174 591 1060 655 ciet quicquid vult se facturum. ⁋ hoc etiam probatur per Augu. 15
170 633 1065 692 de tri. vbi allegans verbum saluatoris Mathr. 6o Nouit ver¬
171 672 1066 742 bum dei paiter noster quid vobis necessarium sit antequam petatis
174 719 1059 783 ab eo nec ista ex aliquo tempore cognouit: vt nosset: sed futu¬
164 766 1059 828 ra omnia temporalia atque in eis etiam quid: et quando ab illo petitu¬
171 809 1053 867 ri fueramus: et quos et de quibus rebus vel exauditurus vel non
167 851 1059 912 exauditurus esset siue initio antepraesciuit. Et 5o de ci. dei
168 891 1062 957 in fine dicit quod preces valent ad ea impetranda que se pe¬
170 936 1056 999 tentibus concessurum esse presciuit. Item de fi. ad petrus firmissime
164 978 1065 1043 tene etc. trinitatem deum ante omnia secula scire quibus esset per
165 1022 1064 1083 fidem gratiam largiturus etc. In quibus omnibus patet: quod omnia quot deus dicitur
170 1070 1060 1125 prescire sunt futura enunciabilia. Item Boe. in li. 5o de con¬
165 1113 1056 1166 so. omnia alia deum asserit cognoscere. dicens que sint quae fuerint:
174 1161 1053 1216 veniantque vno mentis cernit in ictu. Et iuxta finem libri. omne
162 1202 1061 1258 namque futurum diuinus praecurrit intuitus. Et paulo post. ma¬
155 1242 1055 1305 net spectator cunctorum prescius deus. ⁋ Ad hoc etiam est aucto.
165 1282 1050 1348 scripture Ioan. 6o vbi scribitur. Sciebat enim ab initio iesus erg
164 1332 1059 1381 essent credentes et quis traditurus esset eum. Et eiusdem infra. quod
162 1368 1050 1432 ipse erat sciens omnia quae ventura erant super eum. ⁋ Praeterea hoc neger
168 1415 1047 1477 sequitur. quod nulla que deus per seipsum: vel per angelos aut prophe¬
164 1455 1053 1521 tas in nouo vel veteri testamento futura praedixit: ipse praesci¬
164 1506 1058 1555 uit: vel non vera praenunciauit: vel si vera: non ex scientia quam de
167 1549 1056 1609 eis haberet: sed casualiter tantum: quod impium est opinari. Et propter hoc
174 1588 1058 1641 beatus Aug. 5o de ciui. dei. dicit quod nephas est negare deum
168 1631 1047 1684 esse praescium futurorum. Et lib primo contra Maximum. none de
171 1675 1064 1730 onium est praescius futurorum quis hoc negabit insanus. Ex praedi
161 1722 1062 1781 ctis patet: manifeste quod nec vera nec consona dictis sanctorum
164 1766 1053 1821 et scripture est illa opinio illius doctoris qui dicit quod ista est
168 1801 1066 1863 falsa: deus scit quod aliquid est futurum vel quod aliquid erit: et ista.
167 1848 1052 1908 deus scit quod antichristus erit: et similes omnes quibus significatur
164 1892 1059 1953 deum determinate scire aliqua futura. Cuius ratio est: quia nulla
152 1934 1063 1992 talis propositio de futuro est determinate vera: et per consequens
143 1982 1056 2032 nec ab aliquo scita: cum scientia sit tantum verorum. ⁋ Et dicit ite¬
155 2020 1069 2080 rum. quod ista est impropria deus scit quid est futurum vel venturum:
156 2063 1058 2115 qui nihil determinate est futurum vel venturum: sed tantum: sub¬
152 2107 1056 2165 disiunctione hoc vel illud. Et hoc vtique deus scit scilicet hoc vel
150 2149 1050 2211 illud affirmatio vel negatio est ventura: sed determinate
146 2191 1047 2254 nescit quod affirmatio sit ventura: quia nec est ventura deter
148 2243 1059 2289 minate: deus autem scire non potest quod non est: alias sciret falsum.
149 2279 1051 2340 hec ipse. Constat autem. quod hoc quod dicit primo scilicet hanc esse fal
149 2324 1047 2382 sam. deus scit quid est futurum: aut deus scit quod hoc puta anti
140 2367 1056 2433 christus vel iudicium generale est futurum. expresse contradicit aucto
144 2417 1060 2470 ritatibus iam adductis: nec indiget declaratione. Motiuum
156 2457 1050 2515 autem suum nullum est: et super falso fundatur: vt patet in quaestione
144 2496 1038 2553 precedenti. Secudeunmm etiam dictum scilicet quod nihil est determinate fu
147 2547 1047 2597 turum: sed tantum sub disiunctione: nullum est: quia non minus est
147 2589 1050 2647 aliquid eorum que non sunt) futurum: quam aliquid quod nunc est:
161 2633 1045 2685 prius que esset: fuit futurum: sed constat quod omne quod nunc est fa¬
158 2673 1037 2733 ctum priusquam fieret aut esset fuit futurum. Unde Boe. 5o de con
149 2715 1047 2777 so. nullum inquit arbitror esse dicturum quod que nunc fiunt: an¬
143 2759 1047 2820 tequam fierent euentura non fuerint. ergo etc. ⁋ Praeterea nihil est
146 2801 1040 2864 determinate futurum: ergo omnis fingularis propositio enun¬
153 2845 1039 2910 cians aliquid esse determinate futurum est falsa: quod est contra
143 2893 1034 2948 eum. ⁋ Praeterea contra eum sunt rationes facte in praecedenti quaestione prgo
152 2927 1042 2991 prima conclusione secundi arti. Quod vero tertio dicit. quod deus scit sub
149 2982 1041 3031 disiunctione hoc vel illud esse futurum: et si verum sit: tamen non suf¬
143 3018 1044 3081 ficit: quoniam et ego etiam certissime scio et sic deus non pius sci¬
152 3069 1046 3138 ret quid esset futurum quam ego: aut alius quilibet: quod nephas
1130 284 2020 367 et impium est dicere vel sentire. ⁋ Unde contra dictum hoc
1128 347 2009 406 directe arguit Boe. 5o de consir prosa tertia: que est inquit:
1119 388 2002 453 hec praescientia aut nihil certum: nihil stabile comprehendit:
1118 432 2006 500 aut quid hoc refert. id est differt vaticinio illo ridiculo tyre¬
1122 474 2016 547 sie: quicquid dicam aut erit aut non erit: quid etiam diuina pro¬
1108 518 2016 591 uidentia: humana opinione prestiterit si vti homines incerta iu
1115 565 2009 619 dicat: quorum est incertus euentus. Dpinio ergo ista tenenda
1109 612 2007 669 non est propter quam tantummodo predictarum conclusionum proba¬
1110 648 2016 715 tionibus aliquantulum volui insistere. Nam apud alios
1108 703 1992 755 catholicos nullatenus vertuntur in dubium. et hec de primo articu.
1103 744 2021 826 Quantum ad 2m arti. valet quomo contingentia futu¬
1389 786 2008 843 ra vera certitudinaliter cognoscuntur a
1116 827 2006 886 deo. Est sciendum quod difficultas in hoc maxime est de enun¬
1122 867 2015 931 ciationibus contingentibus futuris. Nam esto quod deus cognoscat
1124 915 2016 976 petrum possibilem et albedinem possibilem: adhuc cum possibi¬
1125 952 2009 1020 e sit petrum fore album: et possibile sit etiam ipsum non fore album:
1115 999 2009 1056 difficile est videre quo modo deus certitudinaliter nouit:
1122 1040 2009 1106 quod determinate petrus erit albus: vel quod non erit. ⁋ Et quan¬
1106 1086 2017 1144 tum ad hoc dixerunt aliqui quod deus habet penes se ydeas: que quidem
1115 1130 2006 1187 non solum representant simplices terminos: sed etiam comple¬
1119 1174 2016 1230 xiones terminorum cum omnibus circunstantiis temporis et loci. Unde
1119 1212 2010 1278 deus habens penes se ydeas antichristi et instantis futuri: et ten¬
1112 1255 2010 1316 pli et sessionis nouit per eas determinate quod antichristus in tali
1110 1304 2019 1368 instanti sedebit in templo tamquam ipse sit deus. ⁋ Contra istam
1122 1345 2019 1405 opinionem arguit doctor vnus primo quidem: quia rationes co¬
1112 1394 2016 1441 gnoscendi terminos alicuius complexi non sufficienter causant
1116 1437 2016 1486 noticiam illius: nisi illud sit natum cognosci ex terminis: sed
1116 1478 2014 1536 complexum contingens non est natum cognosci ex terminis: quia
1122 1520 2007 1579 tunc non solum esset necessarium: sed etiam immediatum: ergo ta¬
1112 1560 2018 1615 les rationes vel ydee non sufficiunt ad cognoscendum huiusmodi com¬
1121 1608 2018 1663 plexa. ⁋ 2o quia eodem modo sunt ydee possibilium non fu¬
1114 1653 2016 1708 turorum: sicut futurorum: ergo ydea futuri non repraesentat ipsum
1115 1694 2015 1741 determinate futurum magis: quam ydea possibilis non futu¬
1118 1736 2000 1785 ri. ⁋ 3o quia non magis ydea futuri repraesentat ponendo ipsum
1116 1779 2002 1834 esse in hoc nunc quam in illo. ⁋ Alius autem dicit has rationes non
1125 1820 2004 1871 esse efficaces contra istam opinionem: quamuis ipsa in se falsa sit
1125 1857 1995 1921 ⁋ Unde dicit quod ad primam rationem illi dicerent quod comple
1115 1910 1996 1967 xio terminorum futura est aliquid aliud a terminis propter quod
1115 1950 2012 2012 habet propriam ydeam in deo vltra ydeas simplicium terminorum:
1125 1998 2010 2045 et sic per ydeam huiusmodi illa futura complexio certitudinaliter co¬
1109 2032 2007 2098 gnoscit. ⁋ Ad 2am dicerent. quod quia fienda futura sunt: iccir¬
1121 2082 2013 2138 co est in deo ydea repraesentans complexionem pro illo tunc qua¬
1109 2122 2008 2184 fierent. Et similiter diceret ad tertium. ⁋ Sed ista defensio nul¬
1118 2164 2004 2229 la est. Nam cum dicitur quod complexio est aliquid aliud a terminis: habens pro¬
1128 2213 2013 2263 priam ydeam in deo: si ad propositum debeat sumi: cum non solum ipso¬
1115 2256 2007 2302 rum terminorum vocalium vel mentalium aut aliorum que sunt si¬
1113 2300 2011 2359 gna rerum ponantur ydee: sed ipsarum rerum per huiusmodi terminos signifi
1100 2354 2014 2401 catiuarum secundum opinionem istam: oportet quod intelligat quod ista complexio ter
1103 2385 2012 2431 minorum sit aliquid in re exra significatum per copulam verbalem distin¬
1103 2424 2000 2488 ctum a rebus per terminos simplices propositionis significantis: habens pro¬
1119 2466 2010 2532 priam ydeam in deo: sic aut intelligendo hoc dictum est penitus falsum: quod
1116 2518 2013 2574 patet: tam auctoritate philosophi primo pryarmenias. Ubi ait. quod ipsum
1112 2562 2003 2613 est si purum dixeris nihil est id est nihil secundum se significat: sed est purum sin¬
1104 2603 1991 2656 cathegoreuma. Item 6o meta. dicit. quod ens quod est in affirma¬
1100 2644 1999 2702 tione et negatione est passio mentis: et nullam naturam extra significat praeter
1110 2688 1991 2734 ens quod est quid aut quantum aut quale etc. quod tamen falsum esset cum quodlibet
1106 2734 2003 2791 quid aut quantum etc. significetur per simplices terminos praedicamen¬
1097 2781 2007 2825 tales. Et ibi dicit ex quibus componitur affirmatio a negatio.¬
1109 2816 1993 2877 ⁋ Praeterea hoc improbatur per rationem. Nam sumo istam deus est creator. si ly¬
1104 2869 1992 2913 e. significet aliquam entitatem aliam a significatis per terminos. puta
1113 2909 2000 2962 per subiectum et praedicatum huius propositionis: cum subiectum significet deita¬
1103 2952 1995 3009 tem: et praedicatum quamlibet creaturam: licet non semper supponat pro qualibet:
1107 2997 1995 3045 oportebit quod ly. est. significet aliquam entitatem: quae nec est deus nec
1103 3036 2007 3085 creatura: quod est impossibile. ⁋ Praeterea qua ratione complurio vnius propositiois significat
1103 3076 1988 3140 huiusmodi entitatem. eadem ratione et cuiuslibet: et sic complexio huius. deus
