<?xml version="1.0" encoding="UTF-8" standalone="yes"?>
<PcGts xmlns="http://schema.primaresearch.org/PAGE/gts/pagecontent/2013-07-15" xmlns:xsi="http://www.w3.org/2001/XMLSchema-instance" xsi:schemaLocation="http://schema.primaresearch.org/PAGE/gts/pagecontent/2013-07-15 http://schema.primaresearch.org/PAGE/gts/pagecontent/2013-07-15/pagecontent.xsd">
    <Metadata>
        <Creator>prov=University of Rostock/Institute of Mathematics/CITlab|PLANET AI GmbH/Gundram Leifert/gundram.leifert@planet-ai.de:name=cod-ae1bsb-m3-withbase(htr_id=25848)::::v=2.6.6
prov=University of Rostock/Institute of Mathematics/CITlab|PLANET AI GmbH/Tobias Gruening/tobias.gruening@planet-ai.de:name=de.uros.citlab.module.baseline2polygon.B2PSeamMultiOriented:v=2.6.6
prov=University of Rostock/Institute of Mathematics/CITlab|PLANET AI GmbH/Tobias Gruening/tobias.gruening@planet-ai.de:name=/net_tf/LA73_249_0mod360.pb:de.uros.citlab.segmentation.CITlab_LA_ML:v=2.6.6
Transkribus</Creator>
        <Created>2020-07-19T01:37:48.866+02:00</Created>
        <LastChange>2020-08-29T04:34:46.583+02:00</LastChange>
        <TranskribusMetadata docId="436159" pageId="17676363" pageNr="265" tsid="38634414" status="IN_PROGRESS" userId="25065" imgUrl="https://files.transkribus.eu/Get?id=IFJXIGZTESEXUOKBHJXSCYRK&amp;fileType=view" xmlUrl="https://files.transkribus.eu/Get?id=HSWECUYFVGHYDXBVYXEGZWRL" imageId="13347575"/>
    </Metadata>
    <Page imageFilename="264.jpg" imageWidth="2431" imageHeight="3524">
        <ReadingOrder>
            <OrderedGroup id="ro_1598728137621" caption="Regions reading order">
                <RegionRefIndexed index="0" regionRef="TextRegion_1597421338781_1343"/>
                <RegionRefIndexed index="1" regionRef="TextRegion_1597421359765_1365"/>
            </OrderedGroup>
        </ReadingOrder>
        <TextRegion orientation="0.0" id="TextRegion_1597421338781_1343" custom="readingOrder {index:0;}">
            <Coords points="144,224 1084,224 1084,3157 144,3157"/>
            <TextLine id="r3l5" custom="readingOrder {index:0;}">
                <Coords points="174,322 1077,332 1055,281 951,269 175,275"/>
                <Baseline points="180,308 224,309 269,309 313,309 358,311 402,311 447,311 491,312 536,312 580,312 625,312 670,314 714,314 759,314 803,315 848,315 892,317 937,317 981,318 1026,319 1071,320"/>
                <TextEquiv>
                    <Unicode>desinunt. hec ipse. Ubi expresse patet quod cum dicit talia ad in¬</Unicode>
                </TextEquiv>
            </TextLine>
            <TextLine id="r3l7" custom="readingOrder {index:1;}">
                <Coords points="174,359 1061,368 1057,325 175,321"/>
                <Baseline points="180,353 223,353 267,353 311,354 355,354 398,354 442,354 486,354 530,356 573,356 617,356 661,357 705,357 748,357 792,359 836,359 880,360 923,360 967,360 1011,362 1055,363"/>
                <TextEquiv>
                    <Unicode>tuitum relata diuinum esse necessaria per conditionem diuine notio</Unicode>
                </TextEquiv>
            </TextLine>
            <TextLine id="r3l9" custom="readingOrder {index:2;}">
                <Coords points="172,406 1070,410 1040,365 172,367"/>
                <Baseline points="177,395 221,396 265,396 310,396 354,398 398,398 443,398 487,398 531,398 576,399 620,399 664,399 709,399 753,401 797,401 842,402 886,402 930,402 975,404 1019,404 1064,405"/>
                <TextEquiv>
                    <Unicode>nis non aliud intelligit nisi quod sunt necessaria necessitate conditio</Unicode>
                </TextEquiv>
            </TextLine>
            <TextLine id="r3l12" custom="readingOrder {index:3;}">
                <Coords points="170,446 1080,457 1068,410 171,406"/>
                <Baseline points="176,440 220,440 265,440 310,441 355,441 400,441 445,441 490,443 535,443 580,443 625,443 669,444 714,444 759,444 804,444 849,446 894,446 939,447 984,447 1029,448 1074,449"/>
                <TextEquiv>
                    <Unicode>nali conditione adiecta circa dei notionem: quod idem valet: ac si</Unicode>
                </TextEquiv>
            </TextLine>
            <TextLine id="r3l15" custom="readingOrder {index:4;}">
                <Coords points="168,491 1064,500 1064,464 1026,453 169,450"/>
                <Baseline points="174,482 218,483 262,483 306,483 350,485 395,485 439,485 483,486 527,486 571,486 616,486 660,488 704,488 748,488 792,489 837,489 881,489 925,491 969,491 1013,492 1058,492"/>
                <TextEquiv>
                    <Unicode>diceretur si talia sunt a deo scita fore: ipsa necesse est fore</Unicode>
                </TextEquiv>
            </TextLine>
            <TextLine id="r3l18" custom="readingOrder {index:5;}">
                <Coords points="180,532 1074,543 1055,499 181,495"/>
                <Baseline points="186,527 230,527 274,527 318,528 362,528 406,528 450,528 494,530 538,530 582,530 627,530 671,531 715,531 759,533 803,533 847,533 891,534 935,534 979,535 1023,536 1068,536"/>
                <TextEquiv>
                    <Unicode>per se vero. id est simpliciter et sine conditione sumpta libere et contin</Unicode>
                </TextEquiv>
            </TextLine>
            <TextLine id="r3l21" custom="readingOrder {index:6;}">
                <Coords points="171,582 1034,595 1061,588 1062,540 171,541"/>
                <Baseline points="177,570 220,570 264,570 308,570 352,570 396,570 440,572 484,572 528,572 572,573 616,573 659,575 703,575 747,576 791,576 835,576 879,578 923,578 967,578 1011,579 1055,579"/>
                <TextEquiv>
                    <Unicode>genter eueniunt: sicut quis libere et contingenter ambulat</Unicode>
                </TextEquiv>
            </TextLine>
            <TextLine id="r3l23" custom="readingOrder {index:7;}">
                <Coords points="159,620 1062,632 1062,588 991,581 160,584"/>
                <Baseline points="165,614 209,614 254,614 298,614 343,614 387,614 432,615 476,615 521,615 565,617 610,617 655,618 699,618 744,618 788,620 833,620 877,620 922,621 966,621 1011,621 1056,620"/>
                <TextEquiv>
                    <Unicode>Et tamen si tu scintias eum ambulare necesse est eum ambulare et si am¬</Unicode>
                </TextEquiv>
            </TextLine>
            <TextLine id="r3l25" custom="readingOrder {index:8;}">
                <Coords points="167,664 1061,672 1036,627 168,619"/>
                <Baseline points="173,654 217,656 261,656 305,657 349,657 393,659 437,659 481,659 525,660 569,660 614,660 658,661 702,662 746,662 790,662 834,663 878,663 922,663 966,665 1010,665 1055,666"/>
                <TextEquiv>
                    <Unicode>bulat necesse est eum ambulare id est incompossibile est te scire</Unicode>
                </TextEquiv>
            </TextLine>
            <TextLine id="r3l27" custom="readingOrder {index:9;}">
                <Coords points="165,706 1059,723 1073,682 166,664"/>
                <Baseline points="171,701 215,701 260,701 305,701 350,701 395,702 439,702 484,704 529,704 574,704 619,705 663,705 708,706 753,707 798,707 843,707 887,708 932,708 977,708 1022,708 1067,708"/>
                <TextEquiv>
                    <Unicode>ipsum ambulare et ipsum non ambulare: et impossibile est ipsum ambu¬</Unicode>
                </TextEquiv>
            </TextLine>
            <TextLine id="r3l29" custom="readingOrder {index:10;}">
                <Coords points="164,751 1067,764 1067,722 1001,713 165,706"/>
                <Baseline points="170,741 214,741 259,743 303,744 348,744 392,746 437,746 481,747 526,747 570,747 615,749 660,749 704,749 749,749 793,750 838,750 882,750 927,752 971,752 1016,752 1061,753"/>
                <TextEquiv>
                    <Unicode>lare et non ambulare. vbi solum notatur necessitas consequentie et hanc</Unicode>
                </TextEquiv>
            </TextLine>
            <TextLine id="r3l31" custom="readingOrder {index:11;}">
                <Coords points="169,800 1061,810 1061,769 1012,760 169,749"/>
                <Baseline points="174,785 218,786 262,788 306,788 350,788 394,789 438,789 482,791 526,791 570,791 614,792 658,792 702,792 746,792 790,794 834,794 878,794 922,794 966,794 1010,795 1055,795"/>
                <TextEquiv>
                    <Unicode>etiam solutionem in sententia ponit Augu. 5o de ciui. dei. et Ansel. de</Unicode>
                </TextEquiv>
            </TextLine>
            <TextLine id="r3l33" custom="readingOrder {index:12;}">
                <Coords points="165,845 1068,847 1068,808 972,800 165,803"/>
                <Baseline points="171,831 215,831 260,831 304,831 349,831 393,833 438,833 482,833 527,834 571,834 616,836 661,836 705,836 750,837 794,837 839,837 883,837 928,837 972,837 1017,837 1062,836"/>
                <TextEquiv>
                    <Unicode>concoris et vtique bona est. Uerum quia illud primum argumentum in forma</Unicode>
                </TextEquiv>
            </TextLine>
            <TextLine id="r3l35" custom="readingOrder {index:13;}">
                <Coords points="156,887 1066,887 1053,845 157,844"/>
                <Baseline points="162,875 209,875 256,875 303,875 351,875 398,875 445,876 493,876 540,876 587,878 635,878 682,878 729,879 777,879 824,879 871,881 919,881 966,881 1013,881 1061,882"/>
                <TextEquiv>
                    <Unicode>qua factum est videtur inferre quod ista necessitas non solum sit</Unicode>
                </TextEquiv>
            </TextLine>
            <TextLine id="r3l37" custom="readingOrder {index:14;}">
                <Coords points="165,922 1067,935 1067,887 166,889"/>
                <Baseline points="171,917 215,918 260,918 304,918 349,918 393,920 438,920 482,920 527,921 571,921 616,921 660,923 705,923 749,923 794,924 838,924 883,924 927,924 972,924 1016,924 1061,924"/>
                <TextEquiv>
                    <Unicode>consequentie: sed est consequentis. ideo respondeo ad ipsum negando consequentia. ⁋ Ad </Unicode>
                </TextEquiv>
            </TextLine>
            <TextLine id="r3l39" custom="readingOrder {index:15;}">
                <Coords points="164,971 1073,975 1048,930 165,923"/>
                <Baseline points="170,962 214,961 259,962 304,962 349,962 394,962 439,963 483,963 528,963 573,965 618,965 663,966 708,966 753,966 797,968 842,968 887,968 932,968 977,968 1022,968 1067,968"/>
                <TextEquiv>
                    <Unicode>primam probationem eius dico quod Aug. vult ibi notare hanc esse</Unicode>
                </TextEquiv>
            </TextLine>
            <TextLine id="r3l41" custom="readingOrder {index:16;}">
                <Coords points="160,1017 1068,1021 1068,974 160,971"/>
                <Baseline points="165,1005 209,1005 254,1005 299,1005 344,1005 389,1007 434,1007 478,1007 523,1008 568,1008 613,1008 658,1010 703,1010 748,1010 792,1010 837,1011 882,1011 927,1011 972,1011 1017,1010 1062,1010"/>
                <TextEquiv>
                    <Unicode>impossibilem. aliter fit quam deus praesciuit: seu hanc copulatiuam:</Unicode>
                </TextEquiv>
            </TextLine>
            <TextLine id="r3l43" custom="readingOrder {index:17;}">
                <Coords points="161,1054 1058,1060 1058,1017 161,1017"/>
                <Baseline points="167,1047 211,1047 255,1048 299,1049 344,1049 388,1049 432,1050 476,1050 521,1052 565,1052 609,1052 653,1052 698,1053 742,1053 786,1053 830,1054 875,1055 919,1055 963,1055 1007,1055 1052,1055"/>
                <TextEquiv>
                    <Unicode>aliter fiet: et tamen sic fiendum esse deus praesciuit. et per consequens hanc con¬</Unicode>
                </TextEquiv>
            </TextLine>
            <TextLine id="r3l45" custom="readingOrder {index:18;}">
                <Coords points="155,1094 1062,1108 1062,1060 155,1062"/>
                <Baseline points="161,1089 205,1091 250,1091 295,1092 340,1092 384,1094 429,1094 474,1094 519,1095 563,1095 608,1096 653,1097 698,1097 742,1097 787,1098 832,1098 877,1098 921,1098 966,1098 1011,1098 1056,1098"/>
                <TextEquiv>
                    <Unicode>ditionalem esse necessariam si sic fiendum deus praesciuit sic fiet: et eodem¬</Unicode>
                </TextEquiv>
            </TextLine>
            <TextLine id="r3l47" custom="readingOrder {index:19;}">
                <Coords points="155,1147 1065,1161 1065,1108 1031,1103 156,1106"/>
                <Baseline points="161,1137 205,1136 250,1136 295,1136 340,1137 385,1137 430,1137 475,1137 520,1139 565,1139 610,1139 654,1140 699,1140 744,1142 789,1142 834,1142 879,1142 924,1142 969,1142 1014,1142 1059,1142"/>
                <TextEquiv>
                    <Unicode>modo intelligendum est dictum Boetii proxime allegatum. quod quisque</Unicode>
                </TextEquiv>
            </TextLine>
            <TextLine id="r3l49" custom="readingOrder {index:20;}">
                <Coords points="144,1187 1056,1196 1056,1159 980,1147 144,1148"/>
                <Baseline points="150,1178 195,1179 240,1179 285,1179 330,1181 375,1181 420,1181 465,1182 510,1182 555,1184 600,1184 645,1184 690,1185 735,1185 780,1185 825,1185 870,1185 915,1185 960,1185 1005,1185 1050,1185"/>
                <TextEquiv>
                    <Unicode>nouit illud aliter esse quam notum est nequit: quod patet: quia ipsum sumit</Unicode>
                </TextEquiv>
            </TextLine>
            <TextLine id="r3l51" custom="readingOrder {index:21;}">
                <Coords points="163,1228 855,1248 1055,1235 1056,1195 163,1195"/>
                <Baseline points="168,1223 212,1223 256,1224 300,1224 344,1224 388,1224 432,1224 476,1224 520,1225 564,1226 609,1226 653,1226 697,1226 741,1227 785,1227 829,1227 873,1227 917,1227 961,1229 1005,1229 1050,1229"/>
                <TextEquiv>
                    <Unicode>ad probandum istam coditionalem esse necessariam: si quem ambulare</Unicode>
                </TextEquiv>
            </TextLine>
            <TextLine id="r3l53" custom="readingOrder {index:22;}">
                <Coords points="149,1273 1064,1280 1064,1243 1019,1237 149,1228"/>
                <Baseline points="155,1265 200,1265 245,1266 290,1266 335,1266 380,1268 425,1268 471,1268 516,1269 561,1269 606,1269 651,1269 696,1269 741,1269 787,1271 832,1271 877,1271 922,1271 967,1271 1012,1272 1058,1272"/>
                <TextEquiv>
                    <Unicode>scias: necesse est eum ambulare: et similem in sententia magister po¬</Unicode>
                </TextEquiv>
            </TextLine>
            <TextLine id="r3l55" custom="readingOrder {index:23;}">
                <Coords points="146,1326 1064,1324 1064,1279 147,1269"/>
                <Baseline points="152,1310 197,1310 242,1310 287,1310 333,1310 378,1310 423,1311 469,1311 514,1311 559,1313 605,1313 650,1313 695,1314 740,1314 786,1314 831,1316 876,1316 922,1316 967,1316 1012,1316 1058,1314"/>
                <TextEquiv>
                    <Unicode>nit solutionem in ista distinctione. ⁋ Ad aliam probatione ex</Unicode>
                </TextEquiv>
            </TextLine>
            <TextLine id="r3l57" custom="readingOrder {index:24;}">
                <Coords points="162,1361 883,1379 1063,1368 1064,1334 162,1318"/>
                <Baseline points="168,1352 212,1352 257,1353 301,1353 346,1353 390,1353 435,1355 479,1355 524,1355 568,1355 613,1356 657,1356 702,1356 746,1356 791,1357 835,1358 880,1358 924,1358 969,1358 1013,1358 1058,1359"/>
                <TextEquiv>
                    <Unicode>dicto Ansel. dico quod illud dictum Ansel. quod deus praescit futurum</Unicode>
                </TextEquiv>
            </TextLine>
            <TextLine id="r3l59" custom="readingOrder {index:25;}">
                <Coords points="162,1404 1045,1419 1056,1367 162,1361"/>
                <Baseline points="168,1394 212,1395 256,1396 300,1397 344,1397 388,1398 432,1398 476,1398 520,1399 564,1400 609,1400 653,1400 697,1400 741,1400 785,1401 829,1401 873,1401 917,1401 961,1401 1005,1403 1050,1403"/>
                <TextEquiv>
                    <Unicode>necesse est esse futurum. et similiter aliud eiusde ibide. necesse est</Unicode>
                </TextEquiv>
            </TextLine>
            <TextLine id="r3l61" custom="readingOrder {index:26;}">
                <Coords points="152,1455 1053,1455 1053,1417 1001,1409 153,1413"/>
                <Baseline points="158,1440 202,1440 246,1440 291,1440 335,1440 380,1442 424,1442 469,1442 513,1443 558,1443 602,1443 646,1444 691,1445 735,1445 780,1445 824,1445 869,1446 913,1446 958,1446 1002,1446 1047,1445"/>
                <TextEquiv>
                    <Unicode>omne futurum esse futurum et plura alia: que ibi dicit: sunt eodem</Unicode>
                </TextEquiv>
            </TextLine>
            <TextLine id="r3l63" custom="readingOrder {index:27;}">
                <Coords points="152,1491 993,1506 1061,1495 1062,1456 152,1455"/>
                <Baseline points="158,1482 202,1482 247,1482 292,1484 337,1484 382,1484 427,1484 472,1485 517,1485 562,1485 607,1487 651,1487 696,1487 741,1487 786,1488 831,1488 876,1488 921,1488 966,1488 1011,1488 1056,1488"/>
                <TextEquiv>
                    <Unicode>modo intelligenda scilicet vt notetur necessitas conditionalis siue consequentie:</Unicode>
                </TextEquiv>
            </TextLine>
            <TextLine id="r3l65" custom="readingOrder {index:28;}">
                <Coords points="152,1533 1065,1545 1057,1495 152,1496"/>
                <Baseline points="158,1529 203,1527 248,1527 293,1527 338,1527 383,1527 428,1527 473,1529 518,1529 563,1530 608,1530 653,1532 698,1532 743,1532 788,1533 833,1533 878,1533 923,1533 968,1533 1013,1532 1059,1530"/>
                <TextEquiv>
                    <Unicode>quam ipse vocat necessitatem sequentem positionem rei: et ista huiusmodi di</Unicode>
                </TextEquiv>
            </TextLine>
            <TextLine id="r3l67" custom="readingOrder {index:29;}">
                <Coords points="150,1579 1057,1582 1038,1538 150,1539"/>
                <Baseline points="156,1568 200,1569 245,1569 290,1571 335,1571 380,1571 424,1572 469,1572 514,1572 559,1574 604,1574 648,1574 693,1575 738,1575 783,1575 828,1575 872,1575 917,1575 962,1575 1007,1576 1052,1577"/>
                <TextEquiv>
                    <Unicode>cta sumantur secundum intentionem eius: vt equivaleant conditionalibus.</Unicode>
                </TextEquiv>
            </TextLine>
            <TextLine id="r3l69" custom="readingOrder {index:30;}">
                <Coords points="149,1620 1059,1628 1048,1580 149,1580"/>
                <Baseline points="155,1616 199,1616 244,1616 289,1616 334,1616 379,1616 424,1617 469,1617 514,1617 559,1617 604,1618 648,1619 693,1619 738,1619 783,1619 828,1620 873,1620 918,1620 963,1620 1008,1620 1053,1619"/>
                <TextEquiv>
                    <Unicode>Et quod hoc sit secundum intentionem eius patet. quia in principio eiusdem capi¬</Unicode>
                </TextEquiv>
            </TextLine>
            <TextLine id="r3l71" custom="readingOrder {index:31;}">
                <Coords points="152,1666 1044,1678 1062,1626 152,1620"/>
                <Baseline points="158,1659 202,1658 247,1658 292,1658 337,1659 382,1659 427,1659 472,1659 517,1659 562,1661 607,1661 651,1661 696,1661 741,1662 786,1662 831,1662 876,1662 921,1662 966,1662 1011,1662 1056,1661"/>
                <TextEquiv>
                    <Unicode>tuli. 4 ait. cum dico: si erit ex necessitate erit hoc sequitur neces¬</Unicode>
                </TextEquiv>
            </TextLine>
            <TextLine id="r3l73" custom="readingOrder {index:32;}">
                <Coords points="150,1715 1049,1721 1050,1679 150,1666"/>
                <Baseline points="156,1700 200,1700 244,1700 289,1701 333,1701 378,1701 422,1701 466,1703 511,1703 555,1703 600,1703 644,1703 688,1704 733,1704 777,1704 822,1704 866,1705 910,1706 955,1706 999,1706 1044,1707"/>
                <TextEquiv>
                    <Unicode>sitas rei positionem non praecedit. idest valet si sic pronuncietur: quod</Unicode>
                </TextEquiv>
            </TextLine>
            <TextLine id="r3l75" custom="readingOrder {index:33;}">
                <Coords points="149,1750 1059,1759 1059,1720 982,1712 149,1716"/>
                <Baseline points="155,1745 199,1745 244,1745 289,1745 334,1745 379,1745 424,1745 469,1745 514,1746 559,1746 604,1746 648,1746 693,1746 738,1748 783,1748 828,1748 873,1748 918,1748 963,1749 1008,1749 1053,1749"/>
                <TextEquiv>
                    <Unicode>erit ex necessitate erit: non enim aliud significat hec necessitas:</Unicode>
                </TextEquiv>
            </TextLine>
            <TextLine id="r3l77" custom="readingOrder {index:34;}">
                <Coords points="153,1794 1050,1799 1050,1758 980,1754 153,1752"/>
                <Baseline points="158,1787 202,1787 246,1787 290,1787 335,1787 379,1787 423,1788 468,1788 512,1788 556,1788 601,1788 645,1789 689,1790 733,1790 778,1790 822,1790 866,1791 911,1791 955,1791 999,1791 1044,1791"/>
                <TextEquiv>
                    <Unicode>nisi quia si sit non poterit simul non esse. hic patet quod dictum est pri¬</Unicode>
                </TextEquiv>
            </TextLine>
            <TextLine id="r3l79" custom="readingOrder {index:35;}">
                <Coords points="143,1846 1058,1842 1046,1799 143,1790"/>
                <Baseline points="149,1830 194,1830 239,1830 284,1832 329,1832 374,1832 419,1832 465,1832 510,1833 555,1833 600,1833 645,1833 690,1833 735,1833 781,1833 826,1833 871,1835 916,1835 961,1835 1006,1835 1052,1836"/>
                <TextEquiv>
                    <Unicode>mo quidem: quia dicit: hoc valere illam conditionalem et aliam ca¬</Unicode>
                </TextEquiv>
            </TextLine>
            <TextLine id="r3l81" custom="readingOrder {index:36;}">
                <Coords points="143,1879 1060,1889 1061,1845 143,1846"/>
                <Baseline points="149,1872 194,1874 239,1874 284,1874 330,1874 375,1874 420,1874 466,1875 511,1875 556,1875 602,1875 647,1877 692,1877 737,1877 783,1877 828,1877 873,1877 919,1878 964,1878 1009,1878 1055,1878"/>
                <TextEquiv>
                    <Unicode>thegoricam: que licem secundum formam suam non equivaleret: secundum intel¬</Unicode>
                </TextEquiv>
            </TextLine>
            <TextLine id="r3l83" custom="readingOrder {index:37;}">
                <Coords points="144,1930 1046,1937 1047,1887 144,1882"/>
                <Baseline points="149,1917 193,1917 238,1916 282,1916 327,1916 372,1917 416,1917 461,1917 505,1917 550,1917 595,1919 639,1919 684,1919 728,1920 773,1920 818,1920 862,1921 907,1922 951,1922 996,1922 1041,1922"/>
                <TextEquiv>
                    <Unicode>lectum tamen eius qui eam format equivalet illi seu vt equiualens su</Unicode>
                </TextEquiv>
            </TextLine>
            <TextLine id="r3l85" custom="readingOrder {index:38;}">
                <Coords points="153,1966 1045,1976 1045,1936 1015,1927 153,1932"/>
                <Baseline points="158,1962 202,1962 246,1961 290,1961 334,1961 378,1961 422,1961 466,1961 510,1961 554,1962 599,1962 643,1962 687,1964 731,1964 775,1964 819,1965 863,1965 907,1965 951,1965 995,1965 1040,1965"/>
                <TextEquiv>
                    <Unicode>mitur. 2o quia ait quod talis necessitas non significat nisi impossibus</Unicode>
                </TextEquiv>
            </TextLine>
            <TextLine id="r3l87" custom="readingOrder {index:39;}">
                <Coords points="149,2018 1061,2014 1061,1973 149,1966"/>
                <Baseline points="155,2006 200,2004 245,2004 290,2003 335,2003 380,2003 425,2003 470,2004 515,2004 560,2004 605,2006 650,2006 695,2006 740,2007 785,2007 830,2007 875,2009 920,2009 965,2009 1010,2009 1055,2009"/>
                <TextEquiv>
                    <Unicode>litatem huius copulatiue. aliquid erit et ipsum non erit: et per consequens</Unicode>
                </TextEquiv>
            </TextLine>
            <TextLine id="r3l89" custom="readingOrder {index:40;}">
                <Coords points="143,2064 1046,2059 1046,2015 143,2015"/>
                <Baseline points="149,2049 193,2049 238,2048 282,2048 327,2048 371,2048 416,2048 460,2048 505,2049 549,2049 594,2049 639,2049 683,2051 728,2051 772,2051 817,2051 861,2051 906,2052 950,2052 995,2052 1040,2052"/>
                <TextEquiv>
                    <Unicode>non nisi necessitatem conditionalis opposite: et in hoc sensu est</Unicode>
                </TextEquiv>
            </TextLine>
            <TextLine id="r3l91" custom="readingOrder {index:41;}">
                <Coords points="151,2103 1031,2111 1061,2107 1062,2066 151,2058"/>
                <Baseline points="156,2094 201,2093 246,2091 291,2091 336,2090 381,2090 426,2090 471,2090 516,2091 561,2091 606,2091 651,2093 696,2093 741,2094 786,2094 831,2096 876,2096 921,2096 966,2096 1011,2096 1056,2096"/>
                <TextEquiv>
                    <Unicode>exponit se infra. rem inquit futuram necesse est esse futuram:</Unicode>
                </TextEquiv>
            </TextLine>
            <TextLine id="r3l93" custom="readingOrder {index:42;}">
                <Coords points="146,2144 1049,2144 1015,2102 147,2106"/>
                <Baseline points="152,2136 196,2136 241,2135 285,2135 330,2135 374,2135 419,2135 463,2136 508,2136 552,2136 597,2136 642,2137 686,2138 731,2138 775,2138 820,2139 864,2139 909,2139 953,2139 998,2139 1043,2139"/>
                <TextEquiv>
                    <Unicode>quoniam nequit futurum esse simul non futurum: et similiter iuxta finem capitu</Unicode>
                </TextEquiv>
            </TextLine>
            <TextLine id="r3l95" custom="readingOrder {index:43;}">
                <Coords points="151,2195 1046,2191 1046,2145 151,2144"/>
                <Baseline points="156,2180 200,2178 244,2178 288,2178 332,2178 377,2178 421,2178 465,2178 509,2178 553,2178 598,2180 642,2180 686,2180 730,2181 774,2181 819,2181 863,2181 907,2181 951,2181 995,2181 1040,2181"/>
                <TextEquiv>
                    <Unicode>li. dicit quod idem sensus est si dicatur. quod deus praescit necesse est</Unicode>
                </TextEquiv>
            </TextLine>
            <TextLine id="r3l97" custom="readingOrder {index:44;}">
                <Coords points="152,2234 1046,2233 1046,2197 988,2188 152,2191"/>
                <Baseline points="158,2223 202,2223 246,2222 290,2222 334,2222 378,2222 422,2222 466,2222 510,2222 554,2223 599,2223 643,2223 687,2223 731,2225 775,2225 819,2225 863,2225 907,2225 951,2225 995,2225 1040,2225"/>
                <TextEquiv>
                    <Unicode>esse futurum. Et si dicatur. si deus praescit necesse est illud esse futu¬</Unicode>
                </TextEquiv>
            </TextLine>
            <TextLine id="r3l99" custom="readingOrder {index:45;}">
                <Coords points="148,2275 1053,2279 1053,2240 1013,2233 148,2239"/>
                <Baseline points="153,2270 197,2268 242,2267 287,2267 331,2265 376,2265 421,2265 465,2265 510,2265 555,2265 600,2265 644,2267 689,2267 734,2268 778,2268 823,2268 868,2269 912,2270 957,2270 1002,2270 1047,2270"/>
                <TextEquiv>
                    <Unicode>rum. ⁋ Unde notandum quod illud dictum eiusdem ibidem quod quaetiens</Unicode>
                </TextEquiv>
            </TextLine>
            <TextLine id="r3l101" custom="readingOrder {index:46;}">
                <Coords points="142,2325 1041,2319 1033,2276 142,2274"/>
                <Baseline points="147,2310 191,2310 235,2309 280,2309 324,2309 369,2309 413,2309 457,2309 502,2310 546,2310 591,2310 635,2310 679,2312 724,2312 768,2312 813,2312 857,2312 901,2312 946,2312 990,2312 1035,2312"/>
                <TextEquiv>
                    <Unicode>idem dicimus de eodem necesse est esse quod dicitur vt omne futurum</Unicode>
                </TextEquiv>
            </TextLine>
            <TextLine id="r3l103" custom="readingOrder {index:47;}">
                <Coords points="147,2366 1047,2363 1032,2316 148,2326"/>
                <Baseline points="153,2352 197,2352 241,2352 286,2352 330,2352 375,2352 419,2352 463,2352 508,2354 552,2354 597,2354 641,2354 685,2354 730,2355 774,2355 819,2355 863,2355 907,2357 952,2357 996,2357 1041,2357"/>
                <TextEquiv>
                    <Unicode>est ex necessitate futurum: et omnis homo ex necessitate est homo et si¬</Unicode>
                </TextEquiv>
            </TextLine>
            <TextLine id="r3l105" custom="readingOrder {index:48;}">
                <Coords points="141,2408 1048,2411 1048,2363 141,2368"/>
                <Baseline points="146,2397 190,2396 235,2396 280,2396 325,2396 370,2396 415,2396 459,2396 504,2396 549,2396 594,2397 639,2397 684,2397 729,2397 773,2398 818,2399 863,2399 908,2399 953,2400 998,2400 1043,2400"/>
                <TextEquiv>
                    <Unicode>milia: quamuis de virtute sermonis sit falsum. tamen secundum intellectum</Unicode>
                </TextEquiv>
            </TextLine>
            <TextLine id="r3l107" custom="readingOrder {index:49;}">
                <Coords points="141,2447 1047,2449 1024,2406 141,2407"/>
                <Baseline points="146,2441 190,2439 235,2439 280,2439 325,2439 369,2439 414,2439 459,2439 504,2439 548,2441 593,2441 638,2441 683,2441 727,2442 772,2442 817,2442 862,2442 906,2442 951,2442 996,2441 1041,2441"/>
                <TextEquiv>
                    <Unicode>eius qui talia intelligebat: vt dicit quidam doctor tenet subin¬</Unicode>
                </TextEquiv>
            </TextLine>
            <TextLine id="r3l109" custom="readingOrder {index:50;}">
                <Coords points="138,2496 860,2507 1028,2498 1043,2448 138,2450"/>
                <Baseline points="144,2486 188,2484 233,2484 277,2484 322,2483 367,2483 411,2483 456,2483 501,2483 545,2484 590,2484 635,2484 679,2484 724,2484 769,2486 813,2486 858,2486 903,2486 947,2486 992,2487 1037,2487"/>
                <TextEquiv>
                    <Unicode>tellecta constantia subiecti: vtputa supposito quod homo sit: necesse</Unicode>
                </TextEquiv>
            </TextLine>
            <TextLine id="r3l111" custom="readingOrder {index:51;}">
                <Coords points="149,2535 1050,2538 1038,2492 149,2496"/>
                <Baseline points="155,2528 199,2528 243,2528 288,2528 332,2528 377,2528 421,2528 466,2528 510,2528 555,2528 599,2528 643,2528 688,2528 732,2529 777,2529 821,2529 866,2529 910,2529 955,2529 999,2529 1044,2531"/>
                <TextEquiv>
                    <Unicode>est quod homo sit homo. et supposito quod aliquid sit futurum necesse est</Unicode>
                </TextEquiv>
            </TextLine>
            <TextLine id="r3l113" custom="readingOrder {index:52;}">
                <Coords points="146,2587 1043,2595 1043,2546 1000,2533 146,2537"/>
                <Baseline points="152,2571 196,2571 240,2570 284,2570 329,2570 373,2570 417,2570 461,2571 506,2571 550,2571 594,2571 638,2571 683,2571 727,2571 771,2573 815,2573 860,2573 904,2573 948,2573 992,2574 1037,2574"/>
                <TextEquiv>
                    <Unicode>illud esse futurum: et sic de aliis. seu quod idem est vt sumuntur equi</Unicode>
                </TextEquiv>
            </TextLine>
            <TextLine id="r3l115" custom="readingOrder {index:53;}">
                <Coords points="150,2621 1047,2625 1047,2587 1013,2583 150,2588"/>
                <Baseline points="156,2612 200,2613 244,2613 288,2613 333,2613 377,2614 421,2615 465,2615 510,2615 554,2615 598,2615 642,2616 687,2616 731,2616 775,2616 819,2616 864,2616 908,2618 952,2618 996,2618 1041,2618"/>
                <TextEquiv>
                    <Unicode>ualenter conditionalibus: sicut patet: quia semper ibidem iungit condi¬</Unicode>
                </TextEquiv>
            </TextLine>
            <TextLine id="r3l117" custom="readingOrder {index:54;}">
                <Coords points="149,2663 1040,2670 1040,2629 1006,2622 149,2620"/>
                <Baseline points="155,2657 201,2657 247,2657 293,2657 340,2657 386,2658 432,2658 478,2658 525,2658 571,2658 617,2660 663,2660 710,2660 756,2660 802,2660 848,2661 895,2661 941,2661 987,2661 1034,2661"/>
                <TextEquiv>
                    <Unicode>tionalem cum cathegorica. vnde ait. Cum enim dicitur quod omnis homo</Unicode>
                </TextEquiv>
            </TextLine>
            <TextLine id="r3l119" custom="readingOrder {index:55;}">
                <Coords points="152,2711 1055,2713 1055,2668 153,2668"/>
                <Baseline points="158,2700 202,2700 247,2702 291,2702 336,2702 380,2702 425,2702 469,2703 514,2703 558,2703 603,2703 648,2703 692,2703 737,2703 781,2703 826,2703 870,2705 915,2705 959,2705 1004,2706 1049,2706"/>
                <TextEquiv>
                    <Unicode>est homo: aut si est homo. homo est. aut omne album est album: et si est</Unicode>
                </TextEquiv>
            </TextLine>
            <TextLine id="r3l121" custom="readingOrder {index:56;}">
                <Coords points="150,2753 956,2766 1055,2759 1056,2712 151,2713"/>
                <Baseline points="156,2741 200,2742 245,2744 290,2744 334,2745 379,2745 424,2745 468,2746 513,2747 558,2747 603,2747 647,2747 692,2747 737,2747 781,2747 826,2747 871,2748 915,2748 960,2748 1005,2750 1050,2750"/>
                <TextEquiv>
                    <Unicode>album. album est. necesse est esse quod dicitur. quia non potest aliquid esse</Unicode>
                </TextEquiv>
            </TextLine>
            <TextLine id="r3l123" custom="readingOrder {index:57;}">
                <Coords points="157,2795 1042,2804 1042,2767 1013,2759 157,2750"/>
                <Baseline points="162,2786 205,2787 249,2787 293,2789 337,2789 380,2789 424,2790 468,2790 512,2790 555,2790 599,2790 643,2790 687,2790 730,2790 774,2790 818,2791 862,2792 905,2792 949,2792 993,2793 1037,2793"/>
                <TextEquiv>
                    <Unicode>simul e non esse: que probatio clare demonstrat eius intellectum</Unicode>
                </TextEquiv>
            </TextLine>
            <TextLine id="r3l125" custom="readingOrder {index:58;}">
                <Coords points="156,2837 1014,2851 1040,2808 156,2801"/>
                <Baseline points="162,2829 205,2830 249,2831 292,2832 336,2832 380,2834 423,2834 467,2834 510,2834 554,2834 598,2835 641,2835 685,2835 728,2835 772,2835 816,2835 859,2835 903,2836 946,2837 990,2838 1034,2838"/>
                <TextEquiv>
                    <Unicode>esse qui dictus est. sic inquam illud dictum et similia sumpta sunt vera</Unicode>
                </TextEquiv>
            </TextLine>
            <TextLine id="r3l127" custom="readingOrder {index:59;}">
                <Coords points="157,2886 933,2897 1042,2886 1043,2853 157,2841"/>
                <Baseline points="162,2876 205,2876 249,2876 293,2876 337,2876 380,2876 424,2876 468,2877 512,2877 555,2877 599,2877 643,2877 687,2877 730,2877 774,2879 818,2879 862,2879 905,2879 949,2879 993,2880 1037,2880"/>
                <TextEquiv>
                    <Unicode>⁋ Ad secundam probationem dicendum quod ad certitudinem praescientiae vt</Unicode>
                </TextEquiv>
            </TextLine>
            <TextLine id="r3l129" custom="readingOrder {index:60;}">
                <Coords points="149,2927 1055,2930 1035,2885 149,2888"/>
                <Baseline points="155,2916 199,2917 244,2918 289,2919 333,2919 378,2919 423,2921 467,2921 512,2921 557,2922 602,2922 646,2922 691,2922 736,2922 780,2922 825,2922 870,2922 914,2922 959,2922 1004,2922 1049,2922"/>
                <TextEquiv>
                    <Unicode>nunc est sermumo de ea non requiritur quod illud quod praescitur non possit</Unicode>
                </TextEquiv>
            </TextLine>
            <TextLine id="r3l131" custom="readingOrder {index:61;}">
                <Coords points="156,2973 1050,2976 1050,2932 1026,2929 156,2934"/>
                <Baseline points="162,2961 206,2961 250,2961 294,2963 338,2963 382,2963 426,2963 470,2963 514,2964 558,2964 603,2965 647,2966 691,2966 735,2966 779,2966 823,2967 867,2967 911,2967 955,2967 999,2966 1044,2966"/>
                <TextEquiv>
                    <Unicode>non fore: sed sufficit quod euidenter cognoscatur quod illud erit sicut</Unicode>
                </TextEquiv>
            </TextLine>
            <TextLine id="r3l133" custom="readingOrder {index:62;}">
                <Coords points="147,3015 1050,3027 1050,2976 943,2967 147,2982"/>
                <Baseline points="153,3005 197,3005 242,3006 286,3006 331,3006 375,3006 420,3008 464,3008 509,3008 553,3008 598,3008 643,3008 687,3008 732,3009 776,3009 821,3009 865,3009 910,3009 954,3009 999,3011 1044,3011"/>
                <TextEquiv>
                    <Unicode>ad certam notitiam de cursu petrus currentis non requiritur quod ipse</Unicode>
                </TextEquiv>
            </TextLine>
            <TextLine id="r3l135" custom="readingOrder {index:63;}">
                <Coords points="149,3067 1039,3063 1039,3021 939,3015 149,3015"/>
                <Baseline points="155,3051 201,3051 247,3051 293,3051 340,3050 386,3050 432,3050 478,3051 525,3051 571,3051 617,3051 663,3051 710,3051 756,3051 802,3053 848,3053 895,3053 941,3053 987,3053 1034,3054"/>
                <TextEquiv>
                    <Unicode>non possit non currere: sed sufficit quod intuitiue et euidente</Unicode>
                </TextEquiv>
            </TextLine>
            <TextLine id="r3l137" custom="readingOrder {index:64;}">
                <Coords points="155,3126 707,3130 758,3106 1052,3132 1052,3068 1019,3059 155,3066"/>
                <Baseline points="161,3096 205,3095 249,3095 293,3095 338,3095 382,3095 426,3096 470,3096 515,3096 559,3096 603,3096 647,3098 692,3098 736,3098 780,3098 824,3099 869,3099 913,3099 957,3099 1001,3099 1046,3099"/>
                <TextEquiv>
                    <Unicode>cognoscatur quod currit. Unde neganda est illa prima consequentia. quia</Unicode>
                </TextEquiv>
            </TextLine>
            <TextEquiv>
                <Unicode>desinunt. hec ipse. Ubi expresse patet quod cum dicit talia ad in¬
tuitum relata diuinum esse necessaria per conditionem diuine notio
nis non aliud intelligit nisi quod sunt necessaria necessitate conditio
nali conditione adiecta circa dei notionem: quod idem valet: ac si
diceretur si talia sunt a deo scita fore: ipsa necesse est fore
per se vero. id est simpliciter et sine conditione sumpta libere et contin
genter eueniunt: sicut quis libere et contingenter ambulat
Et tamen si tu scintias eum ambulare necesse est eum ambulare et si am¬
bulat necesse est eum ambulare id est incompossibile est te scire
ipsum ambulare et ipsum non ambulare: et impossibile est ipsum ambu¬
lare et non ambulare. vbi solum notatur necessitas consequentie et hanc
etiam solutionem in sententia ponit Augu. 5o de ciui. dei. et Ansel. de
concoris et vtique bona est. Uerum quia illud primum argumentum in forma
qua factum est videtur inferre quod ista necessitas non solum sit
consequentie: sed est consequentis. ideo respondeo ad ipsum negando consequentia. ⁋ Ad 
primam probationem eius dico quod Aug. vult ibi notare hanc esse
impossibilem. aliter fit quam deus praesciuit: seu hanc copulatiuam:
aliter fiet: et tamen sic fiendum esse deus praesciuit. et per consequens hanc con¬
ditionalem esse necessariam si sic fiendum deus praesciuit sic fiet: et eodem¬
modo intelligendum est dictum Boetii proxime allegatum. quod quisque
nouit illud aliter esse quam notum est nequit: quod patet: quia ipsum sumit
ad probandum istam coditionalem esse necessariam: si quem ambulare
scias: necesse est eum ambulare: et similem in sententia magister po¬
nit solutionem in ista distinctione. ⁋ Ad aliam probatione ex
dicto Ansel. dico quod illud dictum Ansel. quod deus praescit futurum
necesse est esse futurum. et similiter aliud eiusde ibide. necesse est
omne futurum esse futurum et plura alia: que ibi dicit: sunt eodem
modo intelligenda scilicet vt notetur necessitas conditionalis siue consequentie:
quam ipse vocat necessitatem sequentem positionem rei: et ista huiusmodi di
cta sumantur secundum intentionem eius: vt equivaleant conditionalibus.
Et quod hoc sit secundum intentionem eius patet. quia in principio eiusdem capi¬
tuli. 4 ait. cum dico: si erit ex necessitate erit hoc sequitur neces¬
sitas rei positionem non praecedit. idest valet si sic pronuncietur: quod
erit ex necessitate erit: non enim aliud significat hec necessitas:
nisi quia si sit non poterit simul non esse. hic patet quod dictum est pri¬
mo quidem: quia dicit: hoc valere illam conditionalem et aliam ca¬
thegoricam: que licem secundum formam suam non equivaleret: secundum intel¬
lectum tamen eius qui eam format equivalet illi seu vt equiualens su
mitur. 2o quia ait quod talis necessitas non significat nisi impossibus
litatem huius copulatiue. aliquid erit et ipsum non erit: et per consequens
non nisi necessitatem conditionalis opposite: et in hoc sensu est
exponit se infra. rem inquit futuram necesse est esse futuram:
quoniam nequit futurum esse simul non futurum: et similiter iuxta finem capitu
li. dicit quod idem sensus est si dicatur. quod deus praescit necesse est
esse futurum. Et si dicatur. si deus praescit necesse est illud esse futu¬
rum. ⁋ Unde notandum quod illud dictum eiusdem ibidem quod quaetiens
idem dicimus de eodem necesse est esse quod dicitur vt omne futurum
est ex necessitate futurum: et omnis homo ex necessitate est homo et si¬
milia: quamuis de virtute sermonis sit falsum. tamen secundum intellectum
eius qui talia intelligebat: vt dicit quidam doctor tenet subin¬
tellecta constantia subiecti: vtputa supposito quod homo sit: necesse
est quod homo sit homo. et supposito quod aliquid sit futurum necesse est
illud esse futurum: et sic de aliis. seu quod idem est vt sumuntur equi
ualenter conditionalibus: sicut patet: quia semper ibidem iungit condi¬
tionalem cum cathegorica. vnde ait. Cum enim dicitur quod omnis homo
est homo: aut si est homo. homo est. aut omne album est album: et si est
album. album est. necesse est esse quod dicitur. quia non potest aliquid esse
simul e non esse: que probatio clare demonstrat eius intellectum
esse qui dictus est. sic inquam illud dictum et similia sumpta sunt vera
⁋ Ad secundam probationem dicendum quod ad certitudinem praescientiae vt
nunc est sermumo de ea non requiritur quod illud quod praescitur non possit
non fore: sed sufficit quod euidenter cognoscatur quod illud erit sicut
ad certam notitiam de cursu petrus currentis non requiritur quod ipse
non possit non currere: sed sufficit quod intuitiue et euidente
cognoscatur quod currit. Unde neganda est illa prima consequentia. quia</Unicode>
            </TextEquiv>
        </TextRegion>
        <TextRegion orientation="0.0" id="TextRegion_1597421359765_1365" custom="readingOrder {index:1;}">
            <Coords points="1084,224 2029,224 2029,3157 1084,3157"/>
            <TextLine id="r3l6" custom="readingOrder {index:0;}">
                <Coords points="1128,326 2031,336 2031,297 2000,285 1338,261 1129,280"/>
                <Baseline points="1134,320 1178,320 1223,320 1267,320 1312,320 1356,320 1401,320 1445,320 1490,321 1534,321 1579,321 1624,321 1668,322 1713,323 1757,323 1802,324 1846,324 1891,325 1935,326 1980,326 2025,327"/>
                <TextEquiv>
                    <Unicode>quamuis futurum possit non esse futurum: non tamen non erit futurum: et</Unicode>
                </TextEquiv>
            </TextLine>
            <TextLine id="r3l8" custom="readingOrder {index:1;}">
                <Coords points="1122,376 2015,377 2015,338 1933,331 1123,325"/>
                <Baseline points="1128,362 1172,363 1216,363 1260,363 1304,363 1348,363 1392,363 1436,365 1480,365 1524,365 1568,365 1612,365 1656,366 1700,366 1744,366 1788,366 1832,368 1876,368 1920,368 1964,369 2009,369"/>
                <TextEquiv>
                    <Unicode>hoc clare deus nouit quod si de facto illud non esset futurum</Unicode>
                </TextEquiv>
            </TextLine>
            <TextLine id="r3l10" custom="readingOrder {index:2;}">
                <Coords points="1136,413 1997,419 1997,376 1936,372 1137,377"/>
                <Baseline points="1142,408 1184,408 1226,407 1269,407 1311,407 1354,407 1396,407 1439,407 1481,408 1524,408 1566,408 1608,408 1651,410 1693,410 1736,410 1778,411 1821,411 1863,411 1906,411 1948,411 1991,411"/>
                <TextEquiv>
                    <Unicode>vtique deus nosset euidenter illud non esse futurum. ⁋ Ad 3a</Unicode>
                </TextEquiv>
            </TextLine>
            <TextLine id="r3l13" custom="readingOrder {index:3;}">
                <Coords points="1127,465 1977,466 2009,462 2010,416 1128,423"/>
                <Baseline points="1133,450 1176,450 1220,450 1263,450 1307,450 1350,450 1394,450 1437,450 1481,452 1524,452 1568,452 1612,453 1655,453 1699,453 1742,454 1786,455 1829,455 1873,455 1916,455 1960,456 2004,456"/>
                <TextEquiv>
                    <Unicode>probationem respondet scilicet Tho. conceo consequentiam: et quod antecedens est necessa</Unicode>
                </TextEquiv>
            </TextLine>
            <TextLine id="r3l16" custom="readingOrder {index:4;}">
                <Coords points="1119,502 1961,519 2012,507 2012,462 1119,469"/>
                <Baseline points="1124,494 1168,494 1212,494 1256,494 1300,494 1344,494 1388,494 1432,494 1476,495 1520,495 1565,495 1609,495 1653,495 1697,495 1741,497 1785,497 1829,497 1873,498 1917,498 1961,500 2006,501"/>
                <TextEquiv>
                    <Unicode>rium absolute: sed dicit quod quando in antecedente ponitur aliquio</Unicode>
                </TextEquiv>
            </TextLine>
            <TextLine id="r3l19" custom="readingOrder {index:5;}">
                <Coords points="1134,543 2015,555 2015,506 1134,506"/>
                <Baseline points="1140,536 1183,536 1226,537 1270,537 1313,537 1357,537 1400,538 1444,539 1487,539 1531,539 1574,539 1617,539 1661,539 1704,540 1748,540 1791,540 1835,540 1878,542 1922,542 1965,542 2009,543"/>
                <TextEquiv>
                    <Unicode>pertinens ad actum anime. consequens est accipiendum non secundum esse quod</Unicode>
                </TextEquiv>
            </TextLine>
            <TextLine id="line_1597421359906_1370" custom="readingOrder {index:6;}">
                <Coords points="1122,588 2035,584 2035,558 1915,547 1122,551"/>
                <Baseline points="1128,578 1179,579 1231,579 1282,581 1334,581 1385,581 1437,581 1488,582 1540,582 1591,582 1643,582 1695,582 1746,584 1798,584 1849,584 1901,585 1952,585 2004,587 2029,587"/>
                <TextEquiv>
                    <Unicode>in se est. sed secundum esse quod est in anima. Aliud enim est esse rei in</Unicode>
                </TextEquiv>
            </TextLine>
            <TextLine id="line_1597421359907_1372" custom="readingOrder {index:7;}">
                <Coords points="1131,632 2035,639 2021,593 1132,584"/>
                <Baseline points="1137,623 1185,623 1234,623 1283,624 1332,624 1381,624 1430,624 1479,624 1528,624 1577,624 1626,626 1674,626 1723,626 1772,627 1821,627 1870,628 1919,629 1968,630 2017,632 2029,632"/>
                <TextEquiv>
                    <Unicode>seipsa. aliud esse rei in anima: vtputa si dicam si anima intel</Unicode>
                </TextEquiv>
            </TextLine>
            <TextLine id="r3l26" custom="readingOrder {index:8;}">
                <Coords points="1132,673 2021,681 2014,635 1132,633"/>
                <Baseline points="1137,665 1180,665 1224,666 1268,666 1312,667 1356,668 1400,668 1444,668 1488,668 1532,668 1576,669 1619,669 1663,669 1707,669 1751,669 1795,670 1839,671 1883,671 1927,671 1971,672 2015,672"/>
                <TextEquiv>
                    <Unicode>ligit aliquid: illud est immateriale. intelligendum est quod illud est</Unicode>
                </TextEquiv>
            </TextLine>
            <TextLine id="r3l28" custom="readingOrder {index:9;}">
                <Coords points="1118,720 2025,731 2005,678 1118,672"/>
                <Baseline points="1124,710 1168,710 1213,710 1258,710 1303,711 1347,711 1392,711 1437,711 1482,712 1526,713 1571,713 1616,713 1661,713 1705,713 1750,714 1795,714 1840,714 1884,714 1929,716 1974,716 2019,716"/>
                <TextEquiv>
                    <Unicode>immateriale secundum esse quod habet in anima: vel in intellectu: non secundum quod</Unicode>
                </TextEquiv>
            </TextLine>
            <TextLine id="r3l30" custom="readingOrder {index:10;}">
                <Coords points="1123,766 2031,767 2031,731 1942,721 1123,720"/>
                <Baseline points="1128,752 1172,753 1217,753 1262,755 1307,755 1352,755 1397,755 1441,755 1486,756 1531,756 1576,756 1621,756 1666,756 1711,756 1755,756 1800,756 1845,758 1890,758 1935,758 1980,759 2025,761"/>
                <TextEquiv>
                    <Unicode>est in seipso: et similiter si dicam. si deus scit aliquid illud erit.</Unicode>
                </TextEquiv>
            </TextLine>
            <TextLine id="r3l32" custom="readingOrder {index:11;}">
                <Coords points="1113,808 2026,809 2026,770 1975,765 1113,770"/>
                <Baseline points="1119,795 1164,797 1209,797 1254,797 1299,797 1344,798 1389,798 1434,798 1479,798 1524,798 1570,800 1615,800 1660,800 1705,800 1750,800 1795,801 1840,801 1885,801 1930,801 1975,801 2021,803"/>
                <TextEquiv>
                    <Unicode>consequens intelligendum est prout subest diuine scientie scilicet prout est in</Unicode>
                </TextEquiv>
            </TextLine>
            <TextLine id="r3l34" custom="readingOrder {index:12;}">
                <Coords points="1119,856 1899,862 2017,853 2018,812 1120,807"/>
                <Baseline points="1125,839 1169,840 1213,840 1258,840 1302,840 1346,842 1391,842 1435,842 1479,842 1524,842 1568,843 1612,843 1657,843 1701,843 1745,843 1790,843 1834,845 1878,845 1923,845 1967,846 2012,846"/>
                <TextEquiv>
                    <Unicode>sua prasentialitate: et sic necessarium est sicut et antecedens: quia omne</Unicode>
                </TextEquiv>
            </TextLine>
            <TextLine id="line_1597421359908_1374" custom="readingOrder {index:13;}">
                <Coords points="1120,891 2035,910 2035,860 2001,849 1120,856"/>
                <Baseline points="1125,882 1177,884 1229,884 1281,885 1334,885 1386,885 1438,885 1491,885 1543,885 1595,885 1648,887 1700,887 1752,887 1804,888 1857,889 1909,890 1961,891 2014,893 2029,893"/>
                <TextEquiv>
                    <Unicode>quod est quando est etc. vt dicitur primo peryarmenias. ⁋ Sed</Unicode>
                </TextEquiv>
            </TextLine>
            <TextLine id="line_1597421359908_1376" custom="readingOrder {index:14;}">
                <Coords points="1118,935 1962,949 2034,946 2035,910 1118,891"/>
                <Baseline points="1124,924 1174,926 1225,927 1276,927 1326,929 1377,929 1428,929 1478,929 1529,929 1580,929 1631,929 1681,929 1732,929 1783,929 1833,930 1884,931 1935,933 1985,935 2029,936"/>
                <TextEquiv>
                    <Unicode>salua eius reuerentia illa solutio non cotinet veritate: nec</Unicode>
                </TextEquiv>
            </TextLine>
            <TextLine id="r3l40" custom="readingOrder {index:15;}">
                <Coords points="1115,980 2009,983 2001,941 1116,934"/>
                <Baseline points="1121,969 1165,969 1209,971 1253,971 1297,971 1341,971 1385,972 1429,972 1473,972 1517,972 1562,972 1606,972 1650,972 1694,974 1738,974 1782,974 1826,974 1870,975 1914,975 1958,975 2003,977"/>
                <TextEquiv>
                    <Unicode>in eo quod concedit nec in eo quod assumit. Primum probo: quia ca¬</Unicode>
                </TextEquiv>
            </TextLine>
            <TextLine id="r3l42" custom="readingOrder {index:16;}">
                <Coords points="1117,1026 2019,1033 2030,984 1117,982"/>
                <Baseline points="1122,1013 1167,1014 1212,1014 1257,1014 1302,1016 1347,1016 1392,1016 1437,1016 1482,1016 1527,1016 1573,1017 1618,1017 1663,1017 1708,1017 1753,1017 1798,1017 1843,1018 1888,1019 1933,1019 1978,1020 2024,1020"/>
                <TextEquiv>
                    <Unicode>piam istam cathegoricam: antichristus erit secundum se extra omnem con¬</Unicode>
                </TextEquiv>
            </TextLine>
            <TextLine id="r3l44" custom="readingOrder {index:17;}">
                <Coords points="1112,1069 2031,1079 2031,1034 1984,1027 1113,1027"/>
                <Baseline points="1118,1056 1163,1056 1208,1058 1254,1058 1299,1059 1344,1059 1390,1059 1435,1059 1480,1059 1526,1061 1571,1061 1616,1061 1662,1061 1707,1061 1752,1061 1798,1061 1843,1062 1888,1062 1934,1062 1979,1063 2025,1064"/>
                <TextEquiv>
                    <Unicode>sequentiam. et quero vtrum ipsa sit necessaria vel contingens: non po</Unicode>
                </TextEquiv>
            </TextLine>
            <TextLine id="r3l46" custom="readingOrder {index:18;}">
                <Coords points="1116,1117 2024,1113 2024,1073 1961,1069 1117,1069"/>
                <Baseline points="1122,1100 1166,1101 1211,1101 1256,1101 1301,1103 1346,1103 1390,1103 1435,1103 1480,1103 1525,1103 1570,1104 1614,1104 1659,1104 1704,1104 1749,1104 1794,1104 1838,1104 1883,1106 1928,1106 1973,1106 2018,1107"/>
                <TextEquiv>
                    <Unicode>test dici primum: quia tunc eadem ratione quelibet singularis de futu</Unicode>
                </TextEquiv>
            </TextLine>
            <TextLine id="r3l48" custom="readingOrder {index:19;}">
                <Coords points="1111,1154 2034,1160 2034,1122 1988,1113 1111,1116"/>
                <Baseline points="1116,1142 1161,1142 1207,1143 1252,1144 1298,1145 1344,1145 1389,1145 1435,1146 1480,1146 1526,1146 1572,1146 1617,1146 1663,1146 1708,1146 1754,1148 1800,1148 1845,1148 1891,1149 1936,1149 1982,1149 2028,1151"/>
                <TextEquiv>
                    <Unicode>ro contingenti vera esset necessaria: et quelibet falsa impossibilis:</Unicode>
                </TextEquiv>
            </TextLine>
            <TextLine id="r3l50" custom="readingOrder {index:20;}">
                <Coords points="1114,1197 2006,1199 2006,1165 1945,1156 1114,1154"/>
                <Baseline points="1119,1187 1163,1187 1207,1188 1251,1188 1295,1188 1339,1188 1383,1190 1427,1190 1471,1190 1515,1190 1560,1190 1604,1190 1648,1190 1692,1190 1736,1191 1780,1191 1824,1191 1868,1191 1912,1192 1956,1193 2001,1193"/>
                <TextEquiv>
                    <Unicode>et sic sequeretur quod nihil penitus esset ad vtrumlibet: sed omnia ne</Unicode>
                </TextEquiv>
            </TextLine>
            <TextLine id="r3l52" custom="readingOrder {index:21;}">
                <Coords points="1113,1238 2025,1244 2006,1204 1114,1197"/>
                <Baseline points="1119,1229 1164,1230 1209,1230 1254,1230 1299,1232 1344,1232 1389,1232 1434,1233 1479,1233 1524,1233 1569,1235 1614,1235 1659,1235 1704,1235 1749,1235 1794,1235 1839,1236 1884,1236 1929,1236 1974,1236 2019,1235"/>
                <TextEquiv>
                    <Unicode>cessario euenirent vel non euenirent: quod est contra sanctos et</Unicode>
                </TextEquiv>
            </TextLine>
            <TextLine id="r3l54" custom="readingOrder {index:22;}">
                <Coords points="1115,1281 2012,1288 1982,1241 1115,1236"/>
                <Baseline points="1121,1272 1165,1274 1209,1274 1253,1275 1298,1275 1342,1275 1386,1277 1430,1277 1475,1277 1519,1277 1563,1277 1607,1278 1652,1278 1696,1278 1740,1278 1784,1278 1829,1278 1873,1278 1917,1278 1961,1278 2006,1278"/>
                <TextEquiv>
                    <Unicode>fidem catholicam. ergo est contingens. ergo in quacumque consequentia ipsa su¬</Unicode>
                </TextEquiv>
            </TextLine>
            <TextLine id="r3l56" custom="readingOrder {index:23;}">
                <Coords points="1120,1324 2019,1331 1999,1287 1120,1289"/>
                <Baseline points="1125,1316 1169,1317 1213,1317 1258,1319 1302,1319 1347,1320 1391,1320 1435,1320 1480,1320 1524,1320 1569,1320 1613,1320 1657,1320 1702,1322 1746,1322 1791,1322 1835,1322 1879,1322 1924,1322 1968,1322 2013,1322"/>
                <TextEquiv>
                    <Unicode>matur semper erit simpliciter et absolute contingens. Nam sicut fal¬</Unicode>
                </TextEquiv>
            </TextLine>
            <TextLine id="r3l58" custom="readingOrder {index:24;}">
                <Coords points="1103,1370 2008,1374 2008,1337 1967,1328 1103,1326"/>
                <Baseline points="1109,1361 1153,1362 1198,1362 1243,1362 1287,1363 1332,1364 1377,1364 1421,1364 1466,1364 1511,1364 1556,1365 1600,1365 1645,1365 1690,1365 1734,1365 1779,1365 1824,1364 1868,1364 1913,1364 1958,1364 2003,1364"/>
                <TextEquiv>
                    <Unicode>sa propositio potest esse consequens in consequentia necessaria. cuius antecedens est falsum:</Unicode>
                </TextEquiv>
            </TextLine>
            <TextLine id="r3l60" custom="readingOrder {index:25;}">
                <Coords points="1119,1412 2019,1420 2011,1373 1120,1370"/>
                <Baseline points="1125,1403 1169,1404 1213,1404 1258,1406 1302,1406 1347,1406 1391,1407 1435,1407 1480,1407 1524,1407 1569,1407 1613,1407 1657,1407 1702,1407 1746,1407 1791,1407 1835,1407 1879,1407 1924,1407 1968,1407 2013,1409"/>
                <TextEquiv>
                    <Unicode>nec tamen ex hoc ipsa est minus falsa: et vera potest esse consequens ad aliam</Unicode>
                </TextEquiv>
            </TextLine>
            <TextLine id="r3l62" custom="readingOrder {index:26;}">
                <Coords points="1118,1461 2019,1462 2019,1419 1985,1414 1118,1420"/>
                <Baseline points="1124,1446 1168,1448 1212,1448 1257,1449 1301,1449 1346,1449 1390,1451 1435,1451 1479,1451 1524,1451 1568,1451 1612,1451 1657,1452 1701,1452 1746,1452 1790,1452 1835,1452 1879,1452 1924,1452 1968,1451 2013,1451"/>
                <TextEquiv>
                    <Unicode>veram. et etiam ad falsam: nec est ex hoc minus vera: et necessaria potest</Unicode>
                </TextEquiv>
            </TextLine>
            <TextLine id="r3l64" custom="readingOrder {index:27;}">
                <Coords points="1111,1501 2019,1503 1993,1458 1111,1466"/>
                <Baseline points="1116,1490 1160,1490 1205,1491 1250,1493 1295,1493 1340,1493 1385,1494 1429,1494 1474,1494 1519,1494 1564,1494 1609,1494 1654,1494 1699,1494 1743,1494 1788,1494 1833,1494 1878,1494 1923,1495 1968,1496 2013,1496"/>
                <TextEquiv>
                    <Unicode>esse consequens ad necessariam: et etiam ad contingentem: nec tamen est ex hoc</Unicode>
                </TextEquiv>
            </TextLine>
            <TextLine id="r3l66" custom="readingOrder {index:28;}">
                <Coords points="1113,1543 1998,1553 2016,1514 1113,1502"/>
                <Baseline points="1118,1535 1162,1535 1207,1535 1251,1535 1296,1536 1341,1536 1385,1536 1430,1536 1474,1536 1519,1538 1564,1538 1608,1538 1653,1538 1697,1538 1742,1538 1787,1538 1831,1538 1876,1538 1920,1538 1965,1538 2010,1539"/>
                <TextEquiv>
                    <Unicode>contingens aut minus necessaria. sic propositio cotingens non obstante quod</Unicode>
                </TextEquiv>
            </TextLine>
            <TextLine id="r3l68" custom="readingOrder {index:29;}">
                <Coords points="1107,1591 2010,1593 2010,1553 1962,1545 1108,1543"/>
                <Baseline points="1113,1577 1157,1578 1202,1578 1246,1578 1291,1578 1335,1578 1380,1580 1424,1580 1469,1580 1513,1580 1558,1580 1603,1580 1647,1581 1692,1581 1736,1581 1781,1581 1825,1581 1870,1581 1914,1581 1959,1580 2004,1580"/>
                <TextEquiv>
                    <Unicode>sumatur in consequentia necessaria non est ex hoc necessaria aut minus con</Unicode>
                </TextEquiv>
            </TextLine>
            <TextLine id="r3l70" custom="readingOrder {index:30;}">
                <Coords points="1109,1632 2015,1639 2015,1591 1972,1586 1109,1590"/>
                <Baseline points="1115,1620 1159,1622 1204,1622 1249,1622 1294,1622 1338,1622 1383,1623 1428,1623 1473,1622 1517,1622 1562,1622 1607,1622 1652,1622 1696,1622 1741,1622 1786,1622 1831,1623 1875,1623 1920,1623 1965,1625 2010,1625"/>
                <TextEquiv>
                    <Unicode>tingens. Unde etiam cum dicitur. si deus sciuit antichristum futurum</Unicode>
                </TextEquiv>
            </TextLine>
            <TextLine id="r3l72" custom="readingOrder {index:31;}">
                <Coords points="1115,1679 2018,1673 2017,1636 1942,1630 1116,1637"/>
                <Baseline points="1121,1664 1165,1664 1210,1664 1254,1665 1299,1665 1343,1665 1388,1665 1432,1665 1477,1665 1521,1667 1566,1667 1611,1667 1655,1667 1700,1667 1744,1667 1789,1667 1833,1667 1878,1667 1922,1667 1967,1668 2012,1668"/>
                <TextEquiv>
                    <Unicode>antichristus erit: non erit consequens minus contingens quam pus. Ex quo</Unicode>
                </TextEquiv>
            </TextLine>
            <TextLine id="r3l74" custom="readingOrder {index:32;}">
                <Coords points="1116,1713 1951,1728 2017,1718 2018,1676 1116,1679"/>
                <Baseline points="1122,1706 1166,1707 1211,1707 1255,1707 1300,1707 1344,1709 1389,1709 1433,1709 1478,1709 1522,1709 1567,1709 1611,1710 1656,1710 1700,1710 1745,1710 1789,1710 1834,1710 1878,1710 1923,1710 1967,1710 2012,1710"/>
                <TextEquiv>
                    <Unicode>etiam vlterius sequitur quod illud antecedens est cotingens: cuius oppo¬</Unicode>
                </TextEquiv>
            </TextLine>
            <TextLine id="r3l76" custom="readingOrder {index:33;}">
                <Coords points="1113,1759 2012,1765 2012,1718 1113,1713"/>
                <Baseline points="1119,1751 1163,1751 1207,1752 1252,1752 1296,1754 1341,1754 1385,1754 1429,1754 1474,1754 1518,1754 1563,1754 1607,1754 1651,1752 1696,1752 1740,1752 1785,1752 1829,1752 1873,1752 1918,1752 1962,1752 2007,1752"/>
                <TextEquiv>
                    <Unicode>situm dicit responsio. ⁋ Praeterea cum dicitur quod consequens est absolute ne</Unicode>
                </TextEquiv>
            </TextLine>
            <TextLine id="r3l78" custom="readingOrder {index:34;}">
                <Coords points="1110,1800 1993,1811 2018,1810 2019,1769 1110,1758"/>
                <Baseline points="1116,1793 1160,1794 1205,1794 1250,1794 1295,1794 1340,1796 1385,1796 1429,1796 1474,1796 1519,1796 1564,1796 1609,1796 1654,1797 1699,1797 1743,1797 1788,1797 1833,1797 1878,1797 1923,1796 1968,1796 2013,1796"/>
                <TextEquiv>
                    <Unicode>cessarium: prout subest divine sciente scilicet prout est in sua praesentialita</Unicode>
                </TextEquiv>
            </TextLine>
            <TextLine id="r3l80" custom="readingOrder {index:35;}">
                <Coords points="1112,1847 2016,1851 2016,1808 1979,1803 1112,1801"/>
                <Baseline points="1118,1836 1162,1838 1207,1838 1251,1839 1296,1839 1341,1839 1385,1839 1430,1839 1474,1839 1519,1839 1564,1839 1608,1839 1653,1839 1697,1839 1742,1839 1787,1839 1831,1839 1876,1839 1920,1839 1965,1839 2010,1839"/>
                <TextEquiv>
                    <Unicode>te: aut intelligitur quod futurum. vbi grata. antichristus non est in sua</Unicode>
                </TextEquiv>
            </TextLine>
            <TextLine id="r3l82" custom="readingOrder {index:36;}">
                <Coords points="1116,1897 2019,1895 2019,1849 1974,1845 1117,1843"/>
                <Baseline points="1122,1880 1166,1880 1211,1881 1255,1881 1300,1881 1344,1881 1389,1883 1433,1883 1478,1883 1522,1883 1567,1884 1612,1884 1656,1884 1701,1884 1745,1884 1790,1884 1834,1884 1879,1884 1923,1884 1968,1884 2013,1883"/>
                <TextEquiv>
                    <Unicode>praesentialitate id est actu in rerum natura secundum suum esse proprium distin¬</Unicode>
                </TextEquiv>
            </TextLine>
            <TextLine id="r3l84" custom="readingOrder {index:37;}">
                <Coords points="1104,1931 2021,1937 2021,1894 1980,1889 1104,1898"/>
                <Baseline points="1110,1922 1155,1923 1200,1925 1245,1925 1291,1926 1336,1926 1381,1926 1426,1926 1472,1926 1517,1926 1562,1926 1607,1926 1653,1926 1698,1926 1743,1926 1788,1926 1834,1926 1879,1926 1924,1926 1969,1926 2015,1926"/>
                <TextEquiv>
                    <Unicode>ctum a deo: et secundum suam talem praesentialitatem subest scientie dei: et</Unicode>
                </TextEquiv>
            </TextLine>
            <TextLine id="r3l86" custom="readingOrder {index:38;}">
                <Coords points="1103,1987 1915,1988 2012,1979 2013,1938 1103,1936"/>
                <Baseline points="1109,1967 1153,1967 1198,1968 1243,1968 1288,1968 1333,1968 1378,1970 1423,1970 1468,1970 1513,1970 1558,1970 1602,1971 1647,1971 1692,1971 1737,1971 1782,1971 1827,1970 1872,1970 1917,1970 1962,1970 2007,1968"/>
                <TextEquiv>
                    <Unicode>sic propter falsam implicationem illud dictum est falsum: alio¬</Unicode>
                </TextEquiv>
            </TextLine>
            <TextLine id="r3l88" custom="readingOrder {index:39;}">
                <Coords points="1103,2020 2021,2023 2021,1990 1977,1978 1103,1982"/>
                <Baseline points="1109,2010 1154,2011 1199,2012 1244,2012 1290,2012 1335,2013 1380,2013 1426,2013 1471,2013 1516,2013 1562,2013 1607,2013 1652,2013 1697,2013 1743,2013 1788,2013 1833,2013 1879,2013 1924,2013 1969,2012 2015,2012"/>
                <TextEquiv>
                    <Unicode>quin sequeretur quod iam actu antichristus esset productus et creatus</Unicode>
                </TextEquiv>
            </TextLine>
            <TextLine id="r3l90" custom="readingOrder {index:40;}">
                <Coords points="1110,2060 2016,2071 2007,2023 1110,2024"/>
                <Baseline points="1115,2052 1159,2054 1204,2054 1249,2055 1294,2055 1338,2055 1383,2056 1428,2057 1473,2057 1517,2057 1562,2057 1607,2057 1652,2057 1696,2057 1741,2058 1786,2058 1831,2058 1875,2058 1920,2058 1965,2058 2010,2058"/>
                <TextEquiv>
                    <Unicode>a deo: immo certe cum non habeat hodie magis actu esse quam ha</Unicode>
                </TextEquiv>
            </TextLine>
            <TextLine id="r3l92" custom="readingOrder {index:41;}">
                <Coords points="1112,2107 2018,2108 1990,2064 1112,2060"/>
                <Baseline points="1118,2097 1162,2097 1207,2099 1252,2099 1297,2100 1341,2100 1386,2100 1431,2100 1476,2100 1520,2100 1565,2100 1610,2100 1655,2100 1699,2100 1744,2100 1789,2100 1834,2100 1878,2100 1923,2100 1968,2100 2013,2100"/>
                <TextEquiv>
                    <Unicode>buerit heri et pridie: et etiam ab eterno: sequitur quod antichristus</Unicode>
                </TextEquiv>
            </TextLine>
            <TextLine id="r3l94" custom="readingOrder {index:42;}">
                <Coords points="1107,2152 1964,2160 2019,2151 2019,2108 1107,2112"/>
                <Baseline points="1112,2141 1157,2141 1202,2141 1247,2142 1292,2142 1337,2142 1382,2142 1427,2144 1472,2144 1517,2144 1562,2144 1607,2144 1652,2145 1697,2145 1742,2145 1787,2144 1832,2144 1877,2144 1922,2144 1967,2143 2013,2142"/>
                <TextEquiv>
                    <Unicode>ab eterno fuerit a deo creatus: et simili modo quodlibet futurum et</Unicode>
                </TextEquiv>
            </TextLine>
            <TextLine id="r3l96" custom="readingOrder {index:43;}">
                <Coords points="1107,2191 2013,2198 2013,2153 1107,2151"/>
                <Baseline points="1113,2183 1157,2184 1202,2184 1247,2184 1291,2186 1336,2186 1381,2186 1425,2186 1470,2187 1515,2187 1560,2187 1604,2187 1649,2187 1694,2187 1738,2187 1783,2187 1828,2187 1872,2187 1917,2187 1962,2186 2007,2186"/>
                <TextEquiv>
                    <Unicode>totus mundus etiam. Nam et mund deus praesciuit futurum: sed omnia</Unicode>
                </TextEquiv>
            </TextLine>
            <TextLine id="r3l98" custom="readingOrder {index:44;}">
                <Coords points="1104,2243 2021,2241 2021,2198 1987,2192 1104,2191"/>
                <Baseline points="1109,2226 1154,2228 1199,2228 1245,2228 1290,2229 1335,2229 1381,2229 1426,2231 1471,2231 1517,2231 1562,2231 1607,2232 1653,2232 1698,2232 1743,2232 1789,2232 1834,2232 1879,2232 1925,2231 1970,2231 2016,2231"/>
                <TextEquiv>
                    <Unicode>ista sunt falsa et contra scripturam dicentem quod in principio creauit</Unicode>
                </TextEquiv>
            </TextLine>
            <TextLine id="r3l100" custom="readingOrder {index:45;}">
                <Coords points="1113,2278 2016,2292 2002,2236 1114,2243"/>
                <Baseline points="1119,2270 1163,2270 1208,2271 1252,2271 1297,2273 1341,2273 1386,2273 1430,2274 1475,2274 1519,2274 1564,2274 1609,2274 1653,2274 1698,2276 1742,2276 1787,2274 1831,2274 1876,2274 1920,2274 1965,2274 2010,2273"/>
                <TextEquiv>
                    <Unicode>deus etc. et contra euidentem veritatem. Nam videmus aliqua</Unicode>
                </TextEquiv>
            </TextLine>
            <TextLine id="r3l102" custom="readingOrder {index:46;}">
                <Coords points="1112,2320 1797,2337 2005,2326 2006,2291 1112,2279"/>
                <Baseline points="1118,2315 1162,2315 1206,2315 1250,2315 1294,2315 1338,2316 1382,2316 1426,2316 1470,2318 1514,2318 1559,2318 1603,2318 1647,2318 1691,2319 1735,2319 1779,2319 1823,2318 1867,2318 1911,2318 1955,2316 2000,2316"/>
                <TextEquiv>
                    <Unicode>fieri de nouo: et in se implicantia contradictionem. quia secundum hoc ali¬</Unicode>
                </TextEquiv>
            </TextLine>
            <TextLine id="r3l104" custom="readingOrder {index:47;}">
                <Coords points="1116,2375 2019,2368 2019,2329 1984,2327 1116,2327"/>
                <Baseline points="1122,2357 1166,2357 1211,2358 1255,2358 1300,2359 1344,2360 1389,2360 1433,2360 1478,2361 1522,2361 1567,2361 1612,2361 1656,2363 1701,2363 1745,2363 1790,2363 1834,2363 1879,2363 1923,2363 1968,2362 2013,2361"/>
                <TextEquiv>
                    <Unicode>quid esset futurum et non esset futurum: sed praesens: prima consequentia patet:</Unicode>
                </TextEquiv>
            </TextLine>
            <TextLine id="r3l106" custom="readingOrder {index:48;}">
                <Coords points="1103,2410 1981,2417 2006,2369 1103,2378"/>
                <Baseline points="1109,2402 1153,2402 1198,2402 1242,2402 1287,2402 1331,2402 1376,2403 1420,2403 1465,2403 1509,2403 1554,2405 1599,2405 1643,2405 1688,2405 1732,2405 1777,2405 1821,2405 1866,2404 1910,2403 1955,2402 2000,2400"/>
                <TextEquiv>
                    <Unicode>qui omnis entitas vel natura actu existens distincta a deo est</Unicode>
                </TextEquiv>
            </TextLine>
            <TextLine id="r3l108" custom="readingOrder {index:49;}">
                <Coords points="1105,2454 2013,2454 2013,2418 1962,2409 1105,2413"/>
                <Baseline points="1110,2444 1154,2444 1199,2445 1244,2445 1289,2446 1334,2447 1379,2447 1423,2447 1468,2447 1513,2448 1558,2448 1603,2448 1648,2448 1693,2448 1737,2448 1782,2448 1827,2448 1872,2448 1917,2448 1962,2448 2007,2448"/>
                <TextEquiv>
                    <Unicode>a deo creata iuxta illud Aug. de fi. ad petrus Principaliter</Unicode>
                </TextEquiv>
            </TextLine>
            <TextLine id="r3l110" custom="readingOrder {index:50;}">
                <Coords points="1112,2497 2004,2501 2004,2457 1113,2465"/>
                <Baseline points="1118,2487 1162,2489 1206,2489 1250,2489 1294,2489 1338,2490 1382,2490 1426,2490 1470,2492 1514,2492 1558,2492 1602,2492 1646,2492 1690,2492 1734,2492 1778,2492 1822,2492 1866,2492 1910,2492 1954,2490 1998,2490"/>
                <TextEquiv>
                    <Unicode>itaque tene omnem naturam que non est trinitas ab ipsa sancta tri</Unicode>
                </TextEquiv>
            </TextLine>
            <TextLine id="r3l112" custom="readingOrder {index:51;}">
                <Coords points="1113,2541 2019,2546 2019,2506 1990,2497 1113,2497"/>
                <Baseline points="1119,2531 1163,2531 1208,2532 1253,2532 1297,2534 1342,2534 1387,2534 1431,2534 1476,2534 1521,2534 1566,2534 1610,2534 1655,2534 1700,2534 1744,2534 1789,2534 1834,2535 1878,2535 1923,2535 1968,2535 2013,2537"/>
                <TextEquiv>
                    <Unicode>nitate que solus deus et eternus deus creatam ex nihilo. Et</Unicode>
                </TextEquiv>
            </TextLine>
            <TextLine id="r3l114" custom="readingOrder {index:52;}">
                <Coords points="1106,2590 2007,2594 1993,2540 1106,2542"/>
                <Baseline points="1112,2576 1156,2577 1200,2577 1245,2577 1289,2577 1334,2579 1378,2579 1423,2579 1467,2579 1512,2579 1556,2580 1600,2580 1645,2580 1689,2580 1734,2580 1778,2580 1823,2579 1867,2579 1912,2579 1956,2577 2001,2577"/>
                <TextEquiv>
                    <Unicode>plura sequuntur ad propositum: aut intelligitur quod antichristus est</Unicode>
                </TextEquiv>
            </TextLine>
            <TextLine id="r3l116" custom="readingOrder {index:53;}">
                <Coords points="1104,2628 2010,2631 2010,2592 1980,2586 1104,2591"/>
                <Baseline points="1109,2619 1153,2619 1198,2619 1243,2620 1288,2621 1332,2621 1377,2621 1422,2622 1467,2622 1511,2622 1556,2622 1601,2622 1646,2622 1690,2622 1735,2622 1780,2622 1825,2622 1869,2622 1914,2622 1959,2622 2004,2621"/>
                <TextEquiv>
                    <Unicode>in sua praesentialitate non modo praedicto: sed solum quia praesentialiter</Unicode>
                </TextEquiv>
            </TextLine>
            <TextLine id="r3l118" custom="readingOrder {index:54;}">
                <Coords points="1107,2675 1970,2679 2003,2673 2003,2630 1107,2635"/>
                <Baseline points="1113,2663 1157,2663 1201,2664 1245,2664 1289,2664 1334,2664 1378,2664 1422,2666 1466,2666 1510,2666 1555,2666 1599,2666 1643,2667 1687,2667 1731,2667 1776,2667 1820,2666 1864,2666 1908,2666 1952,2664 1997,2664"/>
                <TextEquiv>
                    <Unicode>a deo cognoscitur: ita quod deus non est in potentia abiiciente actum</Unicode>
                </TextEquiv>
            </TextLine>
            <TextLine id="r3l120" custom="readingOrder {index:55;}">
                <Coords points="1110,2716 2007,2725 2007,2681 1955,2672 1110,2674"/>
                <Baseline points="1116,2705 1160,2705 1204,2706 1248,2706 1293,2708 1337,2708 1381,2708 1425,2708 1470,2709 1514,2709 1558,2709 1602,2709 1647,2709 1691,2709 1735,2709 1779,2709 1824,2709 1868,2709 1912,2709 1956,2709 2001,2709"/>
                <TextEquiv>
                    <Unicode>ad cognoscendum antichristum distincte secundum quod scimus nos qui</Unicode>
                </TextEquiv>
            </TextLine>
            <TextLine id="r3l122" custom="readingOrder {index:56;}">
                <Coords points="1105,2759 2001,2766 2001,2728 1921,2715 1105,2720"/>
                <Baseline points="1110,2750 1154,2750 1198,2750 1242,2750 1287,2751 1331,2751 1375,2751 1419,2751 1464,2751 1508,2753 1552,2753 1596,2753 1641,2753 1685,2754 1729,2754 1773,2754 1818,2754 1862,2753 1906,2753 1950,2753 1995,2751"/>
                <TextEquiv>
                    <Unicode>non possumus futura cognoscere dum sunt futura: sed secundum quod</Unicode>
                </TextEquiv>
            </TextLine>
            <TextLine id="r3l124" custom="readingOrder {index:57;}">
                <Coords points="1111,2800 2010,2803 2010,2760 1111,2758"/>
                <Baseline points="1116,2793 1160,2793 1204,2793 1249,2793 1293,2793 1338,2793 1382,2795 1426,2795 1471,2796 1515,2796 1560,2796 1604,2798 1648,2798 1693,2798 1737,2798 1782,2798 1826,2797 1870,2796 1915,2795 1959,2793 2004,2792"/>
                <TextEquiv>
                    <Unicode>ista sunt secundum se futura: ita cognitio eorum in nobis est futu¬</Unicode>
                </TextEquiv>
            </TextLine>
            <TextLine id="r3l126" custom="readingOrder {index:58;}">
                <Coords points="1113,2847 1959,2857 2012,2846 2012,2804 1113,2811"/>
                <Baseline points="1119,2837 1163,2837 1207,2837 1252,2838 1296,2838 1341,2838 1385,2838 1429,2839 1474,2840 1518,2840 1563,2840 1607,2840 1651,2841 1696,2841 1740,2840 1785,2840 1829,2840 1873,2840 1918,2838 1962,2838 2007,2837"/>
                <TextEquiv>
                    <Unicode>ra. si tamen cognosceretur a nobis: in deo autem futurorum est</Unicode>
                </TextEquiv>
            </TextLine>
            <TextLine id="r3l128" custom="readingOrder {index:59;}">
                <Coords points="1106,2900 2012,2889 2012,2851 1978,2846 1106,2848"/>
                <Baseline points="1112,2883 1156,2882 1201,2882 1246,2882 1290,2882 1335,2882 1380,2882 1424,2882 1469,2883 1514,2883 1559,2885 1603,2885 1648,2885 1693,2885 1737,2885 1782,2885 1827,2884 1871,2883 1916,2882 1961,2880 2006,2877"/>
                <TextEquiv>
                    <Unicode>perfecta cognitio non futura: sed praesens: sicut nec praeteritorum co¬</Unicode>
                </TextEquiv>
            </TextLine>
            <TextLine id="r3l130" custom="readingOrder {index:60;}">
                <Coords points="1107,2940 2012,2935 2012,2890 1107,2900"/>
                <Baseline points="1112,2925 1156,2925 1201,2925 1246,2925 1290,2925 1335,2925 1380,2925 1424,2925 1469,2927 1514,2927 1559,2927 1603,2927 1648,2928 1693,2927 1737,2927 1782,2927 1827,2926 1871,2925 1916,2924 1961,2922 2006,2919"/>
                <TextEquiv>
                    <Unicode>gnitio praeteribit: sed est praesens: secundum quem modum intelligenda</Unicode>
                </TextEquiv>
            </TextLine>
            <TextLine id="r3l132" custom="readingOrder {index:61;}">
                <Coords points="1106,2982 2011,2980 2011,2934 1106,2940"/>
                <Baseline points="1112,2967 1156,2967 1201,2967 1246,2967 1290,2967 1335,2967 1380,2969 1424,2969 1469,2969 1514,2970 1559,2970 1603,2970 1648,2970 1693,2970 1737,2970 1782,2970 1827,2970 1871,2969 1916,2967 1961,2966 2006,2964"/>
                <TextEquiv>
                    <Unicode>sunt dicta sanctorum: cum dicunt tam futura quam praeterita esse</Unicode>
                </TextEquiv>
            </TextLine>
            <TextLine id="r3l134" custom="readingOrder {index:62;}">
                <Coords points="1106,3023 1848,3030 2000,3018 2000,2974 1106,2983"/>
                <Baseline points="1112,3011 1156,3011 1200,3012 1244,3012 1288,3012 1332,3012 1376,3012 1420,3014 1464,3014 1508,3014 1553,3014 1597,3014 1641,3014 1685,3014 1729,3014 1773,3014 1817,3012 1861,3012 1905,3011 1949,3010 1994,3008"/>
                <TextEquiv>
                    <Unicode>deo cognita et praesentia: vt supra dicebatur. Si inquam sic intel¬</Unicode>
                </TextEquiv>
            </TextLine>
            <TextLine id="r3l136" custom="readingOrder {index:63;}">
                <Coords points="1107,3064 2013,3063 1984,3016 1107,3022"/>
                <Baseline points="1113,3056 1157,3056 1202,3056 1247,3056 1291,3056 1336,3056 1381,3057 1425,3057 1470,3057 1515,3057 1560,3057 1604,3057 1649,3057 1694,3057 1738,3057 1783,3056 1828,3056 1872,3056 1917,3054 1962,3054 2007,3053"/>
                <TextEquiv>
                    <Unicode>ligitur non ex hoc tollitur quin antichristus et similiter quodcumque</Unicode>
                </TextEquiv>
            </TextLine>
            <TextLine id="r3l138" custom="readingOrder {index:64;}">
                <Coords points="1103,3131 1217,3108 2015,3117 2015,3074 1972,3061 1103,3066"/>
                <Baseline points="1109,3101 1154,3101 1199,3101 1244,3101 1289,3102 1334,3102 1379,3102 1424,3102 1469,3102 1514,3102 1559,3102 1604,3102 1649,3102 1694,3102 1739,3101 1784,3101 1829,3101 1874,3099 1919,3099 1964,3098 2009,3096"/>
                <TextEquiv>
                    <Unicode>futurum contingens sit contingenter futurum secundum suum esse</Unicode>
                </TextEquiv>
            </TextLine>
            <TextEquiv>
                <Unicode>quamuis futurum possit non esse futurum: non tamen non erit futurum: et
hoc clare deus nouit quod si de facto illud non esset futurum
vtique deus nosset euidenter illud non esse futurum. ⁋ Ad 3a
probationem respondet scilicet Tho. conceo consequentiam: et quod antecedens est necessa
rium absolute: sed dicit quod quando in antecedente ponitur aliquio
pertinens ad actum anime. consequens est accipiendum non secundum esse quod
in se est. sed secundum esse quod est in anima. Aliud enim est esse rei in
seipsa. aliud esse rei in anima: vtputa si dicam si anima intel
ligit aliquid: illud est immateriale. intelligendum est quod illud est
immateriale secundum esse quod habet in anima: vel in intellectu: non secundum quod
est in seipso: et similiter si dicam. si deus scit aliquid illud erit.
consequens intelligendum est prout subest diuine scientie scilicet prout est in
sua prasentialitate: et sic necessarium est sicut et antecedens: quia omne
quod est quando est etc. vt dicitur primo peryarmenias. ⁋ Sed
salua eius reuerentia illa solutio non cotinet veritate: nec
in eo quod concedit nec in eo quod assumit. Primum probo: quia ca¬
piam istam cathegoricam: antichristus erit secundum se extra omnem con¬
sequentiam. et quero vtrum ipsa sit necessaria vel contingens: non po
test dici primum: quia tunc eadem ratione quelibet singularis de futu
ro contingenti vera esset necessaria: et quelibet falsa impossibilis:
et sic sequeretur quod nihil penitus esset ad vtrumlibet: sed omnia ne
cessario euenirent vel non euenirent: quod est contra sanctos et
fidem catholicam. ergo est contingens. ergo in quacumque consequentia ipsa su¬
matur semper erit simpliciter et absolute contingens. Nam sicut fal¬
sa propositio potest esse consequens in consequentia necessaria. cuius antecedens est falsum:
nec tamen ex hoc ipsa est minus falsa: et vera potest esse consequens ad aliam
veram. et etiam ad falsam: nec est ex hoc minus vera: et necessaria potest
esse consequens ad necessariam: et etiam ad contingentem: nec tamen est ex hoc
contingens aut minus necessaria. sic propositio cotingens non obstante quod
sumatur in consequentia necessaria non est ex hoc necessaria aut minus con
tingens. Unde etiam cum dicitur. si deus sciuit antichristum futurum
antichristus erit: non erit consequens minus contingens quam pus. Ex quo
etiam vlterius sequitur quod illud antecedens est cotingens: cuius oppo¬
situm dicit responsio. ⁋ Praeterea cum dicitur quod consequens est absolute ne
cessarium: prout subest divine sciente scilicet prout est in sua praesentialita
te: aut intelligitur quod futurum. vbi grata. antichristus non est in sua
praesentialitate id est actu in rerum natura secundum suum esse proprium distin¬
ctum a deo: et secundum suam talem praesentialitatem subest scientie dei: et
sic propter falsam implicationem illud dictum est falsum: alio¬
quin sequeretur quod iam actu antichristus esset productus et creatus
a deo: immo certe cum non habeat hodie magis actu esse quam ha
buerit heri et pridie: et etiam ab eterno: sequitur quod antichristus
ab eterno fuerit a deo creatus: et simili modo quodlibet futurum et
totus mundus etiam. Nam et mund deus praesciuit futurum: sed omnia
ista sunt falsa et contra scripturam dicentem quod in principio creauit
deus etc. et contra euidentem veritatem. Nam videmus aliqua
fieri de nouo: et in se implicantia contradictionem. quia secundum hoc ali¬
quid esset futurum et non esset futurum: sed praesens: prima consequentia patet:
qui omnis entitas vel natura actu existens distincta a deo est
a deo creata iuxta illud Aug. de fi. ad petrus Principaliter
itaque tene omnem naturam que non est trinitas ab ipsa sancta tri
nitate que solus deus et eternus deus creatam ex nihilo. Et
plura sequuntur ad propositum: aut intelligitur quod antichristus est
in sua praesentialitate non modo praedicto: sed solum quia praesentialiter
a deo cognoscitur: ita quod deus non est in potentia abiiciente actum
ad cognoscendum antichristum distincte secundum quod scimus nos qui
non possumus futura cognoscere dum sunt futura: sed secundum quod
ista sunt secundum se futura: ita cognitio eorum in nobis est futu¬
ra. si tamen cognosceretur a nobis: in deo autem futurorum est
perfecta cognitio non futura: sed praesens: sicut nec praeteritorum co¬
gnitio praeteribit: sed est praesens: secundum quem modum intelligenda
sunt dicta sanctorum: cum dicunt tam futura quam praeterita esse
deo cognita et praesentia: vt supra dicebatur. Si inquam sic intel¬
ligitur non ex hoc tollitur quin antichristus et similiter quodcumque
futurum contingens sit contingenter futurum secundum suum esse</Unicode>
            </TextEquiv>
        </TextRegion>
    </Page>
</PcGts>
