2447 3521
206 232 1112 308 dit quod per scientiam vnius generis subiecti non conuenit probare aliquam
211 288 1103 338 conclusione non communicantem illud genus subiecti: sed alterius omnino
218 332 1101 391 sicut per geometriam cuius genus est magnitudo non conuenit
221 376 1107 427 demonstrare: vt exemplificat: quod quoniam contrariorum est eadem disci
219 415 1106 476 plina. cuius conclusionis subiectum non pertinet ad genus magnitu¬
212 467 1107 524 dinis. quod autem vna scientia non possit probare conclusionem quam probat
211 510 1110 566 alia scientia. si conclusio illa sit eiusdem generis. cuius vtraque illarum scientia¬
206 548 1098 605 rum. hoc non vult: sed potius oppositum innuit in particula statim se¬
209 596 1106 644 quente. tales autem sunt multe conclusiones cum multe scientie communicent
203 636 1101 695 saltem partialiter in genere subiecto: sicut astrologia: cuius
202 678 1104 738 subiectum sub subiecto physice comprehenditur: vtraque
206 724 1109 780 enim de corpore celesti considerat. et etiam multe sunt
212 767 1107 818 alie tales. Prologi. Questio III
381 803 1107 892 Uero consequenter tertio vtrum omium conclusionum.
545 851 1113 912 theologicarum sit habitus vnus numero
380 890 1110 950 Arguitur quod sic. Non minus omnium conclusionum theo¬
374 938 1096 997 logicarum est vnus habitus / quam omnium geometricalium.
371 980 1106 1041 sed omium geometricalium est vnus habitus nume¬
193 1022 1101 1081 ro. igitur et omnium theologicarum: maior patet tam ex
197 1071 1104 1124 dignitate theologie quam ex vnitate sui subiecti: quod est ma
203 1112 1106 1161 xime vnum scilicet deus. minor probatur: quia nisi sic: sequitur quod in
197 1160 1095 1209 intellectu non pius duarum conclusionum geometricalium est vnus
188 1197 1094 1250 habitus quam sit vnius geometrice et vnius metaphysicalis.
200 1245 1110 1297 et per consequens vlterius sequitur quod non pius geometria sit vna scien
199 1291 1097 1343 tia quam geometria et mathematica simul sunt vna scientia:
198 1329 578 1385 quod est inconueniens.
162 1369 1098 1470 Ad oppositum non est vnus actus secundum speciem omium conclusionum
542 1413 1102 1479 theologicarum. igitur nec est vnus habitus nuoa
185 1462 1101 1510 omnium illarum. Antecedens patet: quoniam non est idem iudicium specie
181 1504 1095 1554 quo iudico deum intelligere omnia praesentia et futura: cum iudi¬
194 1549 1092 1608 cio quo iudico dyabolum numquam esse saluandum: cum vtraque sit
182 1585 1083 1645 conclusio vere theologica: consequentia probatur. ex eo quod ex diuersis ac¬
182 1638 1092 1697 tibus secundum speciem diuersi habitus specifice generantur. et per
182 1683 1098 1731 consequens diuersi numero: quoniam quecumque differunt specie differunt
178 1719 594 1773 numero. 5o metaphysice.
177 1761 1096 1853 In ista questione tres erunt articuli. Nam primo
659 1808 1090 1859 inqueretur de habitibus proprei scientifi
183 1852 1095 1890 cis: an plurium conclusionum sit vnus habitus numero. 2o osten¬
185 1891 1088 1939 so quod non: videbitur quomodo multarum conclusionum dicatur esse
193 1940 906 1984 vna scia. et quarum sit: et quarum non. 3o de quaestione
163 1979 1083 2061 Quantum ad primum est opinio vna quae dicitur quod habitus qui considerat quan¬
377 2013 1090 2077 tuncumque multa attributa ad vnum subiectum sub vna
188 2062 1081 2117 ratione formali est vnus secundum numerum: et vna forma simplex
198 2105 1080 2159 sicut quicumque habitus corporalis vel moralis. vnde geome
192 2155 1084 2203 tria extendens se ad omnes geometricas conclusiones: est equa
194 2195 1083 2242 simplex res vna numero. sicut albedo autem temperantia. vnde
193 2239 1073 2292 dicunt quod per vnum actum generatiuum habitus acquiritur to¬
196 2290 1080 2338 ta essentia vel esse habitus quamuis in gradu imperfecto: per alios
197 2323 1080 2374 vero actus intenditur et perficitur. In hoc autem tantum est differentia
201 2369 1086 2415 ter habitus cognitiuos et morales vel affectiuos: quod affe¬
189 2412 1084 2459 ctiui generantur et augentur ex similibus actibus et eiusdem spe
192 2455 1073 2508 ciei. cognitiui autem per actus alterius: et alterius speciei. Nam
180 2501 1080 2550 habitus acquisitus per actum circa principium augetur per actum circa
173 2546 1083 2594 conclusionem et acquirit respectum ad illam: et per alium actum circa
180 2593 1083 2642 conclusionem amplius intenditur: et ad eam alium respectum acquirit:
173 2631 1073 2682 et secundum quod habet respectum ad aliam et aliam conclusionem vel
180 2675 1074 2729 principium: est habitus principii et huius et illius conclusionis: et quanto
180 2723 1071 2765 ad plures conclusiones habet respectus: tanto plurium con¬
179 2759 1077 2805 clusionum est habitus: et ad plurium actus inclinatur. ⁋ pro
190 2805 1073 2855 hac opinione sunt rationes: quarum prima est. ⁋ Si habitus
180 2847 1074 2899 conclusionis est alius ab habitu principii: possibile est ali
188 2891 1062 2944 quem perfectius cognoscere conclusionem: et per actum circa con
180 2933 1071 2985 clusionem eius habitum intendere non perfectius cognoscendo
176 2975 1074 3031 principium illius conclusionis. consequens est falsum. cum conclusio
166 3031 1064 3082 non cognoscatur nisi per principia vel notitiam eorum. ⁋ 2o non
1169 254 2063 319 maiorem vnitatem habere videtur habitus corporalis et ha¬
1162 300 2054 356 bitus est voluntatis quam habitus intellectualis. sed tam cor¬
1172 352 2057 396 poralis habitus. (vt albedo.) quae habitus voluntatis. (vt
1167 394 2055 450 temperantia.) est vnus vnitate numerali et simplici. igi
1161 431 2063 494 tur etc. ⁋ Tertio: si hoc non esset. sequeretur quod geometria
1169 476 2065 534 non esset vna nisi per attributionem vel aggregationem nec
1167 516 2054 576 in se esset magis vna quam sit cum metaphisica et medicina:
1172 566 2049 620 quod est absurdum. ⁋ Quarto. in essentialiter ordinatis ne
1167 608 2049 655 cesse est stare ad aliquod vnum primum igitur inter scientias est
1172 646 2051 707 vna prima: et per consequens vna numero. ⁋ Quinto. sicut
1172 689 2048 743 se habet potentia ad suum obiectiuum et ad omnia que con¬
1154 738 2058 796 tinentur sub illo. ita habitus ad suum et ad contenta sub
1169 774 2046 834 eo: sed omnium istorum est vna potentia numero: vt patet de vi
1154 816 2051 872 su respectu omnium celorum: igitur omium contentorum sub obie
1167 863 2072 926 cto suo habitus est vnus numero. ⁋ Ista opinio impli¬
1163 904 2054 961 cite ponit tria. sicut ex probationibus eius patet. ⁋ Unum est.
1161 949 2055 1003 quod multarum conclusionum: immo et onium que considerantur in
1170 999 2044 1057 vna totali scientia. quemadmodum tota geometria que acquiri¬
1160 1041 2054 1086 tur ex studio librorum euclidis: dicitur vna scientia et habi¬
1164 1086 2052 1138 tus vnus numero. ⁋ Aliud. quod conclusionis et principiorum
1161 1119 2044 1188 est etiam vnus habitus numero. Ex quo etiam sequitur quod ipso¬
1155 1166 2053 1227 rum principiorum. ex qubus deducitur conclusio: est habitus
1155 1207 2048 1269 vnus numero. omnia hec mihi falsa videntur: ideo contra
1160 1257 2049 1311 eam pono conclusiones tres. ⁋ Prima est. quod non omnium con¬
1151 1291 2046 1352 clusionum talium est habitus vnus numero. ⁋ Secun¬
1151 1338 2052 1398 da. quod nec vnius conclusionis et suorum principiorum est habitus
1156 1385 2046 1445 vnus numero. ⁋ Tertia. quod nec ipsorum principiorum est ha¬
1158 1426 2051 1483 bitus vnus numero. ⁋ Primam conclusionem probo sic.
1155 1465 2052 1529 primo per rationem satis conuenientem. Si illud esset verum se¬
1158 1516 2041 1576 queretur quod quicumque sciret vnam conclusionem geometrie:
1149 1553 2046 1612 sciret quamlibet: quod est falsum. vt patet per experientiam.
1149 1606 2042 1649 consequentiam probo. sit enim sortes sciens perfecte omnes
1149 1640 2042 1698 conclusiones geometrie. quarum scientia inuenta est. et in¬
1144 1688 2048 1737 telligo per scire conclusiones: scire sic esse sicut per eas im
1149 1731 2046 1786 portatur: sicut superius me frequenter exposui: et ad hunc
1146 1773 2048 1819 sensum volo intelligi in sequentibus: vbi tali modo lo¬
1154 1809 2037 1870 quendi: qui est breuior et communior: intendo vti: habitus
1151 1860 2043 1911 geometrie istius sit a. Sit a plato qui vnicam sciat con
1152 1902 2034 1950 clusionem geometrie. vtputa primam: et eius geometria sit
1153 1939 2037 1999 b. secundum opinionem oportet dicere quod a. et b. sunt habi¬
1148 1984 2035 2041 tus eiusdem rationis. Nam cum sortes sciuit primo primam
1151 2028 2042 2087 conclusionem: quam etiam plato scit. a. fuit eiusdem ratio¬
1140 2073 2034 2124 nis cum b. vt clarum est. Sed nunc a. nihil omnino alterius ra
1146 2113 2045 2162 tionis includit essentialiter quam tunc secundum istam opi¬
1139 2161 2033 2205 nionem: igitur et nunc est eiusdem rationis. ⁋ Tunc ar¬
1142 2202 2040 2251 guo sic. cuilibet actui in quem per se potest a. et omnis for¬
1151 2248 2021 2296 ma eiusdem rationis potest in similem secundum speciem
1142 2285 2028 2340 Sed in actum sciendi vel demonstrandi centesimam con
1145 2330 2023 2384 clusionem geometrie per se potest a. igitur et quelibet for
1142 2372 2027 2426 ma eiusdem rationis potest in similem illi secundum speciem: sed b.
1146 2417 2033 2467 est eiusdem rationis cum a. igitur etc. maior patet inductiue in
1143 2459 2037 2526 omnibus: nec habet instantiam. ⁋ Dicetur quod maior est
1148 2498 2031 2557 vera de formis eiusdem rationis et eque perfectis tantum.
1146 2545 2038 2603 In proposito autem dicitur quod non sunt forme eque perfecte.
1152 2590 2030 2645 ⁋ 2o dicetur quod vera tunc tantum est maior quando nihil est in vna
1139 2637 2025 2686 cui simile non sit in alia. Nunc autem aliqui respectus sunt in a.
1139 2681 2017 2730 quorum similes non sunt in b. videlicet respectus ad alias
1140 2723 2019 2777 conclusiones praeter primam. ⁋ Prima responsio non valet: quia propositio illa
1139 2768 2027 2812 non solum de formis eque perfectis: sed etiam perfectioribus et imperfectio¬
1131 2804 2016 2856 ribus habet veritatem: vnde si calor summus in natura potest calefacere e desic
1125 2851 2013 2901 care et rarefacere passum sufficienter dispositum et sibi propor¬
1135 2894 2019 2952 tionatum. omnia praedictam potest calor minus perfectus in passo sibi proportiona
1133 2938 2019 2993 to: licet non possit in equae perfectas et intensas actiones: nunc aut intelle¬
1134 2983 2019 3040 ctus proportionatum passum est: respectu cuiuslibet sui habitus. igitur etc.
1136 3022 2022 3090 ⁋ Confirmatur assumptum. per philosophum primo celi. vbi probat
