2455 3545
179 281 1071 350 et mutabilitas: quae repugnant divine perfectioni. ⁋ 3a conclusio que sequitur
177 344 1083 393 est. quod non plura quam deus scit ipse potest scire: nec etiam paucio¬
175 381 1068 437 ra quam scit ipse potest scire. Probatur: quia si plura: sequitur quod aliqua
180 425 1073 476 rem quam nescit potest scire: et si pauciora: sequitur quod aliquam quam
176 467 1070 523 scit potest non scire. 4a que sequitur est: quod nullam potest incipere
168 520 1071 566 scire vel non scire qualitercumque exponatur hic incipit: et patet ex
179 553 1064 601 eisdem. ⁋ Conclusio 3a principalis est: quod loquendo 2o modo de
173 591 1083 642 scientia rerum scilicet de scientia visionis: aliquam rem quam deus non scit potest
174 642 1070 692 scire: et similiter plures quam scit potest scire. Probatur: quia possibile est
170 690 1073 741 aliquam que non est futura esse futuram: et simul cum hoc omnem que
173 733 1074 776 est futura manere futuram. ergo etc. ⁋ 4a conclusio est: quod aliquam quam
162 768 1086 828 deus non prescit potest prescire: et similiter plures quam prescit potest
161 814 1070 868 praescire. Et probat ex eodem: quamuis autem he due vltime conclusiones
166 861 1071 915 sint vere et simpliciter concedende: pro eo sensu diuiso: quem tantum
174 904 1065 957 de virtute sermonis efficiunt: iste tamen. deus potest scire aliquam
174 950 1068 990 rem quam nescit: deus potest plura scire quam scit: sunt de virtu
170 990 1065 1045 te sermonis false: et simpliciter negande. Et ratio est: quia sensus di¬
167 1039 1072 1088 uisus et sensus compositus earum: siue ipse secundum vtrumque sensum
165 1076 1074 1126 mutuo se inferunt: et ideo si essent vere oporteret quod iste essent
167 1124 1068 1172 possibiles: deus scit aliquam rem quam nescit: deus scit plu
168 1164 1067 1215 ra quam quod scit: quod tamen est falsum. Similiter iste sunt simpliciter false
170 1210 1065 1263 de virtute sermonis et negande: deus potest aliquam rem pre
170 1250 1076 1303 scire quam non presciuit: deus potest plura praescire quam praesciuit: quia
167 1294 1080 1348 iste sunt impossibiles. deus praescit aliquam rem quam non praesciuit:
162 1340 1079 1387 deus praescit pli ra quam praesciuit. ergo et ille sunt false. Assumptum pro
171 1380 1077 1429 batur: quo ad primam partem. quia hec est impossibilis: aliqua res est
168 1426 1070 1475 futura que non fuit futura. Et sequitur: deus praescit aliquam rem quam
165 1472 1078 1524 non praesciuit. ergo aliqua res est futura quae non fuit futura. Quo
168 1509 1075 1555 ad 2am partem probatur. quia hec est impossibilis: plura sunt futu¬
162 1554 1071 1614 ra quam fuerunt futura. Et sequitur. deus praescit plura quam praesciuit. ergo
167 1601 1081 1648 plura sunt futura quam fuerunt futura. quia tamen non omnes aduertut
168 1642 1071 1693 differentiam inter locutiones in quibus solus iste terminus deus praece
174 1684 1064 1739 dit illud verbum potest: et totum residuum sequitur: et in quibus praece¬
165 1728 1073 1775 dit verbum hoc totum: aliquam rem quam deus non praescit: vel hoc to
162 1771 1077 1820 tum plura quam deus praescit. Et rursum istas vltimas aliqui pos¬
159 1817 1065 1869 sent accipere in sensu composito: ideo et has et illas aliqui eli
169 1859 1067 1907 gunt: et satis vtiliter propter minus exercitatos in logica. Ad
161 1904 1064 1950 veritatis maiorem declarationem distinguere in sensu diuise
162 1945 1067 1996 concedunt: in sensu composito negant: et sic facit magitur in possunti
168 1989 1077 2043 distinctione. ⁋ 5a conclusio est: quod nullam rem potest deus incipere scire vel
161 2032 1079 2087 praescire. Probat: quia si aliquam posset incipere scire vel praescire
158 2082 1072 2131 signetur illa. Tunc arguo hanc rem ea demonstrata deus potest in¬
168 2121 1080 2166 cipere scire vel praescire. ergo hec res potest incipere esse futura. consequentia
158 2166 1058 2218 est necessaria: et consequens falsum: vt ex superioribus patet. ergo et antecedens. ⁋ 6
155 2206 1074 2260 onclusio est: quod aliquam rem quam deus praescit et praesciuit potest non praescire: et
168 2248 1065 2304 pauciora quam deus prescit et praesciuit potest prescire: in quocum quoe
154 2297 1068 2341 sensu accipiatur: et similiter quod deus potest aliquam rem non praescire quam
161 2338 1080 2394 presciuit et pauciora praescire quam praesciuit. Et omnia hec probantur:
154 2384 1071 2436 qui hec est possibilis: aliqua res quae fuit futura non est futura
162 2424 1078 2469 immo de facto habet multas singulares veras: quinimmo tot quot
152 2465 1070 2523 sunt creature actu existentes quae non sunt vnquam future: distinguen
158 2516 1071 2564 do futurum contra praesens. Item hec est possibilis: et etia vera. pauciora sunt fu¬
159 2556 1077 2609 tura quam fuerint futura: et quelibet pars conclusionis praemisse
165 2597 912 2666 sequitur ex altera istarum: vt satis patet ex dictis.
144 2639 1069 2725 Quantum ad 2m articuum scilicet de scientia enunciabilium
453 2687 1069 2741 demitto vnam distinctionem de enunciation¬
170 2725 1068 2779 bus. Nam sicut enunciationum quaedam sunt vere et quadam false. Et ve
167 2773 1064 2824 rarum quedam necessarie et quaedam contingentes. Falsarum autem quaedam pos¬
167 2818 1070 2869 sibiles quadam impossibiles: sic enunciabilium quada possunt dici vera
179 2862 1083 2905 (vtpote ea quirum enunciationes si formentur sunt vere) quadam falsa
171 2906 1080 2956 vt enunciabiua enunciationum falsarum et verarum: quadam necessaria: et quae¬
164 2950 1082 2996 dam contingentia: et falsorum quadam possibilia: quaedam impossibilia cor
169 2996 1068 3043 respondenter ad suas enunciationes a quibus extrinsece huiusmodi enun
174 3031 1070 3083 ciabilia denominari possunt. ⁋ hoc praemisso pono aliquas conclusiones
173 3080 1079 3148 Quarum prima est. quod omne enuciabile est necessario scitum a deo: lo¬
1146 288 2034 349 quendo de scientia non quidem vt est iudicium: sed vt simpliciter est ap¬
1133 348 2025 397 prehensio. Non autem omne enunciabile est scitum a deo secundum quod scientia
1127 393 2032 440 est iudicium. Prima pars probatur primo sic. necesse est quorumlibet contradi¬
1137 429 2028 473 ctoriorum enunciabilium alterum esse a deo scitum iudiciarie siue
1136 471 2031 520 iudicatum. ergo omne enunciabile necesse est a deo cognitum esse vel
1139 519 2030 571 apphensum. Antecedens probatur. quia necesse est quodlibet verum esse a deo iu
1127 559 2030 612 diciarie scitum: et necesse est quorumlibet enunciabilium condictoriorum
1134 602 2036 657 alterum esse verum. ergo necesse est quorumlibet contradictoriorum alterum esse a deo
1142 644 2028 698 iudiciarie scitu. Ambe premisse sumpte in sensu composito
1132 690 2031 747 vere sunt: et sic inferunt veram conclusionem etiam in sensu composito. Quod
1130 734 2030 792 autem maior sit vera patet. quia hec est impossibilis: aliquod verum non
1133 777 2041 832 est a deo scitum. Minor vero patet: quia quarumlibet enunciationum contradi
1133 818 2030 875 ctoriorum si formentur necesse est alteram esse veram. Consequentia
1136 864 2040 916 vero prima probatur: quia quodlibet enunciabile est pars duorum enun¬
1128 906 2030 959 ciabilium contradictoriorum improprie loquendo et secundum quamdam similitu
1122 948 2032 998 dinem de parte: quia nec aliter possumus in proposito loqui. Nam
1121 997 2031 1049 de quolibet enunciabili contingit vere dicere ipsum esse scitum vel
1125 1040 2037 1091 non esse scitum: creditum vel non creditum: et sic quocumque affirma
1130 1086 2025 1133 ri vel negari. ita quod quodlibet enunciabile est quaodammo pars to¬
1136 1119 2025 1169 talium enunciabilium significabilium per contradictorias enunciatio¬
1134 1162 2029 1220 nes: et per consequens alicuius enunciabilis veri. ac per hoec alicuius enum
1131 1211 2025 1253 ciabilis a deo iudiciarie sciti: impossibile autem est aliquod enuncia¬
1127 1252 2031 1309 bile totale esse scitum: quin illud de quo aliud enunciatur sit cogni¬
1130 1284 2046 1349 tum et apprehensum. Et totum hoc potest declarari ex ipsis enunciabi
1131 1338 2038 1385 libus. Nam quaelibet potest esse subiectum cuiusdam contradictionis. verbi gra. ista.
1127 1383 2034 1438 homo est asinus. Nam possunt due tales formari. homo est asinus. est propositio
1121 1436 2037 1481 opinata: homo est asinus: non est propositio opinata. et constat quod altera:
1133 1470 2035 1522 est vera: et per consequens a deo cognita et scita esse vera. ergo et ista: homo est
1121 1512 2036 1562 asinus: quae est subiectum vtriusque est a deo apphensa: quamuis non sit
1127 1557 2055 1607 scita esse vera. ⁋ 2o ad idem sic. omne enunciabile necessario scitur a
1131 1601 2027 1651 deo posse per aliquam enunciationem veram vel falsam enuncia¬
1127 1642 2039 1692 ri. ergo omne enunciabile necessario est a deo apphensum. Uel sic.
1128 1691 2034 1735 omne enunciabile necessario scitur a deo esse verum vel falsum.
1124 1729 2040 1783 ergo etc. 2a vero pars conclusionis scilicet quod non omne enunciabile est iudicia¬
1130 1773 2034 1826 rie scitum a deo. patet. quia non omne est verum et solum verum enunciabi¬
1130 1809 2055 1866 le isto modo scitu. Probatur etiam tota conclusio ista per auctoritatem Aug. 15. de
1123 1859 2055 1915 tri. dicentis. quod nemo falsa nouit: nisi cum falsa esse nouit. quod si erg
1127 1906 2029 1955 nouit verum nouit: verum enim est quod ipsa falsa sunt. vbi Aug.
1131 1949 2037 1994 loquitur de notitia iudiciaria et enunciatiua: qua quis nouit et
1127 1992 2030 2043 iudicat euidenter esse sicut est et non esse sicut non est. hoc vtique
1131 2035 2030 2083 modo non cognoscuntur nisi vera. non enim quisquam cognoscit: quod
1128 2077 2037 2125 homo est asinus. et propterea dicit. nemo falsa nouit. Ex quo patet
1131 2122 2031 2164 2a pars conclusionis. Quod autem addit nisi cum falsa esse nouit. Probat
1127 2163 2025 2219 primam partem. quia cum quis nouit falsa esse falsa. vtique apprehen¬
1137 2209 2031 2258 dit illa falsa. alias nesciret illa esse falsa: nec dubium quod deus
1126 2251 2036 2299 nouit falsa esse falsa. alias non cognosceret omne verum: cum ve
1133 2293 2025 2348 rum sit: falsa esse falsa: vt dicit Aug. Ex hac conclusione sequitur: lo¬
1130 2339 2025 2389 quendo sic de scientia communiter quod nullum enunciabile quod deus nescit
1127 2382 2035 2432 deus potest scire: nec plura nec pauciora quam scit scire: nec aliquod
1130 2426 2031 2473 quod scit non scire: nec aliquid incipere scire vel non scire: et omnia
1131 2467 2020 2514 hec probantur: quia quodlibet necessario deus scit. ⁋ 2a conclusio est: quod loquer
1130 2511 2021 2559 do de scientia enunciabilium 2o modo: quo et modo magis proprie et scendu
1131 2562 2032 2613 communem vsum disputantium sumitur aliquod seu aliquid enunciabile
1127 2599 2024 2651 quod deus non scit potest scire: et aliquod quod scit potest non scire. Pro¬
1130 2643 2028 2694 batur. quia aliquod enunciabile falsum potest esse verum et aliquod verum
1127 2690 2026 2739 potest esse falsum. ⁋ 3a conclusio quod possibile est deum aliquod enunciabile
1133 2729 2025 2785 scire quod non sciuit. Et similiter possibile est deum aliquid non
1140 2774 2028 2817 scire quod sciuit: etiam in sensu composito sumpta vtraque parte
1130 2815 2024 2872 conclusionis. Probatur: quia hec est possibilis. aliquod enunciabile est
1141 2861 2033 2913 verum quod non fuit verum: et similiter hec est possibilis. aliquod non est
1127 2902 2022 2951 verum quod fuit verum. Et ex hoc etiam patet quod aliquod enunciabi¬
1130 2942 2031 2998 le deus potest incipere scire: et aliquod potest incipere non scire:
1139 2987 2037 3046 vel desinere scire. Nam aliquod enunciabile potest incipere
1130 3038 2034 3085 esse verum: et aliquod potest incipere esse falsum. enunciabile enim
1133 3080 2040 3150 huius enunciationis. verbum caro factum est. ante christi incarna¬
