2454 3535
165 271 1077 334 vt adulti: siue cum originali vt pueri: morituris preordina
158 332 1072 388 ta est pena eterna: electis vero omnibus regnum eternum: vnde intro¬
160 372 1074 423 ducta illa auctoritate cum pluribus aliis sacre scripture conm¬
167 414 1068 465 cludit sic. tenenda est igitur inconcusse huius disputationis regu¬
161 456 1076 508 la que divinis testimoniis claruit: peccatores in malis propriis
154 508 1080 557 antequam essent in mundo praescitos esse tantum: non praedestinatos. pe
161 544 1074 600 nara autem eis esse praedestinatam secundum quod presciti sunt: paruulos quoque
155 588 1073 633 non renatos ex aqua et sprum scon praedestinate pene esse obno¬
153 629 1075 688 xios: qui presciti sunt non in propriis voluntatibus: quorum nul¬
160 674 1067 724 la est vel bona vel mala: nisi tantum in ade peccato quod traxere
155 720 1072 765 nascentes et in hoc manentes soluerunt tempus vite praesentis. Et
152 761 1073 813 post subdit: qui vero secundum propositum dei viuunt prescitos esse
148 806 1064 856 et predestinatos electione gratuite gratie eius et regnum ei ce¬
161 845 956 896 lorum praedestinatum esse sine dubitatione dicendum est.
124 887 1069 979 Quantum ad 2m articulm valet vtrum in praedestinatis sit ali
416 932 1069 995 qua causa eterne sue praedestinationis: et in re¬
158 972 1070 1029 probatis sue reprobationis eterne. Sciendum propter rudiores:
149 1024 1071 1071 quod non est intentio articuli: nec est doctorum hoc modo loquendi
148 1065 1058 1111 vtentium. quarere. Utrum in praedestinatis sit aliquid quod sit causa illi
158 1110 1077 1155 us entitatis quae est praedestinatio: quae non est nisi diuinitas ipsa.
146 1149 1068 1202 hoc enim nullus vertit in dubium certus omnino quod nulla talis
155 1196 1068 1244 sit causa. Sed intellectus articuli et eorum est quarere. Utrum propter
158 1243 1078 1293 aliquod praedestinatorum complexe vel incomplexe significabile deus
148 1280 1073 1329 ab eterno illos praedestinauit. Et similiter. Utrum propter aliquid
156 1327 1065 1381 reprobatorum deus eternaliter eos reprobauerit: ita quod dici pos¬
161 1367 1081 1424 set de aliquo: propter hoc deus aut peper illud: aut quia illud ille fec
168 1415 1071 1464 vel facturus erat hoc vel illud: ipse praedestinatus est: aut ali¬
157 1462 1066 1509 quo alio modo per causales propositiones explicando: quia propositiones
150 1500 1074 1547 causales licem in aliis materiis frequenter explicent causalita¬
152 1545 1058 1588 tem vnius rei super aliam: non tamen semper sicut in vltima. q. 38. dicit de
152 1585 1069 1639 claratum est. Secundum autem hunc intellictum doctorum volentium
159 1631 1072 1682 reddere causam: quare isti vel illi sunt praedestinati vel reproba¬
152 1677 1067 1725 ti quidam reddiderunt causam positiuam dicentes: quod propter bona
161 1719 1074 1767 opera vel vsum bonum liberi arbitrii: quem deus praesciuit ali
155 1760 1077 1811 quos habituros: praedestinauit eos: et per malum vsum futurum
149 1802 1075 1853 in aliis eos reprobauit. Et in hoc fuit diuersitas: quia quidam
155 1846 1071 1894 dixerunt propter bonum vsum libir arbitrio quo ad actum credendi:
152 1888 1065 1940 aliqui quo ad illum et alios a libero arbitrio procedentes. Rursus alii
158 1930 1062 1983 dixerunt quod vsus bonus li ar. dupliciter considerari poterat. Uno
146 1975 1062 2025 modo inquantum procedit partialiter a gratia: et est bonus bonitate gra¬
147 2019 1075 2069 tuita vel meritoria secundum quid. sic non est secundum eos causa praedestina¬
154 2063 1061 2109 tionis: sed effectus. Alio modo vt procedit ab ipso lir. ar. et est bonus bo
150 2106 1078 2158 nitate morali: et sic est causa praedestinationis. id est de congruo licet
150 2148 1058 2193 non de condigno. Demum alii dixerunt quod praedestinationis nul
153 2192 1071 2238 la est in praedestinatis causa positiua: sed priuatiua tantum scilicet absentia
146 2235 1078 2279 finalis obicis per culpam originalem vel actualem respectum gratie
155 2279 1063 2329 dei. Reprobationis vero causa est positiua in reprobis scilicet talis
148 2324 1061 2374 obex pectrem gratie. Unde dicunt quod in primo instanti quo offertur divino co
150 2365 1062 2418 spectui omnis homo. vult illi deus gratiam et salutem: immo et omnes creat
143 2410 1061 2458 ad istum finem: nisi tamen obicem gre reperiat per quam homo reddatir
145 2449 1065 2502 indignus: et sic ergo praescientiam sumentes sub illa generali volitione
162 2495 1068 2551 dicunt quod offeruntur in dei praescientia aliqui cum obice gratie et in¬
154 2539 1065 2584 dignitate actuali vel habituali sicut in paruulis est origina¬
156 2583 1062 2628 le peccatum: vel actuale: vel malus vsus liberi ar.o in prouectis
159 2626 1075 2679 Alii autem offeruntur non quidem cum aliqua dignitate aut dispositione
167 2672 1065 2721 positiua: nec illud etiam oportet: sed sufficit quod sine indignitate et
167 2713 1061 2765 obice offerantur: et tunc concluditur pro istis finalis gratia et sa
158 2754 1077 2800 lus eterna: et pro illis subtractio gratie: et preparatimo pene: et
173 2802 1074 2853 per consequens illi sunt reprobati iusto iudicio: et isti sola misericorida li¬
158 2844 1064 2897 berati: non tamen sine causa negatiua. Mihi autem videtur quod ex di¬
158 2887 1076 2942 ctis sacre scripture et sanctorum sequuntur he conclusiones: cum quarum omni
160 2932 1073 2985 veritate non stat veritas alicuius modi dicendi de praedictis.
167 2976 1073 3024 ⁋ harum prima est. quod nullus est praedestinatus propter bonum
170 3015 1074 3068 vsum liberi arbi. quem deus sciuit illum habiturum qualitercumque
154 3059 1065 3119 consideretur bonitas eius. 2a est. quod nullus est praedestinatus:
1128 273 2040 343 qui praestitutus finaliter fore sine obice habituali gratie. 3a quod
1130 334 2039 381 quemcunque deus praedestinauit: gratis tantum modo et misericorditer
1143 379 2044 434 predestinauit. 4a quod nullus est reprobatus propter malum
1136 423 2048 467 vsum libe. arbi. quem deus preuident illum habiturum. 5a quod
1131 462 2033 514 nullus est reprobatus: quia preuisus fore finaliter cum obice gra¬
1124 510 2044 562 tie. ⁋ Prima conclusio deducit primo sic. aliqui fuerunt praedestinati:
1136 553 2043 603 non habituri vllum bonum vsum li. abir. ergo nullus fuit praedestina¬
1127 594 2040 647 tus propter talem vsum. Consequentia patet: quia si vni proposuit dare vi¬
1133 637 2045 683 tam eternam sine vsu li. ar. futuro. sequitur quod alteri non proposuit
1138 683 2037 740 dare propter talem futurum vsum: sed libere et gratis: aut propter
1125 725 2033 771 aliam causam. Antecedens patet de pueris baptiçatis morientibus in eta:
1127 765 2039 817 te infantili. Et per hoc argumentum dicit Aug. maxime conuinci
1139 806 2045 858 quoscumque dicentes: homines fuisse praedestiatos ex futuris ope¬
1122 852 2059 901 ribus: et eodem modo ex futuro vsu lib. ar. ⁋ Ad hoc tamen conati
1131 898 2038 951 sunt aliqui respondere dicentes: quod licet paruuli huiusmodi non fuerunt praede¬
1128 941 2030 984 stinati propter vsum bonum libro arbitrio quem habituri fuerunt: tamen pre
1127 981 2045 1024 destinati sunt propter eum quem habituri fuissent si ad debi¬
1127 1023 2033 1075 tam etatem peruenissent. ⁋ Sed ista responsio nulla omnino est: vnde arguo
1127 1072 2036 1120 contra eam. iuxta intentionem Aug. de praedestinatione sanctorum. vbi eam
1130 1115 2032 1168 in propria forma refellit. Primo sic. nullus praemiatur a deo prarpter
1134 1154 2043 1213 merita quae nec eius nec alterius sunt fuerunt aut erunt. ergo nec per
1122 1200 2045 1249 talia fuit praedestinatus: sed merita quae pueri habuissent si vi¬
1131 1245 2036 1297 xissent nec eorum nec alterius sunt fuerunt et erunt: vt patet. ergo etc.
1133 1286 2038 1347 prima consequentia patet: et antecedens cuilibet habenti rationem est notum: quonido talia me¬
1125 1329 2038 1381 rita non sunt vlla merita: nec per hoc premianda cum omnino sint
1134 1373 2046 1420 nulla. Unde Aug. hanc responsionem admirans. Unde hoc talibus
1128 1418 2050 1467 inquit viris in mentem venerit nescio: vt futura quae non sunt fu
1129 1459 2051 1505 tura puniantur: aut honorentur merita paruulorum. Et infra. quia
1130 1501 2041 1555 hominum inquit futura quae non sunt futura proculdubio nulla sut
1122 1546 2046 1595 merita. et hoc videre facillimum est: ideo nec pelagiani hoc di¬
1127 1588 2043 1634 cere potuerunt: et multo magis nec isti dicere potuerunt.
1134 1632 2033 1685 ⁋ Praeterea ait. Aug. ibidem. Apostolus limitem fecit quem transgredi non
1133 1674 2039 1723 debeat homnis incauta suspicatio. ait enim omnes astabimus an¬
1134 1718 2043 1766 te tribunal christi: vt ferat vnusquisque secundum ea quae per corpus gessit
1127 1756 2045 1812 id est illo tempore quo in corpore vixit siue bonum siue malum gesse¬
1133 1802 2046 1856 rit inquit non adiunxit vel gesturus fuit. Est igitur determinatus
1131 1846 2034 1898 apostoli quod praecise secundum ea quae fecit quis merita: et simili modo secundum eum vsum
1133 1894 2047 1947 quem habuit praecise dum vixit praemiabitur. non ergo secundum eum: quem si vi¬
1129 1935 2040 1986 xisset habiturus fuisset. Et certe hanc determinationem apostoli trans
1127 1982 2040 2031 fero nihil aliud afferendo. ⁋ Praeterea arguit Aug. Si iudica¬
1133 2027 2037 2074 rentur inquit homines pro meritis sue vite: quae non habuerunt mor
1134 2068 2055 2119 te praeuenti: sed habituri si viuerent nihil prodesset ei qui raptus est
1127 2107 2033 2155 ne malitia mutaret intellictum: sicut scribitur Sapientie 4o nihil pro¬
1139 2150 2043 2206 desset eis qui lapsi moriuntur: si ante morerentur: quod nullus christi¬
1132 2195 2040 2244 anus dicere audebit. Et subdit. Nam quis christianus non confitea¬
1129 2242 2037 2289 tur quod bonum iude fuisset si suscepto bapremo mox decessis¬
1134 2284 2046 2334 set. Et idem de quolibet baptiçato damnato: et tamen oppositum sequeretur si
1138 2321 2043 2371 cum eo fieret circa actum quem huisset li. ar. si vixisset. Sed contra
1130 2371 2045 2416 argui potest quod bto paulo nihil obfuisset si fuisset mortuus:
1134 2411 2049 2462 dum persequebatur ecclariam: ex quo iudicandus fuisset secundum vsum
1131 2456 2047 2505 quem habuisset si vixisset. ⁋ Praeterea sequeretur quod quilibet paruus ba
1130 2500 2036 2550 ptiçatus moriens: tantum premium reciperet quantum si vixisset
1127 2547 2043 2600 mille annis in gratia: et cum bono vsu liberi arbitrii: posito
1127 2584 2030 2638 quod ita contigisset si vixisset. Nam sic dicit vnus doctor et in hoc
1133 2626 2036 2677 benen. non solum deus praedestinat quicquam ad praemium eternum: sed etiam ad
1128 2674 2041 2724 determinatum praemii gradum. Et ideo si propter tale conditionalem vsum
1140 2714 2037 2767 quemquam praedestinasset: et propter gradum bonitatis illius vsus praedesti
1129 2760 2040 2819 nasset ad certum gradum premii: et illum vtique consequeretur quandocumque
1129 2802 2034 2848 moreretur: quod nullus diceret: et sic patet quod responsio: illa nulla est. Et pro¬
1142 2852 2042 2898 pterea dicit Aug. vbi supra quod tales sic soluentes moliuntur astrue¬
1136 2890 2037 2944 re: quod non dico inquit crediturum: sed solum opiniaturum neminem puta
1139 2938 2032 2982 uerimus secundum ea scilicet iudicare quemquam mortuorum qua gesturus fuerat
1133 2976 2033 3022 si tempore prolixiori vixisset. quar etc. ⁋ 2o idem principium probo de adultis
1139 3020 2037 3075 sic. quicumque fuerit habiturus bonum vsum lib ar. qualis requiritur
1130 3061 2054 3134 in saluandis: ideo fuit illum habiturus: quia fuit praedestinatus. ergo
