2428 3553
381 264 1310 329 non fuit praedestinatus propter talem bonum qualis requiritur bonus in
390 327 1289 380 saluandis: alioquin multi dannandi essent praedestinati: cum mul
384 370 1299 423 tos bonos vsus habuerint li. ar. quod est erroneum. Si autem ta¬
390 408 1283 463 lem exiguum bonum vsum fuit habiturus quia praedestinatus. con
394 451 1290 504 stat quod non econverso fuit praedestinatus: quia illum fuit habiturus. patet eg
383 505 1296 551 consequentia. Et antecedens ego probo primo auctoritas Aug. de fi. ad petrus vbi ait. Ill
389 548 1292 600 cum christo regnabunt quos deus gratuita bonitate sua praedesti
386 587 1308 634 nauit ad regnum: quia enim eos tales praedestinatio praeparauit vt
390 628 1299 681 in regno dei esent: praeparauit vtique secundum propositum vocandos
386 676 1296 730 vt obediant: praeparauit iustificandos: vt accepta gratia recte
389 721 1304 770 credant et bene viuant. praeparauit et glorificandos vt christi co
386 761 1304 816 heredes effecti regnum celorum sine fine possideant. Ex hac
390 807 1292 856 auctoritate patet manifeste: quod quia praedestinatio praeparauit ali
392 846 1302 898 quos ad regnum eternum id est quia deus proposuit: et suo proposito
389 895 1311 939 ordinauit aliquos ad eternum regnu: ideo etiam preordinauit
387 938 1295 987 eos vocare et iustificare etc. Soli autem sic vocati et iustifica¬
384 977 1305 1030 di sunt saluandi: sicut patet per eundem iam tactum verbum apostoli
389 1023 1301 1068 exponentem in libro de praedestinatione sanctorum. vbi sic ait. Quos
387 1067 1302 1119 enim praedestinauit illos vocauit: ipsa scilicet vocatione secundum proposi¬
387 1109 1311 1156 tum. non ergo alios: sed quia praedestinauit ipsos et vocauit: nec alios:
389 1148 1304 1203 sed quos vtique vocauit ipsos et iustificauit: nec alios: sed quaes
378 1198 1303 1247 praedestinauit vocauit iustificauit ipsos et glorificauit: illo
381 1240 1296 1290 vtique fine qui non habet finem. ergo soli sic vocandi et iustificandi
384 1280 1304 1329 fuerunt habituri talem bonum vsum lir ar.o qualis requiritur in
389 1324 1302 1370 saluandis. Constat autem vlterius quod talis vocatio cum iu¬
390 1369 1308 1425 stificatione est causa talis boni vsus: et non econuerso: quod in pri¬
390 1415 1295 1463 ma auctoritate tangit Aug. cum dicit quod praeparauit vt obediant
377 1456 1295 1510 et vt accepta gratia recte credant et bene viuant: obedire enim
389 1499 1301 1545 vocationi: et recte credere: ac bene viuere sunt illi boni vsus
383 1542 1301 1592 li. ar. Ex his itaque patet: quod ideo tales habituri fuerunt huiusmodi bonum
381 1585 1292 1636 vsum: quia fuerunt iustificandi et sic vocandi: quia fuerunt pre
390 1630 1295 1683 destinati. ergo de primo ad vltimum: ideo fuerunt huiusmodi vsum habituri: quia
378 1671 1293 1722 fuerunt praedestinati. ⁋ 2o probo idem antecedens sic ratione. Quicunr
381 1718 1300 1765 que fuit habiturus tale bonum vsum fuit illum habiturus a deo:
378 1761 1292 1814 et nullum deus praedestinauit: quia fuit talem vsum ei daturus: sed econ
393 1803 1302 1856 tra: quia illum praedestinauit: ideo talem vsum fuit sibi daturus. ergo
387 1847 1295 1899 quicumque fuit habiturus huiusmodi vsum: ideo fuit habiturus: quia fuit
377 1888 1297 1939 praedestinatus. consequentia patet: et prima pars antecedentis in multis auctoritatibus scri
390 1935 1302 1988 pture probatur: sicut illa apostoli prima ad Cortis quid enim habes quod non acce¬
389 1977 1295 2026 pisti: et illa eiusdem ad Phil. Deus operatur in nobis velle et
386 2024 1296 2076 perficere pro bona voluntate: et illa eiusdem ad Eph. Ipsius su
381 2066 1302 2114 mus factura creati in christo id est per christum in operibus bonis quae pre
383 2111 1291 2159 parauit nobis deus: vt in illis ambulemus: et plurime aliqui
384 2156 1286 2205 quas recurrere longum esset. 2a pars autem satis patet ex se. Nam
375 2195 1302 2247 in praecedenti arti: satis dictum est: non est aliud praedestinatio quam
383 2238 1286 2289 propositum dandi alicui vitam eternam: quia proposuit illi dare bo
375 2282 1299 2333 num vsum li. ar. sed non econtra: quia proposuit sibi dare vitam eter
371 2325 1286 2377 nam: ideo consequentur voluit dare illi taliter vti li. ar. sine quali vsu ne
374 2367 1284 2419 minem potentem libro ar. vti voluit ad vitam eternam admittere
384 2412 1286 2458 ⁋ Et confirmatur: quia vt sancti et doctores communiter dicunt: voca¬
384 2448 1291 2500 tio ea iustificatio sunt effectus praedestinationis: et sumitur ex ver
377 2496 1289 2549 bis apostoli in epslala ad Ro. qui sunt inquit qui secundum propositum vocat
384 2541 1280 2585 sunt sancti id est ad scitatem: vt di glo. non dicit apostolus quod propositun
374 2584 1280 2638 sit secundum vocationem: sed econuerso. ideo dicit glo. quod ex praedestinati:
377 2628 1290 2672 ne est: quod sunt vocati et ex aliis sequentibus etiam ibidem patet. cum
381 2671 1290 2717 dicit quos praedestinauit etc. talis autem bonus vsus est iustifi
390 2714 1287 2762 cationis et vocationis effectus. Nam vt dicit Aug. libro primo ad
384 2758 1287 2812 Simpli. Nemo propterea bene operatur vt accipiat gratiam: sed quia ad
378 2806 1287 2848 cepit: quo enim post iuste viuere qui non fuerit iustificatus: iu¬
376 2846 1290 2901 stificat autem grata: vt iustificatus possit iuste viuere. prima autem
377 2889 1290 2936 est gratia. 2a autem sunt opera. Et paulo ante super illo apostoli ad Ro¬
393 2930 1286 2983 No ex operibus sed ex vocante dictum est: quia maior seruiet mi
384 2977 1293 3023 nori inquit. ergo vocantis est gratia: percipientis autem gratiam consequenter sunt
384 3020 1284 3066 opera non quem gratiam periant: sed quae gra periantur. Et infra. iuxta medium
381 3061 1287 3131 libri dicit. quod vocatio est effectrix bone voluntatis et eam prae¬
1352 275 2264 333 cedit non econuerso: et propter hoc a deo recte tribuitur: quod bene volu
1356 319 2292 378 mus nobis tribui: non propter quod vocamur. ⁋ Sed ad hanc ratio
1361 363 2283 417 nem forsan respondebitur quod talis bonus vsus inquantum est partialiter a
1361 416 2280 463 gratia elicitiue: et bonus bonitate meritoria est vtique praedestina¬
1358 452 2274 501 tionis effectus: sed inquantum est partialiter a voluntate seu li ar. et bo
1353 497 2262 546 nus bonitate morali: non est effectus praedestinationis: sed poti¬
1349 534 2267 592 causa. ⁋ Contra. quia voluntas non potest causare tale bonum velle etiam
1355 583 2273 633 secundum illam propriam partialem causalitatem quam habet respectum volitionis
1353 626 2280 676 nisi gratis a deo specialiter adiuta: et mota ad causandum. dicente
1362 667 2283 722 Aug. in de gratia et li. ar. vltra medium. Certum est nos velle cum
1367 711 2283 765 volumus: sed ille facit vt velimus bonum: de quo dictum est.
1352 761 2284 809 quod praeparatur voluntas a domino: et de quo dictum est: quod operatur in
1352 811 2285 851 nobis et velle: et certum est nos facere cum faciamus: sed ille fa¬
1362 849 2279 894 cit vt faciamus. praebendo vires efficacissimas voluntati: et
1368 893 2264 946 vniversaliter ipse ait. in de vera innocentia. Quotiens bona agimus: de
1352 929 2282 987 in nobis atque nobiscum vt operemur operatur. Et propterea in eo¬
1353 975 2276 1027 dem libro Multa inquit deus fecit in homine bona: quae non facit homo.
1352 1015 2276 1068 nulla vero facit homo quae deus non facit vt faciat homo. multe autem au
1361 1065 2273 1111 ctoritates possent adduci ad ostendendum: quod ad nullum bo¬
1351 1112 2288 1159 num actum agit homo vel coagit: nisi ad coagendum moueat et iu
1353 1158 2274 1201 uetur a deo: sed iste pro nunc sufficiant: quia in 2o distinctione6. prolixius
1352 1199 2273 1244 istud probabitur. Sed constat quod talis motio: et diuinum adiuto
1355 1233 2276 1292 rium respectum talis boni vsus est effectus praedestinationis: et non
1346 1287 2293 1330 causa quare etc. ⁋ 3o principaliter ad quaestionem arguo: expressa determina¬
1359 1321 2293 1375 tione apostoli ad Ro. quae sola (vbi omnis alia probatio deficeret)
1350 1365 2270 1412 debet conuincere quemlibet fidelem: ad tenendum hanc conclusionem. vbi de
1360 1416 2273 1462 terminat quod non ex oporibus illis est futuris: vt exponunt omnes
1358 1445 2274 1507 glo. Iacob fuit praedestinatus: et idem vult sentiendum esse de omnin¬
1356 1495 2267 1550 bus: ne quis de merito operis glorietur. ⁋ 2am conclusionem probo prgm
1352 1535 2264 1589 sic. quod aliquis sit sine obice culpe originalis et actualis taliter quod
1355 1586 2283 1640 non impediatur a consecutione salutis: aut sit eius indignus. est
1355 1625 2270 1678 effectus divine praedestinationis. ergo non quia quis praeuidetur futurus sine
1352 1679 2266 1728 obice talis salutis: aut gratiae est praedestinatus. Consequentia pate
1355 1715 2289 1764 et antecedens probatur primo expressa auctoritate apostoli dicentis in eplara ad Eph.
1358 1757 2269 1811 Elegit nos ante mundi constitutionem vt essemus sancti et in¬
1356 1803 2270 1855 maculati: vbi vt dicit glo. loquitur apostolus de electione quae pre¬
1352 1853 2286 1903 destinauit nos: et sicut non praedestinauit nos: eo quod scien essemus
1350 1899 2277 1943 et immaculati: sic nec quia futuri eramus: sed quia nos praedestina
1353 1930 2283 1992 uit: ideo futuri eramus per eius gratiam sancti et immaculati. ⁋ Praeterea
1350 1977 2271 2028 iustificatio electorum est praedestinationis effectus: vt dictum est.
1353 2020 2264 2070 iustificatio autem includit vel exigit remissionem peccatorum: et pu¬
1356 2075 2274 2115 ritatem ab omni labe originalis vel actualis culpe mortalis.
1361 2106 2279 2159 Unde glo. iustificauit scilicet remissionem peccatorum et bona operatione.
1364 2153 2270 2209 ⁋ Praeterea absoluo ab omni tali culpa secundum Aug. de fi. ad petrus est
1359 2193 2293 2247 effectus gratie dei quam eternaliter sciuit se homnibus largiturum: quod pro
1353 2239 2293 2297 bat per illud apostoli ad Ro. quos praesciuit et praedestiauit conformes
1350 2281 2283 2330 fieri imagini filii eius. Et in sequenti capitulo dicit quod praedestinatio est
1353 2328 2270 2379 gratuite donationis praeparatio. Ex quo sequitur quod absoluio et puri
1356 2372 2271 2422 tas a tali culpa est praedestinationis effectus. 2o paruuli moriem
1352 2414 2270 2461 tes puius bapseum sunt sine obice pectiam originalis quia sunt baptiçati
1349 2463 2274 2505 et ideo sunt baptiçati: quia sunt praedestinati. ergo ipsi non: quia sunt sine cul¬
1355 2504 2277 2553 pa originali sut praedestinati: sed econtra: quia sunt praedestinati: sunt sine
1355 2548 2276 2593 tali culpa. consequentia patet: et prima pars antecedentis communiter a catholicis conceditur.
1347 2584 2293 2652 et 2a pars probatur per apostolum ad Tytum. dicentem. non ex operibus iu
1346 2631 2271 2683 sticie quae fecimus nos: sed secundum suam misericoridam saluos nos fec: per laua¬
1349 2679 2273 2733 crum regnationis etc id est bapseum. ⁋ Ad hoc respondent qui tenent huius conclusionis
1346 2718 2271 2776 oppositum dicentes. quod puer non habet a praedestinatione quod baptiçatur:
1352 2764 2269 2808 sed hoc potius est secundum cursum nature. Nam si puer ex compluatione mori de¬
1350 2806 2262 2857 beat statim natus. non peruenit ad bapum. non erit autem hoc ex aliquo
1347 2859 2267 2905 reprobatione: sed quia non vult deus propter ipsum facere nouum miracu
1347 2895 2256 2947 lum: immo ipsum relinquit cursui naturae. Similiter si natus fuerit ex pari
1345 2943 2255 2993 tibus infidelibus non baptiçabitur. Si vero ex fidelibus baptiçabi¬
1350 2981 2256 3038 tur. hoc autem non habet alteri imputari nisi cursui naturalis
1340 3028 2257 3073 secundum quem iste nascitur ex istis: ille ex illis: nec propter hoc vt
1352 3069 2271 3142 iste baptiçetur. debuit deus ordinare vt ex aliis parentibus
