2446 3522
147 267 1047 330 gentia prime cause quantum ad fore vel non fore. et ideo respono non
153 328 1047 382 apparet scientifica. ⁋ Confirmatur quod dictum est. quoniam
150 371 1053 424 quamuis secundarum causarum talis differentia effectus iam producti et
143 417 1052 463 effectus producibilis quantum ad contingentiam haberet lo¬
152 457 1058 513 cum: in respectu autem ad primam causam cui eque possibilia sunt
143 501 1052 540 quecumque non implicant contradictionem iuxta communem theologo¬
153 543 1054 591 rum concessionem: non videtur locum habere. cum non plus ap
151 586 1058 640 pareat contradictionem implicari: si dicatur adam non fuisse: quam si
137 626 1055 675 dicatur antichristum non fore. Et ideo vtrumque equaliter videtur remanere
147 668 1055 717 sub contingentia prime causae. ⁋ Praeterea esset impossibile deum non
143 717 1043 772 voluisse producere adam: hoc vt videtur non esset quia produxit: sed
140 760 1056 811 qui voluit producere et necesse esset ipsum voluisse. quia datur
144 803 1062 853 per impossibile quod necesse sit ipsum produxisse: et cum non sit
141 849 1055 901 necesse ipsum voluisse producere adhuc possibile est ipsum
144 886 1056 944 non voluisse producere. sed constat quod non minus verum est ab eter
137 933 1052 979 non deum voluisse producere antichristm: quam sit verum eum vo¬
149 975 1048 1029 luisse producere adam. Ex quo videtur illud sicut et istud esse con¬
147 1017 1056 1070 tingens. ⁋ Confirmatur quia non videtur dicendum: quod temporalis et
144 1062 1056 1108 noua productio ade aliquo modo minuerit et sustulerit liber¬
153 1105 1056 1154 tatem vel potentiam diuine voluntatis: vt videlibet id quod antequam
141 1150 1055 1201 ipsa poneretur in effectu deus voluerat libere et contingen¬
146 1192 1054 1247 ter et poterat non voluisse: illa posita voluerit necessario et
152 1234 1054 1290 non possit non voluisse. ⁋ huic est videtur fauere verbum ma¬
141 1280 1050 1335 in fine. 43. dicens huius primi libri. dicit enim. quod deus habet potentiam
153 1323 1056 1369 volendi ab eterno. et nunc: quod nec modo vult nec ab eterno vo
147 1365 1050 1412 luit et non minus vt videtur: habet potentiam non volendi et nunc et ab
143 1412 1058 1462 eterno quod modo vult. et ab eterno voluit. ⁋ 3o potest argui.
147 1455 1056 1508 qui si res praeterita non posset etc. sequi videtur. quod deus posset
147 1500 1050 1549 dicere falsum: ac est mentiri. fallere. ac est per se et directe:
140 1542 1054 1590 quorum vtrumque repugnat doctrine sanctorum: vt in quaestione se¬
151 1588 1056 1637 quenti ostendetur: consequentia probatur. quia deus posset alicui absolu
148 1626 1058 1679 ta et non tantum conditionata reuelatione praedicere aliquid fore
143 1668 1061 1724 in a. tempore futuro: et velle quod ille credat sic esse futurum: quin
137 1711 1047 1759 immo et concreare in mente illius iudicium et assensum qui assen
139 1756 1056 1808 tiat ea iudicet sic esse futurum. hoc facto ea in praeteritum lapso: si
131 1793 1049 1851 praeteritum per diuinam potentiam non potest non fuisse: semper postea
143 1842 1061 1897 erit verum et necessarium deum sic reuelasse: et illum sic assensisse
137 1884 1056 1940 et credidisse futurum. ⁋ Sed non obstante aliqua reuelatione
140 1926 1059 1978 prius facta de aliquo futuro: quod adhuc est futurum: in pote¬
144 1973 1059 2024 state dei est. vt illud non eueniat. alias cum de futura christi:
137 2016 1055 2065 morte multe reuelationes prius et anime christi et prophilosopis et per
140 2057 1054 2113 christum ipsis apostolis facte fuissent: non fuisset in libera po¬
137 2100 1058 2157 testate christi instante tempore sue passionis vitare et recipere mor¬
139 2152 1056 2196 tem. Contra quod ipse. Ioan 10 ait. Potestatem habeo ponen¬
140 2192 1056 2239 di animam meam: et paulopost ait. nemo tollet animam meam a me
140 2233 1043 2285 sed ego ponam eam a me ipso: manifeste significans quod
131 2281 1056 2328 tunc in eius potestate erat non mori. Et hunc sensum ex
141 2322 1052 2370 eius verbis eliciunt glose. Et aug. super Io. omelia. 4. et
137 2367 1059 2415 4o lir.o de tri. hoc etiam xpsus significauit cum ait petro. An pu
147 2409 1053 2459 tas quia non possum rogare patrem meum: et exhibebit mihi plus¬
146 2448 1051 2505 quam. 12. legiones angelorum. ponatur ergo quod tale futurum reuelatum
136 2493 1058 2544 non eueniat: sequitur quod deus falsum dixit: et mentitus illi
135 2534 1049 2583 fuit: ac eum decepit et fefellit. et similiter quod cum deus reuela¬
139 2578 1046 2626 bat tunc actu mentiebatur et fallebat. Nam asserebat il¬
138 2622 1047 2670 li aliquid fore et nolebat: quin immo et faciebat quod ille ita
150 2665 1040 2717 assentiret: quod tamen secundum veritatem non erat futurum. et ita non esse
155 2716 1044 2765 pse deus bene sciebat que vtique sufficiunt ad completam
156 2754 1049 2806 rationem mendacii et fallacie. ⁋ Pro hac est parte videntur
143 2801 1042 2849 auctoritates alique. dicit enim Aug. 26. contra faustum. tam
141 2841 1041 2892 non possunt futura non fieri: quam non fuisse facta praeterita. Et loqui
141 2886 1046 2934 tur ibi determinate de potentia dei. sic ergo et non plus est deo im¬
143 2930 1052 2982 possibile praeterita non fuisse et futura non fore. sed certum
140 2973 1046 3024 est quod futura non fore est absolute possibile deo. ergo et praeteri
141 3015 1047 3065 ta non fuisse. Item ansel. libro primo cur deus homo. Itaque omnis
135 3059 1037 3132 necessitas et impossibilitas diuine subiacet voluntati. illius
1115 284 2013 344 autem voluntas nulli subditur necessitati. aut impossibili¬
1119 331 2009 384 tati. nihil enim est necessarium aut impossibile. nisi quia ipse ita vult:
1116 375 2002 428 ipsum vero aut velle aut nolle aliquid propter necessitatem aut
1103 424 2001 474 impossibilitatem alienum est a veritate. ⁋ Ex hoc videtur
1119 464 2009 520 lam haberi quod praeteritum non fuisse: si sit impossibile: non est impos¬
1116 502 2006 551 sibile nisi quia deus non vult illud non fuisse. sed quia vult illud
1116 545 2012 601 fuisse: hoc autem eum velle vel illud nolle est sibi liberum. et non
1100 594 2004 639 necessarium. et nec impossibile: quia eius voluntas non subditur
1105 637 2010 690 alicui necessitati vel impossibilitati. ⁋ Item subdit specialius
1106 678 2006 728 ad propositum et sic cum facit deus aliquid postquam factum est. iam
1101 723 2013 767 non potest non esse factum. quoniam semper verum est factum esse. nec
1120 761 2000 816 amen recte dicitur: impossibile deo esse vt faciat quod praeteritum est non
1107 814 2010 865 esse praeteritum. nihil enim ibi operatur necessitas faciendi: aut
1119 850 2015 904 impossibilitas faciendi. sed dei sola voluntas: quae veritatem
1109 893 2007 945 semper quandoque ipsa veritas immutatus ilem sicuti est vult esse:
1106 936 2011 981 ita si proponit se aliquid immutabiliter facturum: quamuis quod propo
1112 980 2006 1035 nit antequam fiat non posset non esse futurum: non tamen vlla est
1107 1021 2007 1077 in eo faciendi necessitas: aut non faciendi impossibilitas:
1114 1070 2013 1118 quoniam sola in eo operatur voluntas. hec ansel. ⁋ Ex his vide
1116 1111 2000 1156 tur concludi id ipsum. Tum quia dicit non recte dici impossi¬
1115 1152 2012 1207 bile esse deo. vt faciat quod preteritum est non esse praeteritum.
1107 1199 2013 1240 Tum quia dicit impossibile esse aliquid quod deus proposuit se¬
1113 1237 2010 1289 facturum. non esse facturum antequam fiat: sicut illud quod fecit
1121 1287 2009 1337 postquam factum est: non potest non esse factum. ⁋ Sed constat: quod
1103 1331 2003 1382 primum non est impossibile simpliciter et secundum se absolute: ergo nec 2m
1113 1364 2004 1423 Confirmatur ex eo: quod postea in eodem capitulo circa finem di¬
1109 1408 2007 1460 cit. quod necessitas sequens: quam et nos vocamus necessitatem
1112 1458 2003 1510 consequentie: cum qua secundum ipsum: vt patet ibi: stat contingentia simpliciter
1115 1500 2016 1554 tam antecedentis quam consequentis currit per omnia tempora hoc mo quicquid fuit neces¬
1109 1537 2011 1592 se est fuisse. et quicquid est necesse est esse. et quicquid futurum est. ne¬
1109 1584 2010 1632 cesse est futurum esse. ⁋ Ex quo patet secundum ipsum quod praeteritum
1116 1625 2010 1675 fuisse: necessarium est necessitate consequentie. Et de alia necessitate
1106 1675 2012 1722 non facit mentionem. ⁋ Ex quo posset videri alicui quod non
1122 1714 2013 1765 ntendat quod sit necessarium praeteritum fuisse necessitate abso¬
1102 1757 2029 1807 luta. et per consequens nec oppositum secundum se et absolute simpliciter impossibile.
1117 1801 2015 1854 ⁋ Dppositam vero partem multo plures et maioris auctori
1103 1843 2001 1899 tatis doctores tenuerunt et tenent quod certe satis est ponde
1103 1891 2001 1936 randum. Et pro illa parte est potest fortiter argui tam aucto
1113 1927 2006 1982 ritatibus quam rationibus. ⁋ Est autem auctoritas prima Iero. ad
1110 1970 2004 2026 eusto. vbi ait sic. Audenter dicam cum omnia possit deus. su
1109 2014 2009 2064 scipere non potest virginem post ruinam id est non potest corru
1106 2063 2010 2113 ptam facere non fuisse corruptam. ⁋ 2a est Augustini. 26.
1116 2104 2006 2149 contra faustum domintis. quisquis dicit si onimpotens est deus
1107 2147 2012 2195 faciat vt que facta sunt facta non fuerint: non videt se hoc
1119 2186 2003 2240 dicere: si oipotens est deus faciat vt qua vera sunt eo ipso qua¬
1107 2238 2003 2282 vera sunt falsa sint. Et infra. sententia quippe qua dicim
1106 2276 2003 2327 aliquid fuisse: ideo vera est: quia id de quo dicimus iam non
1110 2317 2019 2369 est. hanc sententiam deus falsam facere non potest: quia non est
1113 2359 2022 2413 contrarius veritati. ⁋ 3a est ansel. in de concornitos dicens numquam fieri
1103 2400 2018 2463 potest vt res que preterita est fiat non praeterita. sicut res quadam
1110 2446 2000 2501 que praesens est potest fieri non praesens: et aliqua res que non necessi¬
1103 2495 2007 2545 tate futura est potest fieri vt non futura sit. ⁋ Item prosolibis deo
1100 2539 2009 2586 loquens. si onipotens inquit es quomo mentiri non potes: nec
1097 2579 2029 2630 facere verum esse falsum. vt quod factum est non esse factum. e
1115 2618 2004 2672 ⁋ Item primo cur deus homo. quicquid fuit: necesse est fuisse.
1112 2667 1998 2719 ⁋ Rationibus etiam probatur ipsa conclusio primo sic. si deus posset
1110 2702 2001 2765 rem praeteritam facere non fuisse: aut hoc posset positiue scilicet
1113 2746 1992 2803 efficiendo eam: aut aliquid circa eam. aut negatiue scilicet nihi¬
1104 2792 1994 2846 efficiendo: vel agendo. Non primo modo: quia esto quod eam de no¬
1113 2834 2001 2887 uo faceret. aut aliquid aliud: non tamen ex hoc ipsa prius non fuis¬
1101 2867 2003 2935 set. Nec 2o modo quia cum sit nunc verum ipsam fuisse si deus nihil
1106 2913 1997 2976 agat vel immmutet circa eam: semper verum erit vt nunc est. ergo
1100 2964 1997 3018 nullus modus apparet quo deus posset facere eam non
1110 3005 1991 3059 fuisse. ⁋ 2o sic. nulla priuatio a nullum non ens potest esse obie
1106 3050 1994 3114 ctum potentie diuine. nisi secundum quod ipsum respicit aliquod
