2433 3523
156 250 1058 304 ro si audiam quod aliquid futurum erat. et deus fecit: ne fieret
158 297 1065 345 fidissime respondebo. illud potius futurum erat quod deus
155 342 1061 396 fecit: non id quod si futurum esset hoc fecisset. Nam deus quod
161 385 1052 436 facturus erat hoc sciebat. Et ideo simul sciebat hoc futurum no
163 431 1062 481 esse quod ne fieret facturus erat. Et proculdubio potius ve¬
155 470 1056 525 rum est quod deus scit quam quod opinatur homo. vnde post immedia
152 516 1066 571 te sequuntur verba preallegata. ⁋ Unde ab illo quod non possunt futu
152 566 1062 611 ra non fieri et est vsque ad illa que sumpta sunt arguendo
154 603 1056 654 inclusiue per quem totum processum non vult aliud Aug. ni
152 644 1065 698 si quod sicut deus non potest facere de praeterito non praeteritum: sic quod il
156 690 1056 745 lud postquam fuit preteritum sit non praeteritum. Ita quod sit verum di¬
158 736 1059 786 cere hoc fuit preteritum et non fuit praeteritum. quia tunc aliquid
156 776 1062 826 esset simul verum et falsum. sic non potest facere de futuro non
155 822 1068 867 futurum. antequam illud sit: sic quod postquam fuit futurum sit non
158 865 1070 920 futurum. ⁋ Unde simile est de propositionibus de praeterito
168 905 1064 962 quantum ad desinere esse verum: et de illis de futuro quantum ad inci¬
159 951 1065 1002 pere. Nam sicut nulla de futuro ad verum intellectum in
156 993 1062 1048 superioribus datum) ante instans pro quo enunciat aliquid
163 1042 1058 1089 potest incipere fore esse vera: ita nulla de preterito potest p
171 1079 1074 1125 instans pro quo enunciat aliquid fuisse desinere esse ve¬
155 1123 1062 1173 ra. ⁋ Et ideo dicit Aug. quod sententiam qua dicimus vere aliquid
153 1174 1070 1215 fuisse deus non potest facere falsam. quod est intelligendum stante
165 1209 1074 1258 suppositione quod prius fuit vera. Necesse est enim quod si fuit vera
168 1253 1076 1302 semper postea vera sit: sicut necesse est quod si sententia de
162 1297 1076 1347 futuro sit vera semper prius fuit vera. Et ideo subdit ipse
162 1344 1080 1394 semper erit verum fuisse id quod erat et non est: et ibi erit verum
158 1387 1077 1438 fuisse vbi erat verum antequam fuerat futurum esse: quod non erat.
168 1425 1073 1481 ⁋ Ex his patet: quod necessitas praeteritorum ad fuisse et futurorum
156 1476 1072 1522 ad fore secundum Aug. qui de vtrisque simul loquitur non est ne¬
162 1521 1075 1566 cessitas absolute: sed conditionata tantum. et similiter impossibilitas
161 1559 1073 1607 futurorum ad non fore: et praeteritorum ad non fuisse conditiona¬
158 1602 1076 1652 ta est et non absoluta. Et ideo sicut simpliciter loquendo: futurum
165 1646 1079 1699 potest non fore. ita diceretur quod praeteritum potest non fuisse per
175 1683 1070 1743 potentiam dei. nec ex intentione Aug. ibidem videtur posse ha¬
156 1733 1083 1782 beri oppositum. ⁋ Ad auctoritates ansel. potest dici. quod ipse in
150 1780 1082 1833 prima nullam facit mentionem de potentia dei vt patet. sed dicit
158 1823 1085 1870 quod fieri non potest vt res preterita fiat non praeterita: sicut res
166 1867 1089 1913 praesens potest fieri non praesens. et res non ex necessitate futura potest
164 1900 1086 1956 fieri non futura. Et certe verum est quod non potest sic fieri. Nam
162 1944 1091 2004 per potentiam creatam aliqua res praesens potest fieri non praesens. et
162 1990 1077 2044 res aliqua contingenter futura potest fieri non futura. non sic
162 2042 1077 2087 autem est de re praeterita. quoniam nulla preterita potest per aliquam
157 2082 1073 2135 potentiam creatam fieri non praeterita. Cum hoc tamen stat hoc
169 2122 1070 2174 esse possibile per potentiam dei. Nam et hoc non negat ansel
153 2163 1073 2215 ⁋ Ad 2am aut auct. eiusdem in qua specialiter loquitur de potentia
164 2215 1070 2259 dei diceretur. quod in eodem sensu dicit deum non posse facere
155 2260 1073 2309 quod factum est non esse factum. In quo dicit deum non posse fa¬
164 2300 1071 2354 cere verum esse falsum: quod patet. primum enim inducit pro exem
158 2343 1071 2396 plo ad declarationem secudi: sed constat quod quamuis verum
155 2379 1077 2441 posse esse falsum sit impossibile in sensu composito: nec deus
158 2428 1071 2483 posset facere quod idem sit simul verum et falsum. aut sup
158 2475 1071 2528 posito quod aliquid sit verum non potest stante supposito fa¬
156 2510 1070 2563 cere quod sit falsum: in sensu tamen diuiso et simpliciter et absolute lo
170 2564 1083 2613 quendo aliquod verum vtpote contingens deus potest fa¬
164 2594 1079 2653 cere esse falsum: et quamuis similiter non posset facere factum non
169 2653 1080 2695 esse factum: supposita constantia subiecti: simpliciter tamen et absolu¬
165 2683 1080 2737 te quod factum est: potest deus facere non esse factum: et sic di¬
174 2734 1079 2780 ctum ansel. conformatur dicto Aug. premisso: nec est contra¬
185 2770 1077 2830 ⁋ Ad aliam auctoritas valet. 6. ethi. arguendo allegatam dicitur.
182 2812 1083 2873 quod non est curandum de agatone. aut de philosopho. cum hoc non solum¬
170 2868 1082 2913 neget a potentia dei sed et multa alia: que tamen posse deum vera:
164 2902 1076 2959 et certa fide tenemus. vt creare. et adnihilare. et resuscita¬
161 2954 1076 3000 re. et corpora plura in eodem loco primo ponere. et alia innu
164 2997 1086 3044 merabilia. Unde in hoc sicut in illis fuit sacrilega opinio¬
168 3030 1082 3095 ne deceptus. ⁋ Ad rationem primam que adducitur. dicendum quod ista
1113 252 2019 307 secundum virtutem sermonis. esset concedenda simpliciter. deus potesti
1124 299 2022 354 facere rem que fuit non fuisse. quia ista. deus facit rem quae fuit
1115 344 2021 397 non fuisse. propter implicationem est impossibilis: et eodem modo forte
1112 389 2019 442 ista neganda esset. deus potest facere rem praeteritam non
1112 428 2018 479 fuisse. sed si hoc totum rem que fuit vel rem praeteritam po
1125 474 2014 526 natur in parte subiecti: sic dicendo. rem que fuit vel rem
1123 517 2018 565 preteritam deus potest facere non fuisse: quia ista de virtute
1115 563 2015 615 sermonis videtur habere tantum sensum diuisum absolute secundum istam
1118 606 2022 657 viam: posset concedi vel si aliquibus videatur distinguen¬
1122 648 2022 696 da: quod satis vtile est propter minus excercitatos in logica: quamuis
1118 691 2014 737 non alias necessarium: ipsa concedenda esset in sensu diuiso
1121 736 2018 790 non tamen in sensu composito. Sic ergo diceretur quod rem ali¬
1116 778 2022 826 quam que vere est praeterita vt adam et euam deus potest fa¬
1127 825 2021 875 cere non fuisse. Et similiter non preteritam vt antichristum potest
1115 864 2015 913 facere fuisse. Et cum dicitur quod aut potest facere positiue faciem
1124 907 2020 958 do etc. dicendum esset quod adam. vbi gratia. potest facere non fuisse:
1126 950 2021 1001 non quidem positiue ipsum efficiendo: sed negatiue non
1119 1000 2021 1047 producendo ipsum in praeterito. vel si sic liceat loqui non pro¬
1125 1042 2024 1087 duxissendo. hoc est quia potest non produxisse. non autem solum non
1127 1078 2022 1134 producendo ipsum in praesenti vel in futuro. Nam multe sunt
1125 1131 2021 1176 res preterite quas deus nec producit: nec vnquam producet. et
1131 1166 2022 1219 tamen numquam erit verum ipsas non fuisse: sed si ipsas numquam
1127 1212 2022 1262 produxisset vtique non essent praeterite nec fuissent. et per consequens
1113 1258 2036 1304 non esset verum nunc ipsas fuisse. probatio autem quae adducitur hic
1124 1295 2024 1348 supponit et intendit tantum in 2o sensum scilicet negando productionem
1125 1338 2022 1392 in praesenti et futuro tantum: et ideo non valet. ⁋ Econtra autem rem
1118 1380 2028 1433 non praeteritam vt antichristum. vbi gratia. potest deus facere fuisset
1135 1427 2037 1475 positiue scilicet ipsum efficiendo. sed in praeterito est. Nam potest ipsum
1133 1469 2031 1522 produxisse ad quod sequitur ipsum fuisse. ⁋ Ad 2am rationem
1124 1514 2034 1567 posset primo instari. Nam simul modo argueretur quod futurum. verbi
1130 1552 2030 1609 gratia antichristum deus non potest facere non esse futurum antequam
1130 1606 2037 1651 poneretur in esse. Et sic non esset possibile per diuinam poten¬
1134 1646 2032 1697 tiam quin antichristus aliquando esset. quod non potest sane concedi. patet
1125 1679 2037 1740 qui antichristum non fore est vnum non ens: ad illum modum lo¬
1125 1733 2043 1779 quendi: quod non sequitur propter positionem aut destructionem ali¬
1130 1776 2042 1824 cuius entis. Si enim quelibet res creata destrueretur. adhuc
1131 1812 2034 1869 staret quod antichristus esset futurus. et si omnis alia entitas causaretur
1133 1864 2040 1907 adhuc idem faceret. Responderi tamen posset ad rationem secundum di¬
1131 1894 2031 1953 stinctionem positam de facere in principio quaestionis. Nam si sumatur pro¬
1136 1952 2036 1997 prie primo modo distinctionis: concedendum est quod deus non potest facere praete¬
1134 1990 2026 2039 ritum non fuisse: nec mirum. quia nec existens potest facere non
1131 2027 2040 2075 esse: ad illum sensum. sed neganda est tunc vltima consequentia qua infer¬
1131 2073 2041 2123 tur. ergo res praeterita non potest non fuisse. sam oppositum stat cum ante
1130 2116 2032 2168 cedente. potest enim non fuisse: non quia deus potest facere eam non fui
1134 2164 2032 2212 se ad sensum illud: sed quia deus potest eam non fecisse. Si autem
1130 2199 2033 2257 sumatur facere communiter vel improprie 2o modo: quemadmodum Aug. di¬
1137 2251 2036 2298 cit: quod res quas condidit priusquam fuerunt deus egit vt non essenti
1140 2288 2034 2341 sic concedere ab illis qui tenuerunt istam viam quod deus potest fa¬s
1138 2330 2036 2386 cere praeterita non fuisse. quia scilicet potest non fecisse: cum tamen posset fecit
1140 2380 2039 2426 se. et tunc ad maiorem rationis distinguendum est de obiecto poten¬
1136 2423 2033 2474 tie. Nam vno modo accipitur proprie: et sic illud tantum quod deus potest fa¬
1137 2470 2030 2514 cere primo potest esse obiectum divine potentie. et sic concedenda esset: ma¬
1139 2503 2033 2552 iore et vlterius conclusio illa deus non potest facere etc. Nam tunc vadit in
1143 2550 2045 2600 prim sensu de ly facere. Alio modo obnem potentie accipitur communiter vel
1136 2595 2040 2649 improprie. et sic est id quod deus potest facere 2o modo ptet esse obention potenm¬
1137 2643 2037 2694 tie diuine. et in hoc 2o modo neganda est maior. ⁋ Ad probatio¬
1139 2679 2030 2731 nem diceretur non sequi si deus non esset nihil foret. ergo deus non est
1134 2731 2034 2779 causa vt nihil sit: nihil supple aliud a deo. Nam et si deus non fu¬
1137 2766 2036 2825 isset res antequam fuissent condite non fuissent. et tamen secundum Aug. deus fuit
1137 2817 2028 2865 causa quod priusquam essent res ille non fuerunt. quia ipse potuit prius pro¬
1134 2850 2027 2904 ducere. et non produxit. et hoc est fuisse causam ad illud intellectum de
1136 2901 2039 2951 facere 2o scilicet negatiue. iste autem arguens ymaginatur quod deus
1134 2943 2033 2994 dicatur causa de non esse: quasi positiue faciat et producat illud:
1143 2990 2038 3035 que ymaginatio est falsa. ⁋ Ad 3am rationem concederentur omnia
1136 3023 2036 3089 illata tamquam possibilia. Unde licet album non posset deus facere esse
