2455 3522
171 275 1078 327 maliter odiret. nec aliquid vellet aut nollet. cum ad hoc quod
180 313 1079 361 voluntas velit aut nolit. diligat aut non diligat. requira¬
185 364 1073 411 tur quod talem actum partialiter efficiat. Primum tamen certum
179 403 1073 457 est. neque oportet ponere illud 2m. quia non sequitur. quod si quamlibet
182 447 1073 501 entitatem potest deus se solo facere: quod quamlibet posset se solo
177 486 1068 541 in quolibet vel in hoc vel in illo facere: etiam in quo illa con
174 535 1064 588 gente creatura posset facere. ⁋ Ad 2am rationem concedum¬
180 579 1077 626 aliqui conclusionem: sed meo iudicio male: quod probo primo.
174 625 1082 669 quia si talis odiens deum mereretur. possibile etiatm esset et na
171 665 1070 715 turaliter quod simul quis odiret deum et diligeret deum. consequens est
174 706 1076 752 falsum vt patet ex distinctione. 1 7. vbi probatum est contraria
174 750 1066 806 naturaliter non posse esse in eodem. ⁋ Et secundum hunc doctorem etiam
177 789 1070 837 hoc est verum: et tamen hoc sequeretur. et non solum depotentia dei: sed etiam
174 836 1083 891 naturali. quia in casu non ponitur deum specialiter agere nisi quantum
168 882 1069 930 ad dationem praecepti. Et consequentia prima patet. quia cum omnis actus meri¬
182 922 1076 975 torius procedat ex caritate nulli actui meritorio est impos¬
176 963 1080 1017 sibilis actus caritatis. ⁋ Confirmatur: quia si talis odiens me
174 1009 1067 1051 reretur. hoc esset: quia eo quod deum diligeret: vellet implere
176 1052 1073 1105 eius praeceptum. ⁋ Aliter ergo respondeo ad argumentum.
173 1097 1070 1151 Et nego consequentiam. Ad probationem cum dicitur quod deus posset dare
176 1138 1073 1189 praeceptu alicui existenti in caritate: quod ipse odiret deum: quo fa¬
167 1183 1065 1230 cto si ille obediret mereretur. Dico primo: quod deum facere ta
168 1222 1083 1271 le praeceptum potest intelligi dupliciter. Uno modo sic quod cum hoc etiam
170 1267 1071 1325 ageret vel coageret in illo iudicium quo iudicaret praeceptum
171 1312 1077 1362 fieri ab eo et esse implendum. Et similiter coageret actu odii.
171 1356 1076 1402 et hoc moio nego illud esse possibile. Sic enim sequitur: quod deo
183 1394 1070 1450 autore homo peccaret: quod est impossibile. Alio modo potest intellit
179 1448 1062 1499 gi quod simpliciter et absolute faciat praeceptum: non autem ad pre
172 1487 1076 1537 dictos actus coagat. et tunc patet quod non sequitur quod ille posset
177 1534 1071 1581 odire meritorie: quin immo nec quod odire. ⁋ 2o dico quod dato
173 1573 1068 1628 tali praecepto. ille non teneretur. nec deberet illud implere
167 1614 1076 1665 Et est ratio. quia impossibile est: quod daretur illud praeceptum ad
170 1659 1081 1711 exequendum. sicut impossibile est impletionem eius esse a
164 1702 1073 1757 deo volitam seu placitam sibi: et si aliud iudicaret ipse erra
173 1746 1065 1793 ret. Et si etiam ex tali iudicio odiret: non mereretur. sed forte
177 1790 1069 1841 daretur ad eius temptationem seu probationem: aut aliam ali¬
167 1836 1073 1885 quam causam. sicut abrahe praeceptum datum est de immolatio¬
173 1877 1070 1923 ne ysaac. non ad exequendum. sed ad vere probandum eius obe
167 1922 1073 1975 dientiam. quamuis est illud ad exequendum dari potuisset. ⁋ 3o
168 1964 1061 2013 dico: quod quamuis talem orationem praeceptiuam. deus posset se so
170 2004 1073 2055 lo causare: quod tantummodo probatur ex conclusionibus praedictis. non
180 2049 1068 2097 tamen sequitur: quod deus posset praecipere illud alicui: aut facere
174 2096 1067 2144 talem orationem illi praeceptiuam. posset enim illam entitatem
167 2133 1072 2184 causare non significatiue. seu quod sic nullius esset significa¬
170 2182 1065 2234 tiua. aut esset alterius significati: aut etiam nulli homini ali
174 2224 1071 2280 quid significaret. sicut et formari posset in aere vbi nul¬
161 2263 1074 2316 lus audiret: aut etiam tam vocalem quam mentalem posset sine subus
161 2311 1072 2361 iecto causare: et si sic faceret nulli per illam praeciperet aut
164 2351 1061 2403 praeceptum daret. ⁋ Ad rationes principales responsio. Ad primam dico
167 2395 1058 2449 quod illa maior. Nullum quod deus non vult facere deus potest fa
158 2435 1059 2494 cere. est simpliciter falsa. ⁋ Et ad probationem dico: quod cum Aug
168 2484 1061 2528 dicit. hoc solum non potest deus quod non vult. non est intentio eius
158 2527 1064 2582 dicere quod nihil quod deus non vult. ipse non potest: cum ipse echriet
161 2571 1067 2623 se dicat in enchi. quod voluntas dei efficacissima multa pte
165 2616 1064 2666 que non vult. nihil autem vult quod non possit. sed intentio eius
164 2656 1062 2710 est quod deus non potest aliquid facere: si volens non velit illud
171 2700 1061 2756 facere vt dicit ibidem. ita quod ista intelligatur esse impossib ilis
177 2742 1067 2801 Deus facit aliquid quod non vult facere. cum hoc tamen verum est
162 2793 1074 2840 quod multa que non vult facere potest facere: sicut multa que
168 2840 1078 2887 non vult post velle. Unde et si aliqui que nunc vellet facere face
169 2875 1077 2928 ret: tunc vtique vellet ita facere. ⁋ Ad 2m cum dicitur. nullum
171 2916 1064 2972 quod deus non debet facere deus potest facere: dicendum quod hoc ver
168 2963 1062 3011 bum debet. aliquando importat obligationem: et si sic sumatur
164 3005 1076 3061 propositio est simpliciter neganda: quia nullum quod deus facit vel
159 3052 1074 3119 non facit. deus debet vel tenet vel est obligatus facere:
1130 272 2027 326 aliquando importat decentiam: sicut indebite fieri dicitur quod fit
1146 320 2017 374 indecenter. et opus prauum et indecens dicitur indebitum. Et
1139 362 2024 413 in isto sensu propositio et in sua proprietate neganda esset.
1130 408 2026 463 si tamen sumeretur improprie vt sensus esset: quod deus non posset
1131 452 2015 504 aliquid facere: quod non deceret illum facere: si illud faceret: vera
1131 499 2001 543 esset et non concluderetur aliquid contra propositum. ⁋ Ad 3a
1132 536 2024 590 si secundum strictam logicam quis vellet incedere. concedende
1127 582 2027 634 essent praemisse et conclusio neganda. quae vtique falsa est nec mi¬
1134 624 2027 672 rum. quia sicut patet. discursus ille non seruat debitam formam.
1133 670 2024 718 quod si ibi illa illatio sumatur vt vera. alia consequentia adhuc non va¬
1133 712 2024 764 let. quia oppositum consequentis bene stat cum antecedente. Unde si modo aliquo
1127 756 2028 812 videtur posse probari: maxime illud fieret sumendo oppositum consequentis
1127 799 2033 850 cum secunda parte antecedentis. Et arguendo sic. Smne possibile fieri
1130 846 2023 895 potest deus facere: sed aliquod possibile fieri non est bonum nec
1125 889 2022 940 iustum a deum fieri. ergo aliquid quod non est bonum et iustum a deo
1130 928 2027 975 fieri potest deus facere. sed ista conclusio quamuis repugnet huic. nul¬
1131 971 2019 1026 lum quod non est bonum et iustum a deo fieri deus potest facere. non
1135 1013 2027 1065 tamen isti. deus potest facere aliquid quod non est bonum et iustum fieri.
1133 1060 2031 1110 a deo. et hec erat sumpta in prima parte antecedentis. Nec prima sequi¬
1124 1106 2025 1160 tur ex ista. sicut nec ex ista. deus non potest facere aliquid mor¬
1127 1147 2033 1194 tuum viuens. sequitur. ergo nullum mortuum deus potest facere vi¬
1140 1193 2028 1243 uens. vt supra dicebat. Si aliquis familiarius velit re
1136 1231 2033 1278 spondere: distinguenda esset illa maior secundum duos sensus
1137 1278 2028 1330 vt distinguit magister. sNam vnus sensus potest esse quod deus
1136 1317 2027 1365 non potest facere nisi illud quod si faceret esset bonum et iustum
1140 1360 2022 1411 fieri: ita quod ista numquam potest esse vera. deus facit aliquid quod non
1140 1407 2026 1457 est bonum et iustum fieri: et sic est vera. Et si minor sumeretur
1128 1451 2028 1494 eodem modo: sic scilicet sed aliquid possibile fieri si illud deus faceret
1128 1493 2037 1547 non esset iustum fieri. statim patet quod ipsa est falsa: quamuis enim omne
1133 1539 2021 1585 quod fit a deo sit bonum et iustum fieri: et omne quod fieri potest et non
1136 1584 2034 1631 rit: sit bonum et iustum non fieri. quodcumque tamen eorum quae non fiunt si fie
1130 1619 2007 1663 rent ita esset bonum et iustum fieri sicut sunt etiam illa quae nunc fiunt.
1116 1651 2034 1719 ⁋ Distinctionis. XI. III. et XII. Don. I
1374 1708 2030 1799 Ecundo quero vtrum deus posset
1619 1751 2036 1797 dicere falsum: Et videtur quod sic
1374 1789 2031 1843 primo. quia quicquid potest creatura deo coagen¬
1367 1838 2034 1891 ste deus potest per se ipsum nullo alio coagen¬
1382 1884 2024 1932 te. hoc patet ex praecedenti quaestione. sed creature
1374 1930 2035 1978 coagente deo potest dicere falsum. ergo deus per
1376 1967 2037 2016 se ipsum nullo coagente posset dicere fal
1121 1992 2020 2068 sum. ⁋ 2o falsum dici non est impossibile ergo deus potest per se ipsum
1128 2053 2025 2104 dicere falsum. antecedens est notum. Et consequentia probatur. quia quicquid non
1125 2090 2024 2154 est impossibile fieri deus potest se solo facere. vt patet ex praecedenti quaestione
1104 2137 2045 2233 Ad oppositum deus non potest facere aliquid
1539 2189 2031 2236 rpaprauum. ergo non potest dicere falsum.
1133 2217 2021 2270 Antecedens est notum. consequentia probatur per illud prophiosophe. Sidelis deus in omnibus
1128 2270 2038 2324 verbis suis: et sanctus in omnibus operibus suis. vbi sic dicit eum
1125 2313 1731 2367 sanctum in opere suo ita fidelem in verb
1104 2351 2033 2448 ⁋ hic primo praemissis quibusdam distinctionibus ponam aliquas
1426 2409 2030 2452 conclusiones. 2o obiiciam et soluam obiectiones.
1097 2444 2026 2522 Quantum ad primum sciendum: quod dicere sumitur dupliciter.
1417 2487 2028 2542 Nam vno modo idem est quod dictum proferre vel for
1130 2533 2025 2577 mare. Alio modo idem est quod per dictum aliquid significare. et ista distin
1127 2577 2025 2636 gui abinuicem. patet. Nam et oratio sic a dicente profertur: quod non signi¬
1131 2617 2025 2674 ficatur: et significatum orationis sic a dicente significatur quod non pro¬
1128 2656 2019 2716 fertur. et hoc modo rectius et magis proprie sumitur dicere siut
1131 2708 2029 2756 potest haberi ex intentione Aug. in libro contra mendacium. circa
1124 2751 2020 2799 medium. vbi ait: quod que significantur vtique ipsa dicuntur. Et secundu
1131 2787 2022 2836 hoc dicere falsum dupliciter sumitur. Uno modo idem est quod proferre seu
1124 2833 2022 2888 formare dictum vel enunciationem secundum se falsam. ⁋ Alio modo
1131 2873 2018 2924 idem est: quod per enunciationem vel dictum significare falsum: acci¬
1128 2922 2019 2973 piendo falsum pro falso enunciabili seu significabili. iuxta
1127 2972 2022 3016 intellectum in praecedentibus datum frequenter. Et distinctio
1134 3011 2020 3064 patet. Nam contingit aliquem dicere falsum vno modo et non alio modo.
1131 3050 2027 3117 sicut patet in locutione yronica. et est tropicis ac aliis figura¬
