2449 3529
186 264 1089 333 ⁋ Item istis non obstantibus cum deus propter nullam reuelationem
190 323 1086 380 quecumque absolutam: et sine conditione de aliquo futuro fiendo factam:
174 355 1087 420 necessitetur ad faciendum illud futurum: possibile est illud non fore: et per
193 399 1083 462 consequens hac existente necessaria: deus dixit hoc. vbi gratia. a. fore et voluit
177 444 1085 506 illum sic credere futurum: et in ipso causauit assesum huiusmodi: et ille sic cre
184 483 1086 555 didit: hoc est possibilis: et per consequens primo compossibilis a. non erit. Nunc autem sequitur:
180 525 1085 593 deus dixit alicui. verbi gratia petro a. fore: et voluit petrum credere
181 582 1074 632 a. fore. ac in ipso causauit huiusmodi fidem vel assensum: et petrus sic cre¬
171 619 1084 681 didit: et a. non erit ergo petro dixit deus falsum: et illi mentitus est:
176 659 1075 718 ac eum fefellit: et antecedens est possibile: quia omnes eius partes sunt possibiles et compos¬
174 700 1081 767 sibiles: vt declaratum est. ergo et consequens est possibile: et per consequens possibile est deum
168 750 1080 808 dixisse falsum etc. quod fuit antecedens prime consequentie. ⁋ Ad primum.
179 789 1085 856 nego deum falsum dixisse per prophetas accipiendo dicere in sensu su¬
186 839 1082 891 pra posito. ⁋ Ad primam probationem de Iona. dico quod vel ipsa
172 881 1083 937 fuit comminatoria vel conditionalis: licet conditione non expressa: sed tamen
171 918 1079 984 a deo subitellecta. valet. si niniuite non peniterent: sicut quaedam glo
173 964 1080 1025 se dicunt: et textus sequens innuit quao ait Ionas. numquid non hoc est
183 1016 1070 1072 verbum meum cum adhuc essem in terra mea: propter hoc praoccupaui
178 1059 1071 1117 vt fugerem in tharsis. Scio enim quia tum dominus clemens etc. quasi di¬
154 1106 1073 1155 sciebam quod si peniterent ignosceres: et per consequens potius comminaba
168 1142 1082 1202 tur si non peniterent: quam excidium absolute praedicens: et tunc patet:
174 1184 1071 1238 quod deus non dixit falsum vel fuit absolute pronuciatum. Et adhuc
161 1225 1073 1280 dico quod deus non dixit falsum: quia non per illa verba falsum: sed verum si¬
159 1273 1074 1329 generauit scilicet futuram subuersionem morum malorum in ipsis niniui¬
168 1317 1073 1371 tis qua vtique secuta fuit. ⁋ Et hoc solutio habentur ex glosa ex¬
173 1353 1078 1416 presse ibidem: et sumpta est ab Aug. 2i. de ci. dei. qui ait. Niniue
165 1402 1074 1450 subuersa est: quae mala erat et bona edificata: quae non erat: stanti¬
171 1440 1077 1501 bus menibus et domibus euersa est ciuitas in perditis moribus:
167 1483 1074 1544 et quamuis propheta fuerit contristatus: quia non sit factum quod illi ti
168 1527 1077 1588 muerunt Iona prophetante futurum: factum est tamen quod fuerat deo
168 1571 1077 1628 praesciente per se dictum: et eandem sententiam ponit Aug. sugra. illud praes. ois. In
167 1622 1080 1675 certa et occulta sapientiae tue manifestasti mihi Ad illud de
161 1655 1085 1709 Eechia vno modo potest dici: quod etiam fuit comminatio: sicut est vna glo¬
167 1700 1076 1762 sa dicit ibi. et si sic. patet: quod deus non falsum dixit. Alio modo quod fuit
159 1747 1065 1805 absoluta praenunciatio et ad intellectum loquentis vera: quoniam deus per illa
169 1785 1071 1851 verba non intendebat significare quod illo tempore eechias moreretur: sed
162 1831 1071 1894 quod illo tempore mori merebatur: quod vtique verum erat: et hoc est quod
158 1880 1064 1928 dicit Grego. 12. moralis. Per prophetam inquit deus dicit quo tempore
168 1916 1070 1968 praee mori merebatur: per largitate vero misericordiae illo eum tempore ad
156 1966 1072 2027 mortem distulit quo ante secula ipse praesciuit: nec propheta ergo
149 2002 1073 2066 fallax: quia tempus mortis innotuit quo vir ille mori merebat:
149 2047 1060 2106 nec dominica statuta conuulsa sunt: quia vt ex largitate dei anni
162 2094 1059 2147 vite crescerent: hoc quoque ante secula praefixum fuit. Unde secundum hoc
155 2135 1055 2198 sensus illius prophetie. morieris et non viues est id est mori et non vt
149 2184 1061 2239 uere mereris: patet ergo quod per neutrum deus falsum dixit: quia per neutrum
157 2219 1057 2274 falsum: sed verum significauit. ⁋ Ad 2m dico primo: quod ex forma non co¬
147 2272 1059 2327 cluditur nisi quod errorem deus potest per seipem causare: sed ex hoc non sequitur
156 2315 1058 2372 quod potest fallere vel decipere: et hoc ideo: quia et non sequitur quod deus posset
156 2358 1056 2412 causare errorem: sicut non sequitur meritum potest deus per seipum facere:
143 2398 1061 2453 ergo potest per seipum mereri. Nec etiam sequitur. potest per seipm facere meritum
157 2446 1056 2495 et intelligo per seipem id est se solo: sicut intelligitur in proposito: et est eadem
148 2485 1056 2538 ratio vtrobique: quoniam sicut illa res quae est vel potest esse meritum: potest etiam esse non
153 2532 1050 2583 meritum: quia illa sic facta non esset meritum: sic illa res quae est vel
156 2566 1054 2633 otest esse error: potest esse non error: et etiam non iudicium: et ideo non sequitur: quod
148 2617 1056 2675 si illam faceret quod faceret errorem. 2o quia difficultas quam im¬
152 2661 1058 2719 tendit doctor: posset in alia forma poni scilicet arguendo sic. Deus
154 2696 1052 2762 otest mediantibus causis secundis causare deceptionem. ergo potest per seipem:
159 2739 1055 2807 ua consequentia accepto antecedente proprie et stricte: vt scilicet tunc deus dicatur agere
153 2791 1040 2850 mediante alio: quando non solum alio agente ipse agit: vel coagit: sed
150 2834 1047 2890 quando ipse in tali actione principaliter aliud vero instrumentaliter agit: ad
153 2878 1049 2935 quem sensum est probationes adducte videntur tendere: videretur sa¬
155 2922 1037 2978 tis apparens: ideo nego assumptum. Et ad primam probationem de egy¬
144 2967 1048 3025 ptiis. dico quod si textus attendatur diligenter non habter quod deus dire¬
143 3014 1044 3057 cte deciperet mediantibus israelitis egyptios: nec decipere vo¬
146 3048 1044 3122 luerit: nec quod aliquid iusserit ad quod per se et directe deceptio
1140 288 2049 356 sequi debeat. Sic enim scribitur in exo. dixisse dominundum moysi. dices
1142 339 2043 396 omni plebi: vt postulet vir ab amico suo et mulier a vicina
1140 373 2028 441 sua: vasa aurea et argentea: dabit aut dominus gratiam populo suo
1128 423 2027 478 coram egyptiis. Constat autem quod deus istud potuit praecipere: et po
1134 461 2040 532 pulus exequi sine omni simulatione mutui et cuiuscumque fictione
1127 513 2030 569 mendacii: et deus absolute ipsis petentibus potuit facere: vt
1140 553 2031 616 egyptii postulata praeberent. Si autem popuius simulauit aut
1135 592 2030 660 expressit se mutuo: et quasi redditurus petere: et egyptii dece¬
1140 639 2028 695 pti se recepturos praestita putauerunt: hoc deus e misit: non
1134 686 2037 738 iussit. ⁋ Ad illud etiam de achab: dico quod deus illam deceptionem
1140 728 2033 785 non imperauit: sed permisit: et illud verbum egredere et fac. non fuit
1134 765 2022 824 ad intentionem dei imperatiuum: sed praenunciatiuum tantum modo: sic illud
1146 807 2031 876 dohio 2o soluite templum hoc: et aliud eiusdem: cum ait iude. quod fa¬
1146 855 2034 912 cis fac citius: vtrobique enim sed glosas et sanctos non imperati¬
1129 894 2025 964 ue: sed praenunciatiue locutus est. Unde in proposito est egredere et
1139 937 2034 1004 fac id est egredieris et facies: sicut ante dixerat decipies et praeuale¬
1136 980 2028 1053 bis. Non mediocriter autem miror hunc doctum virum ad proba¬
1132 1024 2027 1094 tionem sui dicti illas Aug. auctoritates afferre. Tum quia
1136 1065 2029 1132 Aug. ibi manifeste detestatur quod iste probare intendit. vnde ait.
1137 1107 2028 1176 non itaque deus deceptor est: quod credere nepharium et impium quis
1128 1156 2027 1214 non intelligat: Constat aut quod si deus posset per se decipere vt
1130 1200 2034 1261 iste vult: nepharium non esset: neque impium credere quod hoc aliquando
1128 1238 2033 1297 fieret. Si enim poneretur in esse: tunc licitum esset credere quod deci¬
1134 1292 2032 1348 peret. Supra etiam dixit quod summa et proprie diuina virtus est nemi¬
1122 1334 2030 1396 nem decipere. ergo si aliquando deus quemquam deciperet: non summam et propriam
1135 1379 2025 1433 virtutem seruaret: quod credere esse possibile: impium est omnino a nepha
1140 1413 2034 1481 rium. Tum quia Aug. ibidem exponit se. et textu cum ait: factum est vt
1121 1456 2028 1527 iuberet deus vel potius pro illorum cupiditate permitteret vt pe
1128 1505 2030 1559 terent non reddituri: et acciperent quasi reddituri. Ex quo patet: quod si¬
1127 1546 2037 1603 mulationem istorum non iussit: sed permisit: et ex hoc cetera quae indu
1123 1594 2025 1652 cta sunt in arguendo patet esse intelligenda secundum prmissionem: non secundum impei
1131 1630 2033 1688 rium: quod est confirmat quod vltimo allegatum est ex eo. Nam constat
1127 1682 2034 1735 quod numquam est iussum a deo: vt odirent inimicos: sed solum non fuit
1134 1723 2024 1781 expresse prohibitum. ⁋ Ad id quoque quod annectitur scilicet quod multo¬
1136 1767 2030 1822 tiens legitur deum et verbis et factis docuisse decipere inimicos
1128 1806 2035 1869 duen quod si talia ad ea ad que significanda vel dicta vel facta re
1128 1848 2024 1913 ferantur: sicut referende sunt omnes actiones et locutiones figu¬
1138 1895 2025 1954 rate et prophetice: vt dicit Aug. in lib. contra mendacium: vt non
1134 1930 2032 1999 secundum sonum verborum et primam (quam communiter non recte intelli¬
1134 1981 2022 2041 gentes capiunt) significationem intelligantur: non inuenitur in
1122 2028 2028 2086 talibus deceptio vel mendacium: sed veritatis misterium.
1122 2063 2016 2120 Et ideo dicit ibi Augu. quod in figuris quod velut mendacium di¬
1122 2113 2015 2173 citur: bene intellectum verum inuenitur. Unde paulopost
1124 2154 2022 2216 ante dicit quod illud quod Iacob fecit monstre auctore: vt patrem
1122 2194 2022 2260 fallere videretur: si diligenter et fideliter attendatur non
1115 2247 2025 2301 est mendacium: sed misterium: et idem dicit de ceteris
1122 2279 2015 2346 actionibus et locutionibus et prophetiis: et subdit probatio¬
1125 2331 2016 2383 nem dicens: quod in his vera non falsa dicuntur: quoniam vera non
1118 2365 2028 2434 falsa significantur seu verbo seu facto que: significantur enim
1116 2417 2021 2477 vtique ipsa dicuntur: putantur aut mendacia: quoniam non ea quae vera si¬
1113 2461 2016 2516 gnificantur dicta intelliguntur: sed ea quae falsa sunt dicta esse credun¬
1106 2506 2015 2554 tur. Et statim hoc diffuse declarat de Iacob qui nec in verbo
1110 2537 2011 2607 nec in facto mentitus fuit: qui per vtrumque scilicet tam factum quam verbum
1119 2585 2015 2652 non falsum: sed verum significauit: quod cui cure est intelligere le¬
1123 2628 2009 2693 gat eum ibidem. Si aut ita est de dictis et factis prophetarum qua non
1118 2681 2009 2729 leguntur per eos deo iubente dicta vel facta: multomagis hoc tenen¬
1117 2714 2011 2779 dum est in his que deus dici vel fieri legitur precepisse vel
1122 2762 1996 2820 pocuisse alicui: vt alium directe falleret estimemus: quam
1116 2801 2010 2858 uis aliqua fecerit et iusserit: ex quibus aliquos falli permisit.
1116 2845 2004 2907 Unde Aug. in glosa Iosue. vbi legitur quod deus precepit Iosue
1113 2892 1999 2946 ponere insidias contra vabem hay. ait. quaerendum est vtrum omnis volun¬
1116 2936 2005 2995 tas fallendi pro mendacio sit putanda: et si ita est. vtrum posset esse
1104 2973 2005 3037 iustum mendacium quo ille fallitur qui est dignus falli. Et si nec
1113 3021 2000 3078 hoc quidem iustum reparitur restat: vt secundum aliquam significationem hoc
1116 3065 2022 3138 quod de insidiis dictum est ad veritatem referatur. ⁋ Ad 3m nego
