2379 3547
345 278 1262 366 ⁋ Rspono. quod sicut illimitatum et infinitum secundum essentiam potest intelli¬
350 348 1250 413 gi dupliciter scilicet extensiue et intensiue: sic per oppositum finitum secundum essen¬
357 389 1263 449 tiam potest capi dupliciter: si ergo in praedicato maioris finitum capiatur vt
355 428 1263 494 opponit infinito secundum essentiam extensiue: sic concedo conclusionem accipi¬
359 471 1261 540 endo in ea eodem modo terminum illum. Nam constat quod deus non est
365 519 1252 585 quodlibet ens vel entia infinita: sed vnum singulare immo vnici¬
350 557 1254 632 et maxime vnum: et ideo non est infinitus extensiue secundum essentiam. Si vero
363 606 1254 668 accipiatur infinitum secundum essentiam intensiue: sic quocumque modo acci
350 647 1263 720 piatur in exemplis adductis prosvlleti maior est falsa. ⁋ Ad
359 697 1257 757 2am respondo. quod consequentia non apparet necessaria: qualitercumque etiam in consequente ac¬
365 741 1253 800 cipiatur mouere scilicet siue pro motione successiua: siue pro muta
355 779 1263 840 tione subita. Nam hoc solo posito: quod aliquod corpus qualiter¬
361 820 1252 887 cumque et quantumcumque velociter motum: vel possibile moueri: in infi
360 863 1260 930 nitum velocius deus posset mouere: saluaretur optime infinitas
357 905 1262 973 sue virtutis: nec sequeretur ex hoc quod posset in instanti. Secundo di¬
362 952 1263 1018 co. quod si capiatur mouere large pro scilicet subita mutatione quod consequens
353 997 1265 1058 non est falsum etc. ⁋ Tunc probatio prima non est ad propositum: quia
371 1038 1260 1104 mutatio subita non est successiua. Ad aliam aut cum dicitur quod tun
365 1080 1266 1146 mobile esset simul in omnibus partibus spatii. potest dupliciter responderi. vno
372 1127 1266 1192 modo vt aliqui dicunt: quod illud non sequitur. Nam posset deus corpus
366 1181 1266 1235 de extremo ad extremum subito mutare: non mutando ipatut
371 1220 1272 1283 per medium: sicut corpus christi: existens in celo accedit ad altare:
372 1259 1259 1321 non accedens ad aliqua loca media. ⁋ Alio modo respondeo et di
368 1301 1273 1363 co: quod si deus vellet: posset etiam per medium subito corpus de extre
366 1342 1266 1405 mo ad extremum mutare: et tunc in illo instanti illud corpus simul esse
367 1385 1275 1451 in omnibus partibus spatii: et post illud instans non esset nisi in termino
378 1432 1272 1496 ad quem: nec illud est impossibile: sicut nec quod idem sit corpus per tempus in
362 1475 1260 1539 pluribus locis simul: quod vtique deus potest facere. ⁋ Ad 3am proba
372 1519 1274 1584 tionem falsitatis dicti consequentis: concedo similiter quod deus posset subito
363 1570 1264 1632 complete reuoluere celum. Et dico: quod tunc celum esset mutatum
377 1617 1274 1666 et cum probatur quod non dico quod non sequitur. hoc est in eodem loco in
374 1651 1269 1712 quo prius fuit. ergo non est mutatum secundum locum: quia si simul cum hoc quod est
369 1689 1281 1755 eodem loco in quo prius fuit: sit etiam in aliquo in quo prius non
371 1741 1275 1799 fuit: vtique ipsum est mutatum. Exemplum in mutatione secundum formam
371 1781 1275 1846 posito quod aer tenebrosus sit calidus: deinde nlla mutatione
371 1833 1283 1885 facta in ipso secundum calorem: fiat lucidus: tunc verum est dicere: aer¬
366 1874 1274 1928 est sub eadem forma sub qua prius fuit: et tamen falsum est quod non
375 1913 1281 1972 sit mutatus secundu formam: et similiter si vnum corpus existens in oriete deus
368 1955 1284 2022 poneret in occidente non remouendo ipsum de priori loco: sicut
374 2000 1269 2059 bene posset: adhuc illud esset mutatum secundum locum quamuis esset in eo
375 2045 1277 2103 dem loco in quo prius fuit. Sic in proposito quamuis celum esset in il¬
387 2086 1287 2146 lo instanti ipsum et omnes eius partes in eodem loco in quo prius erant: ni
381 2141 1274 2191 hilominus in eodem instanti ipsum et qualibet pars eius esset in alio lo
377 2175 1271 2233 co in quo prius non fuit: et ideo non esset verum ipsum non esse mutatum
381 2217 1280 2276 ⁋ Ad 3am potest primo negari consequentia sicut et precedens. Nam
382 2262 1279 2321 sufficeret ad infinitatem virtutis quod quantocumque calore finito
379 2305 1274 2371 possibili posset deus facere intensiorem: et quaelibet multitudin¬
392 2352 1287 2406 possibili finita maiorem: et quantocumque possibili finito maius: et
384 2394 1283 2456 quantocumque etiam corpore finito possibili posset maius moue
389 2437 1287 2496 re dato quod non posset facere calorem infinitum: aut multitudi¬
393 2478 1290 2542 nem aut magnitudinem actu infinitam. Secundo concedo consequens quantum
387 2522 1284 2584 ad singulas tres partes primas: et probabitur in sequenti quaestione:
393 2568 1286 2630 similiter quantum ad vltimam concedo: quod deus quantum est ex sufficientia suc
401 2609 1293 2670 virtutis vtique posset mouere corpus infinitum. Si autem non pos
395 2652 1289 2714 set: quod non assero: hoc esset praecise: quia illud moueri non posset
401 2700 1295 2766 ⁋ Ad 4. quicquid sit de consequentia. concedo primum consequens sed vlterio¬
391 2743 1291 2801 rem nego consequentia. Ad probationem dicendum: quod illud dictum non est intel
398 2783 1292 2846 ligendum de distantia vel propinquitate secundum excessum maiorem ve¬
404 2828 1295 2887 minorem perfectionis diuine ad alia entia. Nam quamlibet excedit
401 2874 1295 2934 infinite libet excessu equiuoco: et ideo nec proprie vnam magis exce
396 2916 1295 2977 dit quam aliam: sed est intelligendum secundum maiorem vel minorem similitudi
405 2962 1298 3020 nem vel conuenientiam: secundum quam aliquid commune vniuoce dicitur de deo
411 3003 1305 3070 aliis: et secundum talem maiore vel minorem conuenientiam debet intelligi
398 3052 1298 3110 maior et minor perfectio aliorum. ⁋ hoc autem non impeditur propter in
401 3092 1306 3161 finitatem dei: sicut esto quod esset vna albedo infinita intensiue: et
1331 260 2251 342 vna nigredo. 10 graduum: et similiter vna rubedo 10 graduum:
1322 315 2239 384 quamuis ia albedo excederet excessu graduali tam nigredinem
1315 361 2247 432 quam rubedinem datam infinite: nec vnam plus quam aliam. Adhuc tamen
1327 405 2232 472 maior esset conuenientia inter illam albedinem et rubedinem: quam in
1328 455 2237 513 ter albedinem et nigredinem. Et propter hoc posset dici quod ia albedo
1319 492 2245 559 magis appropinquret et minus distaret: et per hoc esset perfectior
1323 544 2233 608 quam nigredo data. Ad aliud quod additur dicendum quod quamuis mensu
1328 578 2241 647 ra que est per replicationem: vt vlna et vncia et alie quibus quanta
1330 622 2238 688 mensurantur sit quid minimum secundum quantitatem: ad bonum tamen intelle¬
1327 664 2266 734 ctum qui habetur 10 meta. mensura tamen secundum perfectionem qualis est
1320 714 2266 779 deus mensura aliorum entium) non oportet quod sit minimum secundum perfe¬
1328 755 2246 826 ctionem: vnde albedo que ponitur mensura in genere colorum
1325 799 2250 864 non est minima secundum perfectionem inter colores: sed primaxima:
1320 843 2248 910 sic in proposito. Et si argumentum valeret non solum probaret
1322 883 2247 954 deum esse non infinite perfectionis: quin immo quod esset minime im¬
1325 921 2258 998 ter cetera entia: quod absurdum est. ⁋ Ad rationes principales
1321 973 2255 1043 dico: quod maior illa est falsa: quoniam naturaliter est ponendum deum intelli
1325 1017 2231 1092 gere omnia alia a se: sicut supra monstratum est: et tamen dum a propos¬
1321 1065 2238 1129 to hanc materiam Arist. tractauit: oppositum sensit quamuis in hoc sibi
1330 1103 2241 1172 alibi contradixerit: vt supra. dis. 3o. patet: et sicut hec ita multa alia
1331 1149 2247 1214 sunt ponenda naturaliter loquendo de deo que ipse non posuit.
1328 1191 2248 1256 Unde potest dici quod talis argumentatio. hoc non posuit philosophus. ergo
1328 1236 2244 1301 non est ponendum: non est rotocinatiua neque demostratiua neque
1327 1280 2246 1357 probabilis: sed est tantum accusatio eius: quia hoc ponere debuit: sicut
1328 1322 2243 1394 contra negantes casum: per pea quia antiqui nihil sunt locuti de eo
1336 1365 2235 1432 dicit Comentator. 2o phy. ⁋ Ratio Ansel. ad partem opposi¬
1327 1412 2239 1479 tam: quamuis verum concludat: non est tamen meo iudicio demonstrati¬
1326 1458 2238 1521 ua: sicut ipse putauit dicens in prologo suo supra prososibis. quod ipsa
1340 1503 2241 1564 nullo alio indiget ad se probandum. Unde primo ostendam: quod mo¬
1335 1544 2250 1606 dus arguendi non est efficax: deinde soluam rationem. ⁋ Primum
1328 1586 2240 1663 patet: quia si ille modus arguendi esset bonus: similiter posset probari. quod
1334 1639 2247 1694 est aliqua albedo qua maius aliquid cogitari non potest: patet arguen¬
1335 1674 2247 1743 do in sua forma sic: albedo quae non potest aliquid maius cogitari
1338 1719 2246 1780 est in intellectu: et non in solo intellectu. ergo est in re. consequentia patet: vt
1335 1770 2249 1829 sua. Et prima pars antecedentis probatur: quia audiens hoc quod dico albe¬
1340 1814 2250 1879 do qua non potest aliquid maius cogitari: intelligit quod audit. et
1343 1848 2247 1914 quod intelligit est in intellectu eius etc. Et secunda et pars similiter sue pro¬
1340 1890 2250 1956 batur: quia si in solo intellectu potest cogitari esse in re quod maius est: et
1333 1939 2247 2001 sic albedinie qua maius cogitari non potest aliquid maius cogita¬
1333 1982 2247 2055 ri potest: et similiter cetere probationes sue possunt ad hoc applicari
1352 2023 2247 2091 ⁋ Rspono ergo ad rationem: sicut supra facta est: cum enim arguitur sic.
1342 2064 2249 2132 sequendo rationem naturalem est ponendum aliquid esse in rerum natura quae
1337 2119 2240 2173 maius non potest cogitari. ergo sequendo naturalem rationem ponendum
1337 2156 2250 2216 est aliquid infinite virtutis intensiue. Dico quod duplex potest esse
1352 2199 2260 2260 sensus antecedentis: vnus secundum quod ly. maius potest intelligi praecedere totum
1349 2246 2255 2303 illud: potest cogitari. Alius secundum quod potest sequi: et hoc bene differt: sicut patet
1352 2287 2256 2349 in exemplo: supposito quod impossibile sit aliquam esse formicam ma¬
1350 2334 2256 2392 iorem elephante: hec est vera nulla formica maior elephante
1353 2375 2262 2442 potest cogitari: patet quia sua contradictoria est falsa scilicet aliqua formica
1353 2419 2262 2479 maior elephante potest cogitari: nullam enim singularem habet veram:
1349 2462 2258 2523 sed quaelibet singularis est falsa propter falsam implicationem a parte
1355 2504 2256 2567 subiecti: siue demonstraretur formica existens: siue non existens. ⁋ Et
1353 2554 2261 2612 tamen. si ly. maior postponatur sic: nulla formica potest cogitari
1350 2592 2255 2655 maior elephante. ipsa est falsa: nihil enim prohibet aliquam immo cer
1351 2642 2266 2697 te quamlibet formicam quemquam cogitare esse maiorem elephante.
1348 2679 2268 2744 Si aut antecedens sumatur primo modo. Dico quod philosophus et quilibet tenens aliquid
1353 2725 2256 2787 vnum perfectissimum in entibus: et illud esse non infinite virtutis inten
1351 2767 2258 2832 siue concederet: et antecedens et negaret consequentia: et propositionem assumptam ad
1352 2812 2271 2884 probationem consequent scilicet illam qualibet non infinite virtutis maius potest co¬
1352 2860 2258 2926 gitari) diceret esse falsam: quamuis concederet istam quolibet non
1356 2897 2268 2965 infinite virtutis aliquid potest cogitari esse maius) sed per istam non
1351 2942 2265 3018 probaretur consequentia vt patet. Si aut antecedens sumatur 2o modo antecedens vtique negan¬
1358 2985 2270 3052 dum est: diceret enim quod quaelibet existente: aut etiam possibili aut cogitabili
1358 3030 2268 3105 potest cogitari aliquid esse maius: seu vere seu false. ⁋ Tunc ad
1351 3070 2273 3157 probationem Ansel. cum dicitur aliquid quo maius cogitari non potest est in
