2458 3539
162 287 1080 343 intellectu: et non solum in intellectu. ergo etiam in re. Patet. quia si de¬
166 338 1085 390 beat esse ad propositum oportet quod ly maius intelligatur sequi ly potest cogita
158 387 1073 431 ri: quia in illo sensu negaretur antecedens primum et tunc distinguo antecedens istius
172 429 1067 477 consequentie Ansel. quoniam vel ipsum supponit materialiter vel significatiue et perso
162 470 1080 526 naliter. Si primo modo et ipsum sit propositio quaedam vocalis conceo illud. et similiter
175 515 1085 564 consequens si in ipso eodem modo supponat subiectum eius: sed tunc nihil ad pro¬
171 557 1079 611 positum. Nam constat quod illa vox non est infinite virtutis. Sed si in
162 607 1071 653 consequente subiectum supponat significatiue. patet quod consequentia ntia est: sicut et ista. hec
172 646 1079 699 vox aliquid quod non est: est. ergo aliquid quod non est: est. nam antecedens est verum.
165 693 1083 742 et consequens implicat contradictionem si subiectum supponat significatiue. Si
168 729 1056 788 vero in illo antecedente subiectum supponat 2o o sic dictuo quod negandum esset quam
146 774 1080 832 ad primam partem ab eo qui teneret nihil esse tale. Et cum probatur quod
162 824 1066 881 audiens hoc: quod dcieo aliquid quo maius cogitari non potest intelligit quod
155 865 1063 911 audit: et quod intelligit est in intellectum. ⁋ Dico primo quod si inter has
164 909 1073 956 duas propositiones hoc intelligitur. et hoc est in intellectu. fiat differentia sicu
164 947 1076 1003 videtur Ansel. facere contra insipi. Unde neganti hanc consequentiam. intel
157 994 1061 1051 ligitur. ergo est in intellectum. nititur illam probare. hec enim falsa est: omne quod
161 1038 1076 1086 quis intelligit est in intellectu. Nam lapidem quis intelligit: et tamen
156 1080 1067 1137 lapis non est in intellectum. nec probatio quam adducit Ansel. valet
152 1127 1074 1173 ait enim quod sicut omne quod cogitatur: cogitatione cogitatur: et quod cogita
152 1171 1073 1228 tur sicut cogitatur sic est in cogitatione: ita omne quod intelligitur in
156 1214 1079 1259 intellectu intelligitur etc. Nam est hec assumpta. omne quod cogitatur est
146 1259 1070 1312 in cogitatione est falsa. vt patet de lapide. non distinguendo autem
157 1298 1071 1351 inter illas sicut et frequenter antiqui non distinguebant. Et cum
159 1343 1068 1395 dicitur aliquid esse in intellectum. si pro eodem accipiatu. ac si dicatur quod
153 1384 1062 1439 illud intelligitur: concedo propositionem: sed nihil ad propositum: quia audi
162 1428 1064 1476 ens illam vtique intelligit illam: et illa intelligitur ab eo. Sed non
166 1472 1073 1533 sequitur: hec vox: aliquid quo maius cogitari non potest intelligitur.
152 1515 1067 1565 ergo aliquid quo maius cogitari non potest intelligit. si subiectum consequentis
156 1567 1071 1607 supponat significatiue. Sicut etiam non sequitur hec vox. quod non potest co
156 1607 1076 1656 gitari potest cogitari. ergo quod non potest cogitari potest cogitari. Nam
146 1652 1071 1696 antecedens est verum. nam audiens hoc quod dico (quod non potest cogitari) co¬
159 1693 1062 1745 gitat quod audit: et quod cogitat cogitatur. et tamen consequens implicat contradi¬
162 1738 1062 1784 ctionem si subiectum supponat significatiue. Similiter audiens hanc vo¬
157 1774 1074 1829 cem maius eo quae maius cogitari non potest) intelligit quod audit:
146 1820 1067 1875 et illa vox intelligitur ab eo: et tamen non sequitur: hec vox maius
152 1866 1065 1911 eo etc. intelligitur. ergo maius eo quo maius cogitari non potest intel¬
153 1910 1061 1956 ligitur. Nam antecedens est verum: et consequens si subiectum supponat significatiue est
153 1952 1071 1999 falsum etiam secundum Ansel. Nam ex ipso sequitur ex eo quod maius cogitari
158 1996 1071 2041 non potest aliquid maius cogitari potest: quod ipse dicit esse impossibile in
152 2038 1071 2091 prima probatione 2a partis antecedentis: et contra insipi. ⁋ Et si dicatur: quod au¬
152 2086 1062 2130 diens hanc vocem (aliquid quo maius cogitari non potest) si sit no
149 2125 1070 2179 te lingue: non solum intelligit sicut vnam vocem non significatiuam: cum
147 2172 1070 2222 in eius auribus formatur: sed intelligit quod ipsa significat. Unde et qui
146 2213 1070 2260 hanc dicit esse veram: aliquid quo maius cogitari non potest est in re. et
159 2258 1062 2310 qui eam dicit esse falsam intelligit quid significet ipsa proporitio. et per
146 2300 1064 2350 consequens quid significet subiectum: et si sic. ergo illud quod per illam significatur in¬
153 2348 1062 2401 telligitur: et per consequens hec est vera. aliquid quo maius cogitari non potest
146 2384 1061 2431 intelligitur subiecto supponente significatiue. ⁋ Rsponsio: et concedo quod i
155 2432 1062 2480 lud quod significatur per illam propositionem intelligitur. sed nego vlteriorem
147 2481 1061 2529 consequentiam. Et patet instantia quoniam etiam audiens hanc vocem: quod non potest co¬
155 2518 1056 2575 gitari. aut hanc quod non potest intelligi intelligit quod ipsa significat: sicut
149 2566 1065 2622 etiam intelligit hanc esse falsam: quod non potest cogitari potest cogitari.
158 2606 1066 2661 Et illud quod per eam significatur intelligit ab eo. Et tamen non sequitur. ergo quod
153 2648 1065 2705 non potest cogitari cogitatur: aut quod non potest intelligi intelligitur.
161 2694 1071 2743 ⁋ Unde scientum est quod non omnis terminus potest pro eo supponere significa
165 2741 1061 2787 tiue et personaliter quod ipsum significat: sicut patet de his terminis nihi¬
162 2779 1064 2830 et non aliquid: quorum vterque significat omnem rem. et omne quod est. licet distru¬
159 2819 1062 2880 ctiue non constructiue. vt ibidem Ansel. ait. de casu dyaboli. et
156 2867 1061 2920 tamen neuter pro aliquo quod est personaliter supponere potest. ita est est de
158 2910 1068 2959 istis termis incogitabile quod non potest cogitari: et multis aliis
158 2948 1065 3011 et de hoc de quo agitur aliquid quo maius cogitari non potest) et per hoc
153 2996 1064 3050 patet quod illa probatio prima illius primo partis antecedentis non valet. nec eta secunda¬.
159 3043 1059 3091 quoniam dicens nullam rem esse. quae non posset cogitari maius. conceda¬
153 3085 1064 3157 consequens pro illa parte. deus non est quo maius cogitari non potest: nec re¬
1134 292 2034 354 putabit hoc falsum: si intelligitur ly maius sequi ly potest cogita¬
1138 345 2033 396 ri. ⁋ Ad alias vero probationes Ansel. pro 2a parte antecedentis non
1127 392 2046 443 oportet respondere: quia omnes supponunt primam partem esse veram. ⁋ Sed contra verum
1134 431 2046 484 iam dictum scilicet quod hec est falsa. maius eo cogitari potest quo non potest
1131 476 2025 532 aliquid maius cogitari. est opinio cuiusdam moderni tenentis quod
1125 518 2033 565 maius cogitari potest: quo nihil maius cogitari potest: quam probat
1124 563 2032 618 sic. maius deo potest cogitari: et nihil maius deo potest cogitari. ergo
1133 607 2034 662 maius potest cogitari quo nihil maius potest cogitari. consequentia patet. Et
1125 651 2045 705 probatur antecedens. Primo quo ad primam partem. quia quicumque cogitat de isto
1136 696 2028 744 maius deo non potest esse) verum cogitat: et intelligit. et per consequens
1134 730 2036 782 vererum cogitatur ab eo. Et sequitur. verum cogitatur ab eo. ergo maius deo
1119 780 2025 830 cogitatur ab eo: quia illud est maxia pars illius veri. ergo maius deo cogi
1130 827 2046 877 tari potest. ⁋ 2a vero pars antecedentis probatur. quia ipsa est vna vniversalis cuius
1131 868 2031 928 quaelibet singularis est vera: patet discurrendo: quia nec hoc nec illud
1124 918 2046 965 quicumque demrato siue existente siue non: sed imaginato. ⁋ hec di¬
1119 954 2045 1007 cta videntur mihi falsa: et includere multipliciter repugnantiam.
1139 997 2046 1053 ⁋ Unde primo arguo contra conclusionem. quia si maius deo potest cogitari etc. ergo
1129 1042 2033 1088 aliquo qui non potest maius cogitari potest maius cogitari. et vltra.
1133 1086 2027 1142 ergo vel isto quo non potest maius cogitari potest maius cogitari:
1133 1140 2033 1186 vel isto quo non potest etc. et sic per disiunctiuam discurrendo per sin¬
1131 1167 2039 1232 gularia quaelibet existentia vel non existentia: sed cogitabilia. Erit ergo ali¬
1126 1221 2034 1272 qua talis singularis vera. isto quo non potest maius cogitari potest
1121 1263 2027 1307 maius cogitari: sed manifestum est quod ex hoc sequitur ista copulatiua.
1123 1306 2031 1351 isto potest maius cogitari: et isto non potest maius cogitari: cuius par¬
1130 1348 2040 1393 tes eodem demonstrato indubitanter sunt contradictorie: eodem modo arguo
1118 1394 2024 1446 contra antecedens consequentie facte: quia si maius deo potest cogitari. ergo aliquid maius
1131 1442 2030 1488 deo potest cogitari: et nihil maius deo potest cogitari. et hanc
1134 1479 2036 1530 consequentiam concedit vt statim patebit. ⁋ Sed vltra ex hoc infero.
1124 1521 2037 1578 ergo deo aliquid maius potest cogitari: et deo nihil maius potest co¬
1121 1565 2034 1617 gitari: patet: quia cum deus sit terminus simplex non refert vtrum
1124 1613 2024 1666 praeponatur aut postponatur comperatiuo. Et vltra. ergo deo potest ali
1118 1650 2039 1698 quid maius cogitari: et deo non potest aliquid maius cogitari:
1127 1695 2028 1744 quod consequens includit duas singulares vere contradictorias adinuicem.
1124 1739 2022 1786 Et consequentia patet. quia prima pars consequentis equiualiet in significando primao parti antecedent
1127 1778 2027 1832 et 2a secunde. et ex hoc est declaratur consequentia proxime facta. Nam sequitur. deo
1121 1823 2027 1871 non potest aliquid maius cogitari: et deo potest aliquid maius cogita¬
1118 1860 2033 1923 ri. ergo aliquo quo non post maius cogitari potest maius cogitari.
1128 1911 2046 1972 ⁋ Praeterea arguo sicut ipsemet arguit contra se. quia sequitur. maius deo
1112 1956 2026 2014 potest cogitari. ergo aliquid maius deo potest cogitari. consequentia patet. quia particula¬
1115 1998 2036 2048 ris et indefinita conuertuntur. cum ergo quicquid stat cum antecedente. stet cum consequente:
1118 2041 2030 2088 si ista. nihil maius deo potest cogitari. stat cum ista indefinita:
1119 2085 2023 2134 stabit est cum illa particulari: sed ista particularis. aliquid maius
1121 2129 2029 2184 deo potest cogitari: et ista vniversalis: nihil maius deo potest cogitari:
1121 2175 2031 2224 sunt contradictorie. ergo due contradictorie adinuicem erunt simul vere.
1130 2212 2036 2267 ⁋ Respondet ipse concedendo omnia quae dicta sunt: praeter id quod dicitur
1134 2260 2032 2319 quod ille sunt contradictorie. Unde dicit quod ad hoc quod alique due pro¬
1124 2314 2023 2358 positiones sint contradictorie. non sufficit quod vna sit vniversalis negatiuam
1126 2351 2021 2401 et alia particularis affirmatiua conuenientes in subiectis et prae¬
1121 2390 2027 2439 dicatis: sed vltra hocrequiritur quod per illam particularem affirmatiuam
1124 2433 2033 2479 denotetur aliquid esse in re. vel etiam quod ex illa sequatur aliquid esse. sic
1125 2477 2025 2531 autem non est in proposito. quia ita bene possunt cogitari ea qui non sunt nec
1118 2518 2021 2572 esse possunt: sicut illa quae sunt vel esse possunt. ⁋ Ista responsio non valet. primo
1130 2572 2023 2620 quidem. quia si hec sit vera vt concedit. aliquod maius deo potest cogita¬
1118 2611 2020 2663 ri. ergo aliqua singularis eius. ergo aliquo existente vel non existente: sed
1128 2649 2028 2703 imaginato vel cogitabili demonstrato vna talis est vera. hoc ma
1128 2696 2025 2748 ius deo cogitari potest: sed secundum eum huius vniversalis. nihil maius deo potest co
1118 2744 2022 2792 gitari: quaelibet singularis est vera: quodcumque existens vel non existens: sed ima
1134 2782 2027 2836 ginatum demonstretur. ergo hec singularis negabilia est vera. hoc maius deo non
1136 2825 2031 2875 potest cogitari: eodem demonstrato: quod in affirmata demonstratur: et sic simul de
1131 2867 2020 2919 eodem idem vere affirmatur et negatur: quod est contra primo principium. ⁋ Confirmatur quia
1118 2917 2024 2961 cum ipsa sit particularis affirmata si sit vera subiectum pro aliquao determia
1125 2957 2018 3007 te supponit: et quicquid sit illud: siue existens siue cogitabtie tantum. vere
1122 3001 2024 3051 contingit dicere. hoc maius deo potest cogitari. 2o quia hoc quod dicitut scilicet il
1130 3044 2018 3095 las non esse contradictorias est expresse contra philosophum primo pyar. si attendatur il¬
1118 3089 2025 3144 le locus vbi ostendit philosophus quae propositioes sunt contradictorie et causam quam assi¬
