2458 3537
156 290 1073 349 non facientium vnum per se in actu: quam aliquorum per se facientium vnum.
159 335 1059 386 Quod patet: quia omnis repugnania qua assignaretur in illis. verbi gratia. quod to¬
162 380 1064 431 tum esset equale vel minus parte: vel quod infinitum esset minus infinituio aut quod
153 427 1068 478 actualitas existentie repugnet infinito partiali aut aliqua alia quae
155 469 1062 519 ab opinantibus oppositum assignatur: eque apparenter assignaretur in infi
147 513 1074 561 nita multitudinie quae est actualiter partium poelium continui. Unde nulli
162 557 1061 613 potest rationabiliter apparere impossibile esse infinitas animas esse in actu plus¬
164 596 1053 654 quam partes continui esse actu infinitas. ⁋ Confirmatur quia cum deus immediat
154 639 1068 698 se solo quamlibet entitatem posset conseuare se solo sine quaecumque quo non
156 682 1067 743 est de esentia eius: poterit alicuius proportionis quamlibet partem in continuo existen
146 732 1071 787 tem actualiter didere a qualibet alia eiusdem proportonis: quae non est pars
156 773 1052 820 eius: et quamlibet talium consseuare in esse: quo fco erit actualiter multitu
157 813 1064 877 infinita distinctorum non facientium per se verum. Nam tales proportiona¬
155 857 1064 909 les partes sunt infinite. vbi gratia. priuma medietas totius: et priuea medie
156 903 1067 952 tas 2oa medietatis. et est priuea medietas medietatis alterius: et
156 944 1061 1002 sic consequentur quarum nia est pars alterius. ⁋ 2o deus posset in instanti initian¬
156 988 1050 1042 te cuiuslibet partis proportionalis temporis vnius hore producere vrum
146 1042 1052 1089 angelum: et sic consequentur: et productum conseqeuare. vbi gratia. in primo instanti ho¬
149 1078 1064 1131 re producere vnum: et in instanti primo 2o medietatis sequentis produ
153 1121 1066 1171 cere alium. Et in instanti primo 2o medietatis illius secunde praecedentis
154 1163 1062 1212 medietatis alium: et sic consequenter ergo deus potest facere infinitam actu mul¬
149 1206 1065 1255 titudinem angelorum. Antecedens patet: quia nihil impossibile nec aliqua incompos¬
140 1245 1061 1303 sibilia includit: consequentia probat: nam dato casu: in fine seu instanti
152 1293 1062 1343 terminante totam horam essent simul actu infiniti angeli: sicut in ipsa
147 1334 1068 1386 hora sunt infinite partes proportionales. ⁋ 3o ex eo quod ponitur esse
148 1385 1068 1430 aliqua multitudo actu infinita nulla contradictio implicatur. ergo deus
151 1427 1065 1480 potest etc. consequentia patet ex dictis supra in pria quaestione de potentia dei. Antecedens
157 1470 1062 1518 declaratur: ex eo quod infinitas non tollit rationem multitudinis: nec est
160 1511 1062 1561 aliquid necessario consequens multitudinem. non enim ideo non esset multitudo
140 1557 1064 1602 aut ei non conueniret aliquid necessario competens multitudini: si
152 1597 1061 1646 esset aliqua multitudo infinita: nec econverso multitudo tollit rationem
140 1643 1062 1697 infinitatis: nec aliquid necessario consequens infinitatem. ⁋ 2a conclusio est: quod pos¬
159 1683 1061 1738 sibile est aliquam magnitudinem esse infinitam seu corpus aliquod esse
149 1726 1068 1778 infinitum hoc probatur ex eodem. valet quod nulla contradictio implicatur: ex eo quod
147 1769 1056 1822 ponitur aliquod corpus infinitum: cum infinitas non tollat rationem magnitu
147 1816 1068 1875 dinis vel eam aliquid necessario consequens nec econverso magnitudo rationem infi¬
140 1859 1064 1906 nitatis. Unde hec nullam incompossibilitatem includunt: sicut est in sol¬
155 1905 1047 1953 uendo rationes opinantium opositum magis deterinabitur. ⁋ 2o probo quod
152 1947 1047 1999 deus posset facere corpus infinitum sed longitudinem in vnam partem: et in
147 1985 1064 2039 haec etiam sequitur quod posset facere in omnes: et quamlibet in infinitum vt sibi placet:
149 2038 1062 2086 cum non sit vnum magis quam aliud impossibile. Assumptum probo. et sumo
149 2077 1041 2119 vnum corpus longum palmis decem: et latum vbique palmo vno: con
147 2117 1061 2164 stat quod in isto sunt partes proportionales infinite secundum modum divisio
147 2163 1048 2212 nis praetactum in praecedenti conclusione. quarum qualibet secundum dimensionem latitudinis
157 2204 1062 2259 illius totius est vnius palmi. et per consequens quaelibet equalis cuilibet: quamuis secundum
149 2248 1062 2297 aliam dimensionem nulla alteri equalis: tunc sic. Possibile est deum
141 2292 1062 2338 omnes huiusmodi partes diuidere et secundum aliam dimensionem quae sunt equales con
141 2334 1061 2383 iungere et vnire: ita vt constituant vnam magnitudinem sicut
150 2381 1061 2431 nunc constituunt. ergo deus potest facere vnum corpus longitudinis infi¬
141 2424 1050 2477 nite in vnam parte. Antecedens non videtur habere dubium apud aliquem ca¬
148 2466 1061 2510 tholicum. consequentia tamen patet: quia tunc tale corpus haberet in longitudinie sua
150 2509 1062 2556 infinitas partes eiusdem quantitatis scilicet palmalis. ⁋ 3o ad idem
276 2550 1061 2605 sic. suppono vnum probatum in i 15o dictin quod in infinitum deus potest
270 2598 1067 2653 augere magnitudinem. tunc pono quod sint alique
280 2644 1059 2689 due magnitudines a. et b. constituentes angulum: cuius
279 2684 1056 2731 basis sit magnitudo. C. et quod quiescentibus b. et c. ma
281 2727 1061 2781 gnitudo a. tantum eleuetur ex parte qua constituit angulum
275 2770 1067 2824 cum b. vt sit equidistans ipsi b. totum hoc est possibile
286 2810 1051 2863 tiam naturaliter. Cum hoc etiam pono quod continue dum eleuatur ma
284 2858 1055 2911 gnitudo a. deus augeat eam tantum: et similiter b. indirectum
278 2903 1052 2954 quod concurrant actualiter toto tempore praecedente instans que
278 2946 1055 3001 primo erunt eque distantes: et hoc patet esse possibile ex sup
287 2991 1064 3038 positione prius facta. Tunc arguo: hoc casu possibili
278 3038 1057 3087 posito: erunt ille magnitudines infinite quando erun
276 3077 1063 3136 eque distantes. ergo deus potest facere magnitudinem infi¬
1120 295 2037 353 nitam: consequentia patet. Antecedens probo. quia si dicatur quod sint finite: sequitur quod
1124 341 2021 394 vel non semper dum a. eleuatur tantum in sua rectitudine augeatur vt
1125 386 2030 437 concurrant: quod est contra positum: vel quod quantumcumque modicum a. de¬
1118 431 2030 480 primeretur versus b. ex parte in qua prius eleuabatur: neutra
1121 480 2031 530 crescente concurrerent: quod est contra sensum. ⁋ 4o potest argui per
1122 517 2028 570 modum quo argutum est pro conclusione praecedenti. Nam data aliqua magni¬
1131 559 2028 612 tudine cuba. potest deus in cuiuslibet partis proportionalis vnius ho¬
1124 599 2018 656 re instanti initiante: cuilibet lateri illius magnitudinis adde¬
1119 641 2031 700 re equalem illi magnitudini cubam. qua vnam per se magnitudinem
1122 688 2022 740 constituant simul. ergo potest facere deus magnitudinem vndique
1118 733 2025 785 infinitam. consequentia patet. quia in instanti terminante horam erit vndique
1129 777 2051 842 magnitudo infinita: et antecedens patet. ⁋ 3a conclusio est: quod deus potest facere 3
1119 818 2025 866 aliquam formam. vbi gratia. charitatem: aut aliam quamlibet intensibilem
1118 863 2029 915 et remissibilem infinitam intensiue in sua specie. Probatio: quia si¬
1122 908 2030 956 hoc non sit possibile: aut hoc ideo est. Quia impossibile est aliquid actu
1119 948 2032 995 esse infinite perfectum seu perfectio infinita. Aut quia impossibile
1119 989 2030 1047 est esse aliquam creaturam perfectione infinita: quoniam tunc equeretur
1106 1036 2033 1087 deo in perfectione: et per consequens esset deus: et esset creatura: et sic.
1118 1080 2021 1127 esset deus et non deus: creatura et non creatura. Aut quia impossibile est
1123 1117 2034 1175 simul esse partes infinitas eiusdem: quod tamen oporteret. Aut quia impos¬
1119 1166 2019 1216 sibile est aliquid infinite perfectionis esse minus perfectum aliquo
1125 1209 2034 1260 eiusdem rationis: vel partem esse equalem toti: quorum alterum necessario seque¬
1125 1251 2030 1300 retur: vt patet: per rationes quae post inducentur contra dicta. ⁋ hec diuisio
1115 1296 2027 1350 videtur sufficiens: quoniam ex his videntur arguere quicumque contra istam
1121 1340 2025 1394 conclusionem arguunt. Sed peper nullum istorum conclusio est impossibilis. Non enim
1119 1395 2032 1439 propter primum: quia infinitam perfectione esse actu: non est impossibile:
1122 1430 2034 1479 cum deus sit bonitas et perfectio infinita. Ex quo patet quod non re¬
1121 1469 2029 1525 pugnant neque sunt incompossibiles actualitas et infinitas: sicut
1122 1510 2027 1565 aliqui pro fundamento sue opinionis assumunt. Nec propter 2m. conclus
1125 1557 2031 1604 est impossibilis: non enim esto quod aliqua charitas sit infinita in
1124 1600 2031 1646 tensiue sequitur quod sit eque perfecta vt deus: quia deus est infini¬
1118 1636 2033 1689 ta perfectio simpliciter. charitas autem est perfecuo in graeserie: quia non solum
1118 1683 2029 1736 deus: sed est aliqua perfectio alterius rationis potest esse perfectior: si¬
1120 1732 2033 1781 cut subiecta angelica perfectior esset charitate creata infinita:
1124 1778 2033 1824 vt nunc de charitate loquimur: et finita intellectio perfectior
1124 1815 2033 1864 et notior esset nigredine infinita. hanc attestatur Aug. in
1125 1858 2023 1908 lib. de natura et gratia des. Ego quidem sentio: quia et cum fuerit in nobis
1118 1898 2026 1951 tanta iustitia vt ei addi omnino nihil possit: non equabitur crea¬
1119 1943 2030 1995 tura creatori. et ly cum. sumitur coniunctionaliter et equivalet illi
1118 1989 2025 2042 communiunctioni si. Nec 3m. quia illud non est impossibile. vt patet de parti¬
1125 2034 2036 2084 bus continui. Nec est 4m. quia vel altera pars non est impossibilis:
1113 2083 2033 2128 vel neutra sequitur: sicut patet formando similes argumentationes
1122 2121 2026 2172 de infinitis partibus continui: hoc etiam patebit magis in soluen¬
1113 2164 2022 2216 do rationes aliorum. ⁋ 2o si deus per aliquod tempus. verbi gratia vnam ho
1120 2210 2027 2252 ram continue augeret charitatem: sic tamen quod in priues medietate to¬
1119 2252 2034 2295 tius hore crearet charitatem tanti gradus: et in priues medietate
1121 2294 2031 2340 sequentis medietatis crearet equale charitatem ei: quam creauit
1109 2341 2017 2390 in priues medietate totius hore: et iterum in priues medietate residu¬
1124 2385 2032 2436 crearet equalem: et sic semper velocitaret suam actionem secundum quamlibet
1122 2425 2018 2472 talium partium proportionalium et quamlibet creaturam consenuaret in fine
1120 2466 2018 2517 hore creata esset charitas actu infinita intensiue. consequentia patet. quia cho
1121 2510 2021 2563 ritas existens in fine hore. haberet infinitas partes equales: sicut in tempore
1112 2554 2015 2601 sue creationis fuissent tunc infinite partes proportionales: sed aten
1122 2596 2025 2649 est possibile. Nam quod in vna tota hora causaret charitatem potest esse
1124 2645 2018 2696 possibile. Item patet quod posset velocitare suam actionem cum agens
1122 2691 2031 2739 creatum hoc possit. vt patet in motibus naturalibus qui sunt velociores
1124 2729 2019 2779 in fine. Item in agentibus voluntariis hoc experimur: quod etiam sempe
1124 2771 2026 2825 posset velocitare suam actionem in duplo iuxta modum dictum est
1121 2821 2027 2866 manifeste cuilibet occurrit: cum nullum sit mimum tempus in quo
1119 2858 2016 2911 possit tantam vel tantam latitudinem charitatis causare. Sed in quam
1131 2909 2029 2956 tolibet minore potest tantam et maiorem causare secundum placitum suum: et per
1118 2948 2027 2998 consequens non apparet: quin antecedens sit totum possibile. Ex quo sequitur quod etiam consequens
1125 2987 2021 3043 quod est principatur conclusio sit possibile et eodem modo probari potest de aliis for¬
1127 3033 2021 3088 mis. ⁋ 3o potest argui sicut argutum est pro praecedentibus conclusionibus.
1125 3076 2034 3139 ponendo quod deus in cuiuslibet partis proportionalis hore secundum di¬
