2441 3532
158 271 1074 337 conclusionem: si enim conclusio sit vera: tunc posset fieri a deo corpus
164 321 1076 376 habens grauitatem infinitam intensiue: et similiter aliquod habens leuitatem
165 366 1064 420 intensiue infinitam. et vltra: possibile esset esse aliquod corpus quod
171 410 1077 465 de celo ad terramn descenderet naturaliter in instanti. consequentia patet. alias
168 447 1062 507 in eodem tempore per idem spacium moueretur corpus finite grauita
165 497 1070 546 tis cum corpore infinite grauitatis: et vtrumque naturaliter: quod non
171 537 1064 597 est possibile. consequens vero est falsum. Tum quia talis virtus motiua equare
166 581 1074 636 tur virtuti dei in mouendo localiter: cum deus non possit in mino¬
155 631 1061 678 ri quam in instanti. Tum quia sequaeretur quod illud corpus simul et semel in
161 667 1067 721 eodem instanti esset in termino a quo a in termino ad quem: et in
155 712 1062 764 omni loco medio: quod est inintelligibile: et per consequens incommunicabile
158 750 1074 810 creature. Item eadem ratione posst fieri forma actiua infinita.
152 794 1059 860 vbi gratia calor vel frigus. Et vltra. ergo esset possibile aliquod corpu
153 837 1070 890 ab vna forma contraria in aliam contrariam transmutari in instanti: per virtu¬
161 887 1066 941 tem creatam. hoc autem est impossibile: cum deus in miori duratione non
157 934 1061 989 possit: posset etiam talis calor infinitus causare calorem infinitum et
158 976 1073 1025 subito: vt patet. ⁋ 8o si esset talis forma infinita: tunc aliqua eius pars
149 1020 1065 1071 esset infinita: et per consequens equalis virtutis vel vigoris cum tota for
159 1065 1068 1118 ma. consequentia patet. quia ita pars illa infinita mouebit in instanti: et cau¬
152 1102 1061 1154 sabit infinitam forma eiusdem ratiois sicut tota forma. ergo equalis vigo¬
152 1148 1067 1206 ris esset vtraque. ⁋ 6o tunc posset fieri aliqua visio de deo infini¬
146 1197 1070 1243 ta. et per consequens quae comprehederet ipsum. Eodem mo posset argui de chari¬
160 1236 1068 1294 tate. et aliis formis spiritualibus. ⁋ 2o sic quantalibet intensiue
153 1282 1059 1333 possibili forma data: potest aliam facere: et illi priori vnire: et per
145 1331 1055 1378 consequens illa priore facere maiorem. Ex quo sequitur quod non sit pos¬
152 1367 1059 1420 sibilis aliqua infinita: aut quod vnum infinitum excedatur ab alio infini
156 1410 1064 1464 to: et sit minus: et quod infinita forma posset intendi et fieri maior:
156 1454 1058 1514 quod est impossibile. ⁋ xiuo: potest argui contra 2am rationem factam pro 3a conclusione. Et
152 1495 1067 1551 primo probatur quod antecedens non sit possibile: quia si esset possibile: tunc esset possibi¬
152 1542 1052 1596 le infinitam multitudinem successiue fore pertransitam seu con¬
158 1582 1061 1638 sumatam vel totaliter acceptam: cuius tamen fuit aliqua pars primo acce¬
152 1627 1065 1681 pta: et numquam fuerunt simul plures primo accepte. hoc autem est impossi¬
153 1672 1053 1721 le: cum infin sit cuius transitus est inconsumabilis: et cuius partem ac¬
158 1715 1061 1763 cipientibus semper restat aliquid accipere. vt patet 3o phy. et consequentia non
156 1761 1059 1811 ta est ex casu. ⁋ 2o sumatur casus positus in antecedente: et sit in
146 1797 1069 1853 stans praesens finis hore in qua causabatur charitas secundum modum ibi
150 1847 1069 1896 positum: tunc sic: aut in hoc instanti praesente: hec est vera. charitas infi
155 1892 1052 1942 nita seu habens partes infinitas equales est: aut in hoc instanti ista non
148 1936 1068 1986 est vera. si non sit vera cum instans sit finis temporum causationis chari¬
146 1974 1053 2021 tatis per casum. ergo nulla alia pars charitatis post hoc causabitur: et sic
141 2020 1058 2070 nec ista propositio erit vera post hoc instans: et habentur intentum: quia numquam
146 2062 1059 2115 erunt infinite partes equales charitatis create. Si vero in hoc instam
149 2107 1055 2153 ti illa propositio sit vera. Cotra. aut in hoc instanti ipsa est primo vera: aut
140 2147 1061 2196 in aliquo instanti priore fuit primo vera: aut in aliquo instanti pore fuit
155 2194 1054 2250 vltimo fula. hoc patet. quia non semper hec propositio fuit vera. quia nec in
140 2239 1052 2292 fine prime medietatis hore: quia tunc fuit primo creata vna pars
149 2280 1059 2333 charitatis tantum: et non infinite. nec in fine prime medietatis se
140 2328 1053 2380 quentis medietatis hore: quia tunc primo fuerunt tantum due partes: et lo
144 2365 1053 2413 quor de partibus determinate quantitatis secundum casum. sumatur ergo to¬
135 2411 1046 2465 tum tempus in quo hec propositio fuit falsa. et sua contradictoria vera. et totum tempum
143 2453 1037 2499 in quo fuit ipsa vel erit vera. constat quod nullum tempus fuit me
146 2494 1052 2547 inter ista: alioquin in illo tempore medio due contradictorie fuissent simul fal¬
137 2539 1053 2588 se. ergo copulantur in eodem instanti secundum communem modum loquendi: vel
145 2582 1043 2646 ergo illud instans copulans ista tempora est instans praesens: et tunc sequitur quo
149 2636 1055 2682 in hoc instanti hec propositio sit primo vera: vel fuit aliquod instans praeteritum:
155 2673 1052 2722 et tunc vel in illo hec fuit vera. et per consequens: tunc primo fuit vera: vel fuit
159 2713 1052 2769 in illo instanti falsa. et tunc sequitur quod in illo tunc fuit vltimo fal¬
156 2756 1052 2810 sa: et sua contradictoria tunc fuit vltimo vera: et sic patet illa maior dis¬
153 2800 1049 2853 iunctiua. Sed in nullo instanti priore hec fuit vltimo falsa. pro¬
144 2841 1043 2897 batur. quia si dicatur oppositum sit illud instans b. tunc sic: in instanti b
150 2888 1050 2937 hec fuit falsa. charitas habens infinitas partes equales est. ergo in b.
140 2935 1049 2983 non erant infinite partes charitatis causate: sed finite tantum: et b. fuit
143 2980 1038 3032 instans alicuius proportionalis partis hore date. ergo in fine parti¬
144 3025 1053 3071 proportionalis immediate sequentis partem cuius instans fuit b. non
141 3069 1056 3135 fuerunt infinite partes equales charitatis: quia praeter illas quae fuerunt
1127 280 2039 352 in b. non fuit tunc nisi vna superaddita vel vna: et pars alterius
1131 331 2038 391 si b. non fuit instans initians aliquam talium partium. Ex eo vl¬
1137 376 2033 430 tra sequitur quod etiam post b. hec fuit falsa charitas habens infinitas
1139 415 2022 475 partes est. Item non potest dici quod in aliquo instanti priore hec fui¬
1139 462 2024 518 primo vera. quia si sic sit illud b. vt prius. et tunc sumo instans initians
1130 505 2025 554 partem proportionalem hore immediate praecedentem eam partem: cuius in¬
1128 554 2028 606 stans est b. et sit illud c. aut ergo in c. erant infinite partes charita
1131 592 2031 648 tis iam facte: et per consequens in c. hec fuit vera: in b. aut in c. non
1127 634 2033 688 erant infinite partes charitatis. et tunc sequitur quod nec in b. fuerunt
1129 680 2036 728 infinite. et per consequens hec. ista propositio fuit primo vera. immo nec vera in b.
1140 724 2025 768 Relinquit ergo si ipsa est vera nuc: quod ipsa nunc primo sit vera. Sed
1128 765 2030 821 quod non. quia quelibet pars huius charitatis que nunc est fuit ante illud
1120 811 2034 863 instans praesens: et in illo instanti vel tempore ante illud instans fuerunt
1118 856 2027 903 infinite partes charitatis loquendo de partibus equalibus charita
1122 898 2022 946 tis causate vt prius. ergo in hoc instanti praesente non sunt infinite partes
1128 942 2033 990 charitatis causate: et per consequens nec huius charitatis qua nunc est: sunt
1124 986 2018 1030 infinite partes. Ex quo sequitur quod hec non est vera. ergo nec primo vera: cha¬
1128 1030 2022 1076 ritas infinita est. consequentia patet. quia si nunc sunt infinite vel prius fuerunt
1123 1071 2016 1117 infinite: quod est oppositum 2a partis antecedentis: vel nunc sunt aliqua immo
1125 1115 2025 1164 infinite. quarum nulla fuit prius quod est oppositum primo partis antecedentis.
1118 1158 2021 1207 Secunda vero pars antecedentis probata est immediate prius: et probo primam:
1131 1204 2022 1259 qui si non quaelibet pars charitatis nunc existens fuit ante hoc instans prae¬
1124 1248 2016 1298 sens: aliqui ergo nunc est qua numquam fuit prius: et tamen per casum quelibet pars
1117 1292 2024 1336 charitatis fiebat partialiter et continue: et per consequens in hoc instanti
1115 1331 2029 1385 nulla talis pars primo causatur. sequitur quod aliqua pars nunc primo est comple¬
1123 1374 2027 1421 te facta. patet. et sit illa pars a. tunc sic: a. pars est nunc primo complete fcam:
1119 1421 2021 1474 et nulla alia pars est nunc primo complete fca. patet. ergo quaelibet alia fuit prius
1118 1461 2019 1517 fcam: et per consequens hec est vltima pars seu pars vltimo fcam: et tamen per
1118 1509 2015 1553 casum qualibet fiebat in parte aliqua proportionabili hore: et sic dabi¬
1119 1549 2022 1601 tur vltima pars proportionabilis hore: secundum illum modum diuidendi.
1119 1593 2028 1640 hoc autem est impossibile. tum quia quaelibet pars proportionabilis est diuisi¬
1112 1634 2022 1686 bilis in media: et nulla est indiuisibilis: et per consequens nec mimma
1123 1680 2025 1728 nec vltima. Tum quia si detur talis vltima pars proportionalis hore:
1115 1719 2030 1772 aut eam praecesserunt partes infinite proportionales aut finite tantum:
1118 1767 2027 1826 non infinite: quia cum quelibet praecedens fuerit maior: et per consequens equa¬
1119 1805 2022 1865 lem continens illi vltime: sequeretur quod in vna hora essent partes equo¬
1118 1848 2021 1901 les infinite: et sic vna hora esset tempus infinitum et eternum: secundum hoc
1115 1897 2015 1943 sequeretur propositum valet quod ante hoc instans fuerunt infinite partes
1119 1939 2027 1993 causate charitatis: et per consequens propositio data non est nunc primo vera: sed
1118 1981 2028 2030 prius fuit vera. nec potest dici quod tantum finite partes proportionales
1119 2029 2018 2080 praecesserunt vltimam: quia tunc non essent infinite partes proportiona
1118 2067 2027 2119 les in vna hora: et esset dare partem mimmam et idiuisibilem: et per
1120 2113 2025 2159 consequens tota hora componeretur praecise ex finitis indiuisibilibus.
1148 2155 2028 2209 Item etiam ex hoc habetur propositum: quia in hoc instanti non essent infini¬
1115 2188 2022 2248 te partes causate: et per consequens illa propositio non esset vera in hoc instanti praesente.
1116 2244 2071 2311 quare nec in primo vera. ⁋ 2o idem potest probari sic. quia sequitur. quaelibet 2o
1110 2289 2013 2336 pars huius charitatis fuit ante hoc instans. igitur omnes partes cha
1113 2330 2018 2383 ritatis huius fuerunt ante hoc instans. et vltra. ergo tota illa chari
1110 2376 2012 2420 tas vel tota multitudo harum partium fuit ante hoc instans: et per
1106 2416 2006 2464 consequens hec fuit prius vera: hec charitas infinita est. ergo non est nunc prima
1110 2462 2010 2506 vera. Antecedens probatum est. consequentia patet. quia si non omnes partes fuerunt. ergo ali
1116 2504 2007 2559 qua nunc est quae non fuit: quod repugnat antecedenti. ⁋ 3o sic. nunc est vere
1123 2549 2009 2595 ista: quaelibet pars huius charitatis est: et similiter hec: quaelibet pars huius charitatus
1110 2592 2006 2639 fuit. ergo hec fuit prius vera. quaelibet pars huius charitatis est. et per consequens hec
1107 2630 2012 2690 fuit prius vera. hec charitas infinita est. Et pria consequentia probatur. tum primo: quia
1118 2676 2016 2729 quaelibet propositio de praeterito nunc vera: habauit aliquam de praesenti prius veram
1106 2718 2012 2778 sibi correspondentem. tum quia alio modo oporteret concedere quod due propositio¬
1106 2767 2015 2812 nes de eisdem praedicatis et subiectis vna de praesenti et altera de praete¬
1116 2809 2010 2854 rito essent primo vere: quod non videtur rationabile. sicut non est rationabile concedetr:
1107 2851 2012 2911 quod he due sunt simul primo vere. sortes est. et sortes fuit. simul enim fuisset et
1105 2897 2016 2951 primo esset: et per consequens non fuisset. et sic fuisset et non fuisset. ⁋ 3o contra idem
1104 2948 2009 2996 antecedens si enim esset possibile pari ratione foret possibile. quod in quaelibet parte propor¬
1109 2985 2007 3036 tionali hore causaret charitatem tanti gradus: et du causaret 2am
1116 3030 2015 3082 partem in 2a parte proportionali hore simul in eadem parte hore annihila
1115 3075 2013 3144 ret partem quam causabat in prima parte proporimet: et sic semper quamlibet causatam in vna
