2400 3549
389 271 1277 336 parte proportionali annihilaret in parte proportionali hore imme¬
378 324 1280 381 diate sequente: ita quod simul primo esset complete causata pars sequens:
378 369 1281 431 et complete annihilata pars immediate praecedens. Et patet similis ratio
386 415 1279 469 possibilitatis vtriusque casus. Sed probo quod iste sint impossi¬
378 455 1286 510 biles: quia vel in instanti finali hore erit aliqua pars charitatis
380 503 1277 555 vel nulla. non potest dici quod nulla. Nam per casum cuiuslibet partis
386 553 1279 596 charitatis creatio est in tempore priori quam eius annihilatus. et per totam
381 585 1275 641 horam continue causatur charitas: et in instanti finali primo cessat causa¬
378 637 1274 686 ri. ergo non quaelibet erit annihilata in illo instanti. alioquin vel non
384 670 1281 728 continue vsque ad illud instans durabit causatio: vel aliqua simul an
381 716 1283 773 nihilabitur et causabitur: quod est contra positum ergo in quo instanti erit aliqua: aut
380 757 1280 819 ergo erit tunc vna pars tantum: aut plures: non plures: quia tunc non quaelibet
381 807 1283 857 fuisset annihilata in tempore in quo immediate sequens fuisset causa¬
377 841 1283 905 ta: quod est contra cam ergo erit tunc vna tantum: et per consequens dabitur vltima infi
381 889 1277 946 nitarum: et vltima pars proportionalis hore: quod est impossibile. ⁋ Et ex hoc
382 934 1280 995 potest argui quod in casu rationis facte oportebit dare vltimam
389 975 1289 1034 partem charitatis causatam. quia non plus hoc sequitur si prior destruatur dum
390 1025 1286 1080 fit 2a vt ponitur in isto casu: quam si quaelibet remaneret vsque ad fi¬
389 1065 1286 1116 nem: sic ponitur in casu primo. ⁋ 4o contra idem antecedens. Nam pari ratione pos¬
391 1115 1276 1164 set vnum continuum deus discontinuare in duas partes in instanti ter¬
384 1147 1284 1210 minante primam medietatem hore: et in instanti terminante 2am
384 1179 1286 1249 medietatem proportionalem continuare illud idem. Et in instanti
384 1243 1283 1292 terminante aliam iterum discontinuare illud. et sic in cuiuslibet
388 1273 1280 1341 partis proportionalis hore secundum illam divisionem continuare vel discon¬
385 1325 1289 1377 tinuare alternatim: sed hoc est falsum. Probo: quia in instanti fina¬
386 1368 1283 1425 li hore vel erit continuum vel discontinuum: vel neutrum: non conti¬
378 1421 1291 1469 nuum: vel discontinuum: quia tunc daretur vltima pars proportionalis vt¬
396 1464 1292 1512 pote illa quam instans finale terminaret: nec neutrum: quia impossibile
390 1498 1290 1551 est esse plures partes quin sint continue vel discontinue. Eodem modo
399 1541 1283 1593 potest argui: si poneretur quod in vno instanti annihilaret totum il¬
393 1593 1296 1641 lud: et in alio causaret: oporteret enim dare vel vltimam partem propor¬
390 1630 1287 1685 tionalem vel dicere quod in instanti finali nec esset nec non esset: quod
393 1682 1296 1729 est impossibile. ⁋ 5o contra eandem rationem. Nam simili modo probaretur quod esset
394 1723 1284 1775 possibile esse vnum quandrangulum infinite longitudinis: latitudinis vero
397 1760 1287 1813 finite. patet consequentia. Nam in prima parte proportionali hore deus posset con¬
393 1806 1285 1854 tinue facere quadrangulum: cuius longitudo esset vnius cubiti et
395 1847 1302 1903 latitudo vnius palmi: et in 2a parte hore facere alium equalem illi
392 1896 1292 1946 continuum sibi secundum longitudinem: et sic in quaelibet parte proportionali. Et
399 1935 1289 1983 cum sint infinite partes proportionales in vna hora: in fine ho¬
384 1977 1286 2031 re erit vnus quadrangulus habens infinitas partes equales. et per consequens
396 2020 1294 2076 erit quandrangulus infinitus. et tota deductio est simulis illi rationi
396 2066 1288 2119 facte. Sed consequens est impossibile. tum quia omnis quadrangulus est figura: et
393 2110 1290 2166 per consequens terminatus: patet per difinitionem figure. Tum quia si esset quadran
401 2151 1288 2210 gulus habebit quatuor latera quatuor angulos comprehendentia: quorum
392 2206 1289 2251 duo latera sibi opposita erunt equalia finita et vnius palmi
382 2239 1296 2289 tantum: a quorum punctis terminantibus traherentur reliqua duo late
383 2282 1283 2339 ra infinita: et sic inter duo puncta dabitur linea infinita: et per consequens li¬
392 2328 1287 2381 nea infinita erit finita. Et eisdem modis omnibus potest argui contra
384 2372 1283 2419 formam 2a rationis pro priua conclusione: que est assumpta est in probatione alia
390 2412 1296 2464 rum conclusionum. ⁋ 6o si casus illius antecedentis sit possibilis simili modo possibile esset:
398 2454 1288 2508 posita magnitudine actu infinita secundum latitudinem et longitu¬
395 2507 1287 2556 dinem: vt supra concedetur esse possibile: quod aliquod corpus moueretur per
383 2542 1292 2598 horam continue super eam: sic quod in priues medietate transiret spacium
399 2595 1299 2642 cubitale: et in qualibet proportionali sequenti tantumdem: vt ponitur in
392 2635 1295 2691 casu illius rationis: et similis casus possibilitas patet. Sed impossibilitas istius
398 2671 1283 2734 probatur. Nam in fine hore corpus motum erit super aliqua parte ma¬
401 2713 1297 2775 gnitudinis determinata super quam inciperet quiescere: et quiesceret
392 2770 1301 2816 per tempus sequens: supposito quod remaneat. signetur ergo illa pars et sit
401 2804 1289 2862 b. et pars a qua incepit moueri: vel supra quam fuit immediate
389 2848 1295 2902 ante horam sui motus sit a. vel ergo inter a. et b. sunt infiniti cubiti
388 2894 1286 2946 spacii: vel finiti tantum. si infiniti. ergo inter puncta comprehendetur spacium
398 2944 1295 2992 infinitum: quod est impossibile: si finiti tantum. ergo partes proportionales hore
399 2978 1296 3033 non erunt infinite: quod est est impossibile. ⁋ Ad primum istorum dico quod non
405 3023 1292 3079 est de ratione infiniti simpliciter sumpti: quod aliquid eius sit tantum in potentia:
395 3065 1298 3138 quod patet in multitudine infinita partium continui: quarum qualiet est in
1336 268 2254 327 actu sicut aliqua earum: nec eius est aliqua pars in actu: aliqua vero in
1339 312 2256 372 potentia tantum. ⁋ Ad probationem cum dicitur quod quicumque imaginatur infinitum
1343 358 2247 414 figit aspectum super aliquid in actu. Deinde addit etc. Dico quod
1336 401 2255 466 ista probatio nulla est. quia ex hoc non arguitur aliqua successio nec ali¬
1349 449 2255 506 quid in actu: et aliquid in postio illius rei super quam cadit imagi¬
1343 487 2245 544 natio: sed solum modo in ipsis imaginationibus. Und quaeuis appre¬
1349 531 2260 591 hendens partes proportionales continui prius apprehendat vnam quam
1349 585 2253 635 aliam: vna tamen non est prius in rerum natura quam alia. Et si esset aliqua ma¬
1349 619 2255 679 gnitudo infinita adhuc imaginatio figeretur prius super vnam
1346 660 2255 722 partem quam super aliam: et adderet partem parti modo illo: et tamen quaelibet esset
1341 710 2254 766 actualis: nec prius esset in actu illa quae primo aspectu imaginationis
1349 748 2251 813 apprehenderetur: quam illa quae centesimo vel millesimo: quamuis primus
1348 791 2256 847 actus imaginationis prius esset quam centesimus vel millesimus: et est
1344 836 2252 897 similis argumentatio ista illi qua quis argueret: quod magnus aceruus
1340 885 2254 937 milii non esset primanens et totus in actu: quia vnam partem eius prius
1349 923 2273 986 apprehenderet et post aliam. ⁋ Ad confirmationem dico quod finis
1356 968 2255 1023 est equiuocum. Uno modo dicitur finis vltima pars rei. sicut econtra primo pars dicitur
1352 1011 2255 1070 principium. Alio modo finis finis forma et species materiae: dicitur est finis gratia cuius:
1356 1052 2274 1109 et aliis etiam modis dicitur finis: vt patet 5o meta. Cum igitur dicitur quod fi
1353 1104 2274 1152 nis complementum et actus sunt idem: si intelligatur quod idem sunt con¬
1350 1143 2253 1201 uertibiliter: aut quod finis praedicetur per se de actu vniversaliter. nego propositio¬
1342 1190 2264 1243 nem: si sumatur finis primo modo: Est enim deus in actu et actus purus: et tamen
1352 1240 2259 1285 non est finis: nec finem habet isto modo: Similiter anima intellectiua est actus et
1350 1274 2252 1328 perfectio materie: non tamen est finis eius illo modo: nec ipsa sic habet finem: cum
1356 1318 2258 1371 sit simpliciter carens partibus. Si vero sumatur finis 2o modo: et ita su¬
1344 1359 2250 1415 matur actus pro actu perficiente: potest concedi quod actus est finis et perfe
1347 1406 2255 1461 ctio et complementum materie: sed illud nihil ad propositum: infinito autem
1356 1452 2265 1506 partibili non repugnat quolibet modo dictus finis. Unde si esset infi
1350 1503 2258 1546 nita aqua adhuc haberet finem gratia cuius scilicet deum: et finem quae est forma
1350 1538 2262 1603 proprie materie: sed infinito de quo loquimur repugnat habere finem
1358 1578 2268 1636 primo modo dictum: nec talem finem haberet aqua infinita si esset: quoniam nulla
1356 1624 2265 1678 esset vltima pars eius. Econtra vero omne finitum habet talem finem id est vltimam
1360 1665 2256 1729 partem: et loquor de partibus determinate quantitatis: quo debet acci
1350 1716 2256 1769 pi pars: cum dicitur: quod finis est vltima pars rei: si enim sumeretur pars
1347 1756 2256 1811 simpliciter nullius magnitudinis est finis: sic nullius magnitudi
1358 1797 2261 1855 nis est vltima pars. ⁋ Ad soluendum vero alia quae ex dictis. P. et Com
1361 1850 2264 1897 men. inducuntur: non oportet laborare. Nam certum est quod. P. reputat in¬
1359 1891 2262 1947 possibile esse aliquod corpus infinitum: aut infinitam multitudinem cor¬
1364 1930 2251 1989 porum: vel partium determinate eiusdem magnitudinis: quoniam sic sequa
1358 1984 2259 2025 retur quod esset corpus infinitum in vltimis: multitudinem tamen partium non
1358 2018 2250 2067 determinate eiusdem magnitudinis: sed proportionalium non potuit ne
1352 2061 2255 2120 gare secundum dicta sua: et ideo quia ipse fuit alterius opinionis: ideo mul
1361 2103 2260 2157 ta dixit que non sunt vera in hac materia: nec acceptanda pro auctoritate.
1365 2152 2269 2208 ⁋ Ad 2m primo dico: quod si concluderet probaretur in continuo non esse infi¬
1355 2200 2249 2248 nitas partes: vt patet. Rsponsio 2o ad rationem distinguendo de toto et
1358 2234 2252 2289 parte. Nam hec dupliciter possunt sumi scilicet communiter et proprie. primo omne quod
1361 2287 2268 2332 includit aliquid quod est aliquid et aliud praeter illud aliquid: et quodlibet
1350 2324 2263 2376 illius: dicitur totum ad illud: et omne sic inclusum dicitur pars includentis. 2o modo
1359 2365 2274 2418 dicitur totum illud quod includit aliquid primo modo et includit tanta tot quot
1347 2409 2259 2465 non includit inclusum: et econverso tale inclusum non includens tot tanta
1367 2455 2258 2513 quot includens: dicitur pars eius. et iste modus continet est plures
1353 2500 2267 2553 modos partis: sed pro nunc non curo de illis. Applicando hoc ad
1365 2544 2277 2594 multitudines: primo omnis multitudo est totum alterius multitudinis
1367 2583 2273 2648 quae illam includit id est qua eest omnia illa quae ipsa est et aliud vel alia ab il
1361 2628 2270 2684 lis et quolibet illorum: et omnis multitudo sic inclusa est pars: et hoc modo
1362 2671 2276 2726 vna multitudo infinita potest esset pars alterius sic multitudo
1361 2717 2258 2770 partium proportionalium vnius medietatis continui: est pars mul
1361 2760 2268 2816 titudinis partium alterius continui totius. Nam multitudo totius conti
1352 2808 2264 2860 nui est omnes partes siue omnia: quorum quodlibet est pars vnius medieta¬
1353 2854 2265 2905 tis: et omnes partes alterius medietati quae sunt totaliter alie ab illis.
1362 2886 2270 2944 2o modo omnis multitudo includens aliam modo iam dicto: et includens tan¬
1362 2936 2275 2988 ta tot. id est tot determinate quantitatis. verbi gratia. tot binarios vel tot
1362 2975 2261 3032 ternarios quot non includit multitudo inclusa: est totum respe¬
1356 3022 2255 3075 ctum illius: et illa econverso pars dicitur huius: et hoc modo nulla multitudo infinita
1355 3062 2273 3126 est totum aut pars respectu multitudinis infinite: quia nulla tot
