2421 3550
384 259 1301 322 tur: quaelibet pars etc. fuit. ergo omnes partes fuerunt. si hoc consequens pro¬
388 316 1298 373 prie sumatur. quicquid sit de prima consequentia. nego aliam consequentiam: qua infe
387 363 1297 413 tur. ergo hec tota forma fuit. si ly tota sumatur cathegoredmaoe vt
381 403 1292 456 oportet: si debeat concludi contra propositum: et similiter non sequitur. ergo hec
393 446 1299 500 forma fuit. et est ratio: quoniam proprie loquendo hoc est non vera. omnes partes huius
389 487 1290 538 forme sunt hec forma. omnes enim partes forme sunt partes forme: et ideo non
383 531 1298 584 sunt hec forma. Et si dicatur quod verum est sumedo ly omnes. distri
390 574 1302 625 butiue: sed collectiue accipiendo vere dicitur quod omnes partes forme
387 623 1299 671 sunt forma: sicut et cuiuslibet totius omnes partes simul sumpte sunt to
387 659 1295 712 tum: et econverso quodlibet toium est omnes sue partes simul sumpte. Dico est quod sic
390 710 1294 759 sumpto ly omnes. propositio non est vera de virtute sermomnis propter causam dictam.
381 748 1299 805 et vltra hoc implicat vnum impossibil scilicet quod omnes possint colligi seu col¬
390 792 1299 845 lectiue sumi: quia quotcumque partes sumantur: ex quo sumpta sunt par¬
383 831 1298 892 tes alicuius totius includentis eas: et per consequens habentis alias vel aliam
387 878 1293 934 partem praeter eas: ac per hoc sumpte non sunt omnes: et ideo illa propositio in
387 924 1296 975 sua propria significatione est falsa: et similiter ille omnes partes simul sunt to
380 967 1301 1021 tum: et totum est omnes partes sue simul sumpte: he tamen vere sunt. omnia quorum
389 1007 1295 1064 quodlibet est pars huius totius sunt hoc totum: et econverso hoc totum est omnia quorum
399 1061 1304 1108 quodlibet est pars eius: sumendo ly omnia collectiue. Et ad hunc intel¬
381 1099 1299 1149 lectum accipiendo sunt auctoritates dicentes: quod totum est sue partes.
390 1148 1292 1193 vel similia: et in hoc intellectum vtor talibus propositionibus vbicumque vtor
387 1188 1302 1236 eis. quibus quamuis sint improprie: frequentius tamen vtor et propter bre¬
390 1223 1305 1280 uitatem: et vt conforme me communi modo loquendi. iuxta doctrinam
386 1271 1305 1326 philosophi dicentis. Loquendum esse vt plures. sentiendum autem vt pau¬
390 1313 1293 1362 ci. ⁋ Sed adhuc potest reduci arguium etiam in propositionibus concessis
392 1359 1295 1413 sic. qulibet pars huius forme fuit. ergo omnia quorum quodlibet est pars huius
380 1400 1295 1447 forme fuerunt: et vltra. ergo hec forma fuit. Et patet 2a consequentia quia huimus
386 1444 1291 1493 est concessa in simili. omnia quorum quodlibet est pars huius forme sunt hoc for¬
390 1491 1301 1539 ma. ⁋ Praeterea potest probari eadem consequentia per sillatum expositorium sic.
386 1530 1296 1583 hec omnia quorum quodlibet est pars huius forme fuerunt. hec omnia quorum
393 1578 1296 1634 quodlibet est pars huius forme sunt hec forma. ergo hec forma fuit. ⁋ Rsponsio
393 1624 1296 1672 et sicut prius negando consequentia illam 2am: et est ratio: quoniam ex illa. omnia quo¬
386 1668 1301 1714 rum quodlibet etc. non sequitur quod pro aliquo vno instanti aliquando fuerit vera
384 1707 1302 1765 sua de praesunti. si formata fuisset. cum verbum illud temporis praeteriti
387 1750 1296 1796 sit pluralis numeri. Exemplum hec est va Adam et Abraham fuerunt: et tamen
387 1794 1294 1841 hec nunquam fuisset vera: Adam et Abraham sunt: sed ad istam: hoc forma
393 1832 1295 1891 fuit. sequitur quod hoc aliquando fuisset vera: hoc forma est. et vltra sequitur:
383 1881 1298 1933 quod hec fuisset vera. omnia quorum quodlibet est pars huius forme sunt.
384 1921 1299 1978 Cum ergo hec non sequatur ad primam vt dictum est: relinquitur quod ista. hoc
386 1964 1298 2021 forma fuit. non sit consequens ad illam: nec probatio valet: quoniam ex illis
392 2011 1290 2063 propositionibus non sequitur ex forma illa conclusio sed est falsa propter muta
393 2057 1286 2105 tionem pluralis numeri in singularem: sed bene sequitur. ergo aliqua quae sunt huiusmb
386 2096 1292 2146 forma fuerunt: qua tamen non infert. hoc forma fuit. ⁋ Per idem patet
380 2139 1301 2198 quod ille smllacus expositorius non valet: et potest dari instantia. Nam
386 2182 1302 2241 posito quod deus olim creasset animam sortis: et similiter corpus. et nunc per
387 2233 1295 2283 euenerint adinuicem: quod bene est possibile. he erunt vere. hec sisi
393 2270 1305 2325 anima et corpus) fuerunt. hec sunt sortis: non sequitur. ergo sortes fuit:
387 2313 1295 2363 cum consequens sit sim ex casu. ⁋ Ad probatione aliam dico quod vtra¬
393 2366 1305 2411 que harum est nunc per vera. quaelibet pars huius charitatis fuit. quaelibet pars
381 2403 1289 2448 huius charitatis est: et ita oportet in quibuscumque formis factis in
396 2444 1299 2498 tempore continue loquendo de partibus earum infinitis siue eiusdem quanti¬
386 2491 1298 2545 tatis siue eiusdem proportionis. cum arguitur quod hec prius fuit vera: quaeli¬
392 2529 1301 2579 bet pars huius charitatis est: quia quaelibet propositio de praeterito
380 2574 1299 2626 nunc vera habuit vnam de praesenti prius sibi correspondentem veram. Di¬
386 2617 1289 2665 co quod illud non est verum et maxime de propositionibus vniversalibus: sicut patet
402 2660 1296 2710 Nam sicut hec est vera: quaelibet dies praeterita fuit: et tamen nunquam hoc fuit
386 2704 1295 2760 vera: quaelibet dies praeterita est: similiter hec nunc est vera. quilibet qui fuit
390 2746 1305 2801 rex rancie fuit: nunquam tamen haec fuit vera. quilibet qui fuit rex Fran
387 2795 1304 2843 cie est. Sufficit enim quod cuilibet singulari correspondeat sua de pre
387 2833 1305 2886 senti: quae aliquando fuit vera: quamuis est forte non sit semper necessium. In
395 2886 1291 2935 proposito autem quaelibet talis. hib pars charitatis fuit: habuit vnam
392 2917 1292 2976 de praesenti sibi corrspondentem vera scilicet hanc. hec pars charitatis est
389 2965 1293 3014 eadem parte demonstrata: et sic illi vniversali non vna vniversalis: sed multe
386 3013 1296 3065 singulares de praesenti correspondent: qua quandoque prius fuerunt vere. ⁋ Ad
388 3055 1298 3127 aliam probationem dico quod necessium est cuilibet concedere quod due propositio¬
1353 254 2274 318 nes vna de praeterito altera de praesenti quales sunt ille. sint ali¬
1352 306 2270 364 quando vere simul primo: et patet si ille formentur de partibus pro¬
1365 353 2280 402 portionalibus forme finite facte in tempore continue: nec est si¬
1353 396 2266 445 mile de illis et de istis. sortes fuit sortes est: quia si iste vltim¬
1346 444 2281 488 simul primo forent vere: sequeretur quod eadem res demonstrata fue¬
1358 484 2279 534 rit et non fuerit prius. Ratio est. Quia sequitur. hec est vera. sortes fuit.
1355 526 2269 575 sortes prius fuit. Et sequitur: hec est nunc primo vera. sortes est.
1362 569 2280 624 ergo sortes nunc primo est. et vltra. ergo sortes non prius fuit: sed ex ista.
1361 614 2273 663 hec nunc primo est vera: quelibet pars huius charitatis est.
1345 656 2264 708 non sequitur hec quelibet pars huius charitatis nunc primo est:
1355 703 2280 750 sed cum ea stat ista. nulla pars charitatis huius nunc primo est.
1346 743 2273 800 Et sic non sequitur quod aliqua pars huius charitatis prius fuerit: et
1352 791 2296 837 non prius fuerit. ⁋ Ad 3am contra idem antecedens responsio: concedendo casum
1362 832 2277 888 esse possibilem. Et vltra dico quod in instanti finali hore nulla pars
1355 874 2280 927 charitatis erit. et cum probatur oppositum per hoc: quia in instanti fi
1361 919 2276 975 nali primo cessat charitas creari concedo. exponendo ly cessat.
1361 967 2279 1016 per negationem praesentis et positionem praeteriti: et secundum hoc nego consequentiam:
1356 1011 2276 1054 qua infertur quod vel non quelibet erit annihilata in illo instan¬
1352 1048 2279 1104 ti: vel aliqua simul annihilabitur et creabitur. Ratio quare non
1356 1091 2274 1144 sequitur est: quia nulla erit primo creata in illo instanti: nec etiam
1364 1137 2280 1185 aliqua erit primo in eo annihilata: et tota ratio est: quia nulla erit
1365 1180 2267 1236 vltima: et similiter nulla erit in aliquo instanti illius temporis primo
1352 1223 2258 1274 creata et annihilata: nec etiam aliqua in eadem parte temporis per
1359 1266 2280 1314 creabitur et annihilabitur: sed prius creabitur quam annihilabitur. ⁋ his
1352 1317 2271 1360 tamen non obstantibus in illo instanti finali quelibet harum erit
1361 1354 2271 1406 primo vera: quelibet pars charitatis fuit creata: quaelibet pars cha¬
1361 1405 2264 1451 ritatis fuit annihilata: nulla pars charitatis est: loquendo
1355 1444 2268 1489 de illa vna totali charitate quae ponitur in casu creari modo illo
1361 1485 2271 1538 et annihilari. Si tamen proprie posset dici vna charitas vel cha¬
1346 1527 2280 1576 ritas et non potius charitates: de quo non facio pro nunc vim:
1361 1571 2283 1625 et quod est dictum patet in simili. Si enim sint duo mobilia quorum vnum
1358 1615 2273 1663 sit altero velocius in duplo: et distet tardum a puncto b. et im¬
1349 1663 2270 1710 cipiat moueri a puncto a. versus b. continue: et quando ipsum
1359 1703 2280 1748 primo transierit medietatem totius spacii: quod est inter a. et b. tunc
1359 1745 2271 1794 simul velox incipiat moueri ab a. versus b. constat quod in eodem in¬
1359 1786 2270 1840 stanti primo spacium a. b. erit transitum ab vtroque. Et in eodem
1364 1834 2267 1888 nstanti: quo primo erit verum dicere quamlibet partem illius spa¬
1355 1878 2274 1927 cii esse pertransitam a veloci. erit etiam primo verum dicere quod quaeli¬
1361 1927 2274 1969 bet est transita a tardo: et tamen nulla pars spacii a. b. erit primo
1347 1969 2277 2018 simul pertransita ab vtroque: sed quelibet primo erit pertransita a.
1361 2012 2282 2055 tardo quam a veloci: quod patet: quia si aliqui sit simul transita ab vtroque
1346 2047 2286 2101 aut prius a veloci: residuum spacii ab illa vsque ad b. prius erit
1355 2095 2286 2150 pertransitum a veloci quam a tardo: alias in eodem tempore pri
1352 2138 2278 2188 mo transiret equale spacium velox et tardum: et sic non simul
1358 2188 2280 2235 ab vtroque primo erit transitum spacium a b. ⁋ Et per istum
1359 2230 2296 2281 modum soluitur ratio 2Tenonis 6o phyc. que vocatur achilles: de et
1356 2269 2296 2324 velocissimo insequente tardissimum. Sic in proposito dico quod
1352 2320 2267 2368 quelibet pars charitatis erit pus causata quam annihilata: et prius
1359 2357 2268 2406 causabitur quam annihilabitur. Et tamen non erit prius verum dicere: quae¬
1361 2399 2252 2452 libet pars fuit vel erit causata: quam sit verum dicere quod quaelibet
1358 2447 2259 2493 est vel fuit annihilata. ⁋ Ad 4m dico quod si in casuponatur
1361 2487 2264 2541 quod ille partes sunt in finali instanti hore. casus tuncimpli¬
1364 2536 2279 2587 cat impossibilia: et ideo est impossibilis. Nam per casum
1362 2575 2280 2624 cum in aliquo instanti ille partes continuarentur: tunc sunt
1358 2615 2279 2669 continue: et remanent per totam partem hore immediate se¬
1370 2663 2270 2716 quentem vsque ad eius instans finale exclusiue: et tunc in il
1362 2707 2274 2756 la discontinuitate sunt et remanent discontinue per partem
1362 2748 2280 2799 sequentem hore: vsque ad suum finale instans exclusiue. Ex
1359 2793 2280 2845 quo sequitur manifeste per casum quod ille partes infinite sunt conti
1353 2843 2280 2890 nue vel discontinue: et quod non sit finale alicuius vnius illa¬
1358 2880 2276 2932 rum partium tantum vel inter finalia instantia comprehensum: et cum
1361 2919 2283 2976 instans finale totius hore nullum sit ex praedictis. Iam per casum
1367 2970 2282 3018 ponitur virtualiter quod in instanti finali nec sint continue nec sint dis¬
1354 3016 2280 3064 continue. Cum ergo ex alia parte poteatur quod sicut in illo instanti ponitur: quod
1362 3062 2270 3122 tunc sint continue vel discontinue cum sint opposita immedia¬
