2452 3537
140 287 1058 340 mam operationem qua eam substituit et facit continuo: tanquam
145 336 1052 393 extincta nulla remanebit. Et sequenti capitulo. ait. quod deus
144 373 1058 430 id quod fecit: ita continuatum operatur: vt nec vlla aliarum
143 423 1044 469 rerum: nec illorum angelorum natura subsistat si non opi
138 466 1050 514 retur. Item contra Iulianum libro 6o bonitas inquit ope¬
147 508 1057 562 rationis diuine si subtrahatur formandis promouendisque
131 550 1040 602 seminibus et viuifi andis quibuscumque viuentibus: non so
137 591 1043 641 lum gignenda non aguntur: sed ad nihilum penitus etiam
138 638 1044 687 genita rediguntur. Et per hanc auctoritatem probatur etiam
132 680 1044 730 precedens conclusio. Plures etiam auctoritas sanctorum possent ad
131 726 1043 776 duci: sed iste sufficiant. ex qubus manifeste patet quod omnem rem
140 766 1044 821 quecumque sit illa deus conseruat et continuat in esse: quam cont
131 813 1040 862 nuationem vel conseruationem scriptura vocat intimam operatio
138 855 1047 910 nem et factionem. Et ideo deus secundum hunc sensum dicitur quamcumque rem
141 895 1043 945 quandiu est operari et facere. ⁋ 2o idem euidenter probatur auct
139 939 1049 991 dapiem. inducta in ratione 2a pro conclusione praecedenti: et similiter per apo¬
131 980 1043 1031 stolum dicentem de christo ad Comli. omnia per ipsum et in ipso creata
143 1026 1043 1078 sunt. Et sequitur quod omnia in ipso constant: glosa. qui in omnibus
134 1068 1047 1115 secundum diuinitatem infusus omnia sustinet. ⁋ Item ad hebre.
135 1115 1043 1172 de eodem scribitur. portans omnia verbo virtutis sue (vbi glo
129 1156 1044 1202 sa) sicut ab eo creata sunt omnia ita per eum immutabile con
134 1201 1044 1250 seruantur. ⁋ Probatur 3o ratione: quia si aliqua res esset que non in¬
137 1249 1042 1295 mediate conseruaret a deo: vel illa a nullo dependeret in
137 1292 1044 1334 esse: et per hoc a deo annihilari non posset: quod est erroneum.
135 1330 1044 1378 vel dependeret a sola creatura et ab ea sola conmsnuaretur: et tunc
131 1373 1044 1423 illa vel consuaret naturaliter vel libere: si naturaliter non posset i
137 1419 1041 1472 la res quam confuat per aliquam potentiam annihilari vel desine
139 1462 1043 1509 re esse: remanente ea quae sola hanc naturaliter confuat: quod etm es
134 1509 1043 1558 roneum est: et satis declaratur ex eo quod inter omnes res creatas li¬
132 1550 1044 1604 men in aere a sole diffusum maxime videtur a sole dependere
134 1592 1044 1647 in esse et ab eo conseuari: et tamen in hora mortis christi remanente
135 1632 1042 1687 sole tenebre facte sunt super vniuersam terram: quod non fui¬
135 1679 1059 1730 set possibile si lumen a sole tantum et non a deo immediate pri
132 1722 1043 1773 us fuisset conseuatum. Si vero dicatur quod illa creatura coneseuans
129 1766 1059 1816 libere conseruet: sequitur quod deus non poterit illam annihilare
135 1809 1038 1862 remanente creatura confuante et consruare volente: quod est erro
131 1856 1038 1896 neum est. sic enim potentior in aliquo esset creatura quam deus: et vo¬
134 1893 1043 1942 luntate creature omnipotentis voluntatis impediretur effi
137 1939 1044 1990 ctus: quod est erro neum secundum Augu. in ench. ⁋ 4a conclusio. valet
137 1984 1046 2037 quod quorumcunque deus est causa: est prima causa simpliciter: satis
138 2029 1043 2076 patet: quia deus a nullo effici aut moueri aliquo modo potest: quorum
129 2069 1043 2117 alterum sequeretur: si modo aliquo haberet causam efficientem. ⁋ Ao
129 2112 1044 2159 hoc etiam est auctoritas Augu. primo libro de generatione. contra Mggstr
137 2156 1042 2206 nicheos. iuxta principium. vbi ait. quod voluntas dei omnium eugt
128 2202 1039 2247 sunt causa est. Si autem habet causam voluntas dei. est aliquid quod
128 2240 1043 2292 antecedit voluntatem dei: quod nephas est credere. Et ponitur hoc
138 2288 1043 2335 auctoritas in praesenti distinctione prolixe a magistro. ⁋ 5a conclum
134 2332 1050 2377 sio. valet. quod non omnium que fiunt deus solus est causa imme¬
135 2375 1044 2418 diat est producens: nec est omnium quae facta sunt solus est causa in¬
129 2416 1044 2468 mediate conseruans. Prima pars huius conclusionis probatur.
132 2460 1058 2505 qui si solus immediate produceret omnia que fiunt: nulla creatu¬
131 2506 1046 2558 ra immediate aliquid produceret: et si sic. ergo nullo modo: pri
132 2549 1049 2593 ma consequentia patet. Et secunda probatur: quia si aliquo modo a non
128 2592 1048 2637 immediate. ergo mediate: aut grgo mediante creatura: et tunc ni¬
135 2635 1050 2684 hil immediate ageret: quod repugnat antecedenti: vel mediate:
135 2681 1042 2726 et tunc vel mediante alia creatura: vel immediate: et sic in in
145 2721 1049 2773 finitum: aut mediante deo: et tunc deus erit instrumentum
137 2768 1050 2814 creature in agendo a non prima causa: quod est impossibile et repro¬
144 2807 1046 2857 batum in praecedeti conclusione. sequitur ergo quod creatura nihil omnins
144 2856 1050 2904 produceret: sed hoc contra experientiam est: nam videmus quod ad
141 2897 1049 2943 multarum rerum praesentiam multe res in aliis generantur: sicut
137 2940 1056 2988 ad praesentiam solis lumen in aere: et ad praesentiam ignis calor in
144 2984 1050 3030 susceptibili proximo: et hoc semper contingit nisi esset impe
138 3026 1043 3073 dimetum: quod non esset nisi talia huiusmodi res causarent. ⁋ Ad ho¬
143 3069 1053 3147 etiam est auctoritas scripture in Gen. ex qua patet deum rebus
1119 293 2022 354 creatis virtutes productiuas et vires causales indidisse: quin
1122 340 2025 391 bus in tempore congruos effectus producuntur: et idem patet per Aug. expo
1110 386 2039 432 nentem: qui inter cetera propositum affirmantia. ait. super Gen. libro 8o
1125 428 2022 477 quod in prima creatione terra producendi virtutem latenter acceparat:
1116 471 2021 523 qua virtute fit vt etiam nunc talia terra progignat. Item Salua.
1107 513 2039 576 in Euange. Luc. dicit quod arbores producunt ex se fructum quae
1119 560 2016 606 oinia vera non essent: si omnium quae fiunt solus deus esset causa efficiens.
1128 605 2028 659 2o probatur auctoritate Aug. 7. de ci. dei. dicentis sic. Itaque deus
1104 639 2039 696 administrat omnia quae creauit: vt etiam ipsa proprios exercere
1100 685 2022 740 et agere motus sinat. Ex qubus patet quod nec solus deus nec so¬
1116 726 2025 784 la creatura agat ista quae fiunt. Secunda quoque pars conclusionis patet ad
1118 770 2012 830 sensum. videmus enim quod lumen causatum a sole vel alio corpore
1119 814 2010 872 luminoso confuatur ab illo: vnde illo deficiente vel absente de
1115 859 2039 904 ficit esse lumen: ita est est de pluribus aliis rebus. ⁋ Contra istam
1115 903 2010 961 conclusionem potest argui. Et primo contra primam partem. primo quidem: quia sequitur quod
1110 952 2038 994 idem effcus esset a duobus agentibus: quod Commentator. 7. meta. dicens esse im¬
1113 993 2019 1039 possibile. ⁋ 2o quia tunc deus et creatura: non haberent aliquem
1110 1036 2025 1084 ordinem in productione creature: et per consequens casualiter ad producen¬
1112 1078 2022 1130 dum concurrerent. ⁋ 3o quia si tam deus quam creatura producerent ali¬
1113 1121 2006 1176 quam qualitatem. vbi grati calorem: illa alteratio est velocior quam si fi¬
1113 1167 2024 1219 ret ab altero illorum tantum: et ita sequitur quod si agens naturale duplum
1109 1209 2016 1259 ad primum produceret talem calorem: proportio motus ad motum
1110 1248 2016 1304 in velocitate non esset secundum proportionem illorum agentium naturalium: quia
1107 1295 2025 1347 neutrum est totale ratione cuius est velocitas in alteratione. consequens aut
1110 1338 2021 1385 est contra. P. in multis locis. ⁋ Deinde potest argui contra secundam
1110 1383 2006 1430 partem: quia si sic vtrumque immediate consnuaret: et per consequens actio vni¬
1098 1429 2023 1478 non dependeret ab actione alterius tamquam a causa: et ita sequitur quod
1110 1466 2028 1516 posito: quod actio dei consseuantis maneret agente naturali non conseuan
1114 1514 2022 1560 te: adhuc res talis maneret: quia consnnuaretur a deo: consequens est impos¬
1110 1555 2025 1595 sibile: quia si maneret absque consuante naturali: per illam solam actio¬
1114 1596 2024 1651 nem dei consqeuatiuam qua prius conseuabatur: sequitur quod agens naturale ni
1114 1640 2027 1683 hil agebat prius ad eius conqeuationem: quia eo amoto ceteris vt
1116 1680 2016 1731 prius vniformiter ominquaque manentibus: nihil minus res illa con
1113 1727 2028 1775 seruatur. Et eadem virtute argui potest contra primam conclusionis partem. valet.
1107 1770 2015 1818 quod posita sola productione dei: naturali agente non producente: adhuc
1112 1812 2021 1857 ille effectus produceretur: et per consequens nihil agit ad ipsum agens naturale.
1122 1856 2009 1909 ⁋ Ad primum concedo quod idem effectus potest esse a diuersis agen¬
1103 1900 2010 1947 tibus: maxime si sint diuersarum rationum agentia atque partialia
1103 1943 2022 1989 sicut in proposito patet in aliis: quoniam eadem species caloris in me¬
1114 1987 2015 2032 dio vel organo sensus causatur immediate ab obiecto a a luce: si¬
1110 2029 2025 2085 militer et eadem visio ab obiecto a a luce causatur et multa alia exen¬
1116 2073 2023 2123 pla possent tam philosophice quam theologice dari: propter quod dictum
1107 2113 2034 2164 Commentatoris. in hoc nullius debet esse auctoritas nec certe est in proposito
1114 2161 2039 2205 de quo loquitur si bene attendetur. ⁋ Ad 2m dico quod si intelligat
1110 2204 2027 2253 de ordine causalitatis mutue: ita quod vna agat mediante alia
1107 2246 2030 2299 per modum supra dictum sine ordine concurrunt: nec tamen a ca¬
1115 2290 2027 2346 su sicut vlterius infertur: quin immo secundum ordinem diuine prouiden¬
1101 2329 2030 2386 tie quae ab eterno statuit: vt approximatis rebus: quibus indi¬
1101 2378 2027 2422 turus erat causales virtutes aliis quas facturus erat ho¬
1100 2422 2027 2470 rum effectuum susceptiuas ipse ad coagendum concurreret.
1119 2464 2039 2509 ⁋ Ad 3m cum dicitur quod alteratio facta a deo et creatura: est ve
1103 2506 2010 2553 locior quam si fieret ab altero tantum: dico quod vel intelligitur ab ali
1106 2552 2022 2596 tero id est creatura tantum: et sic propositio implicat impossibile: quoniam
1112 2592 2025 2642 impossibile est solam creaturam aliquid agere: vel intelligitur ab al¬
1106 2641 2015 2691 tero id est a deo: et tunc dico quod hoc potest intelligi dupliciter. Uno
1113 2680 2024 2728 supposito quod non aliter ageret quam agit simul cum creatura: et sic
1121 2722 2022 2771 etiam implicat impossibile. Nam eo modo agendi quo partialiter simul
1109 2768 2025 2812 agit cum creatura: non est impossibile eum agere sine ea. Et per hoc
1111 2811 2021 2862 etiam patet solutio ad illud quod vltimo tangebatur in sequenti arti¬
1119 2855 2024 2905 culo. si autem non sic intelligatur sed absolute: sicut deo placeret
1119 2904 2025 2948 agere: cum posset equae velociter et velocius et minus velociter
1112 2946 2022 2997 patet quod consequentia non est necessaria: quia tamen sine assumptionem illius consequentie ar¬
1130 2985 2021 3036 gumentum sequens retinet suam difficultatem: dico quod licem ali¬
1112 3031 2033 3081 ud agens naturale duplum ad illud naturale praecise: non sit duplum
1124 3072 2034 3139 ad totale agens date alterationis: adhuc stabit proporme velo¬
