2402 3552
371 295 1280 356 citatis motuum secundum proportionem agentium naturalium: quoniam sicut
365 341 1284 393 nec primum agens naturale est totale: sed tantum partiale agens al¬
378 382 1284 436 terationis sue: sic nec duplum erit totale: sed etiam partiale: et
374 432 1279 480 cum eo deus qui libere communicat: coaget sic proportionaliter quod in du¬
376 468 1289 531 plo velocior fiet alteratio. ⁋ Ad argumentum contra 2am partem conclusionis.
381 514 1289 566 dico quod quamuis deus possit absque naturali agente comsnuare: non tamen
380 561 1277 608 illo modo conseuandi quo partialiter cum illo conseuat. est enim alius mo¬
380 601 1287 655 dus conseruandi ab eo qui se solo coneuat: et similiter a modo conserua¬
371 644 1286 701 tionis creature secum partialiter conseuantis. Et ideo aliquo modo
377 688 1289 746 potest dici quod actio vtriusque pendet ab altero: ita scilicet intelligen
383 732 1283 788 do quod neutra sine altera consseuaret. Et propterea cum dicitur posito
383 778 1289 831 quod actio dei conseruantis maneret agete non conseruante im¬
386 817 1286 871 plicat impossibile. Nam neutra illarum ab altera potest separari:
381 872 1277 915 et similiter dico de productione vtriusque: quod neutra ab altera sepa¬
383 907 1286 958 rari potest: et vtralibet remota remouetur reliqua: hoc est si crea¬
384 955 1295 1003 tura non ageret: non ageret deus: et si deus non ageret: non age
374 998 1282 1044 ret creatura: quapropter non sequitur quod creatura non agit: nec
383 1036 1280 1094 quod non conseruat sicut vlterius inferebatur. ⁋ 5a conclusio etiam certa
387 1081 1290 1133 est: et patet manifeste ex auctoritate praeallegata scripture Sapientie. xiso:
393 1126 1289 1178 quatem in psalis omnia quecumque voluit fecit. Et apostolus ad Eph. dicit
389 1171 1286 1225 quod deus omnia operat secundum consilium voluntatis sue. Et Aug. in
390 1209 1281 1261 ench. dicit. quod deus non nisi volens quicquam facit. ergo libere et con
377 1251 1290 1308 tingenter. Ratione potest argui: quia si aliquid necessario faceret vel con
380 1297 1282 1354 seruaret: aliud quam deus esset necesse esse et non posset non esse: quod
380 1339 1295 1391 est erroneum: consequentia patet: quia deus est necesse esse: et non potest non esse.
371 1382 1280 1439 ergo et omne cui necessario dat esse et hec sufficiant pro ista conclusionem
379 1435 1287 1483 qui ipsa communiter ab omnibus catholicis conceditur. ⁋ 5a conclusio probatur
381 1473 1286 1525 sic. ipossibile est deum velle aliquid facere et non facere illud:
382 1523 1295 1560 et quicquid deus facit contingeter facit: seu potest non facere.
383 1557 1295 1614 rgo quaecumque deus facit contingenter vult facere. antecedens quo ad secundam
384 1606 1290 1651 partem patet ex praecedenti conclusione: quo ad primam partem probatur: quia alio¬
375 1642 1286 1696 quin voluntas dei non esset omimpotens et inuincibilis et inexple
371 1689 1289 1742 bilis: quod est erroneum: consequentia vero probatur: quia ex opposito con¬
372 1732 1281 1779 sequentis scilicet quod aliqua que deus facit non contingenter vult i
383 1779 1290 1826 la facere: sequitur ergo non potest non velle illa facere: et tunc quero:
378 1818 1280 1868 an sit possibile ipsum non facere illa aut non: Si non est pos¬
378 1861 1286 1908 sibile deum non facere illa. ergo non quicquid deus facit contingen
378 1907 1288 1959 ter facit: quod repugnat secunde parti antecedentis. Si autem est possibi¬
368 1945 1289 1995 le deum non facere illa. ergo aliqua que impossibile est deum non
376 1992 1284 2045 velle facere est possibile deum non facere. Et per consequens pos¬
380 2035 1281 2089 sibile est deum velle aliquid facere: et non facere illud: quod est
380 2078 1283 2130 oppositum prime partis antecedentis. ⁋ Sed contra istam conclusionem potest argui ex
375 2128 1292 2170 rationibus cuiusdam doctores sic: si deus quaecumque facit: contingenter vult
378 2165 1296 2211 facere. aut velle suum quo vult ipsa facere que facit: est in se¬
380 2207 1282 2259 simpliciter contingens: aut habitudo illius velle ad illa qua vult fa
380 2252 1281 2301 cere est contingens: hec videtur nota: quia si et ipsum velle esset ne
369 2291 1287 2342 cessarium et cum hoc etiam heret habitudinem necessariam ad volita: non
374 2337 1289 2389 contingenter: sed necessario vellet illa. primum non potest dici cum velle di¬
384 2384 1283 2429 uinum sit deus: et per consequens absolute in se et simpliciter necesse esse: nec
381 2426 1280 2476 2m quia vel talis habitudo est relato rationis: vel realis addita
381 2468 1295 2520 ipsi velle. Non rationis: quia talis non habet esse nisi in intellectu
384 2515 1281 2566 obiectiue: et per consequens nullo intellectum apprehendente deus non
374 2558 1288 2611 vellet illa producibilia: quod est erroneum: nec realis: quia dei ad
381 2601 1283 2653 creaturam nulla est relatio realis: et iterum nihil potest esse reale¬
372 2639 1290 2690 in deo quod non sit deus. Relinquitur ergo quod illa sit ipsummet velle
372 2686 1283 2736 diuinum: et per consequens sicut velle diuinum est simpliciter necessium. sic
387 2729 1295 2783 et ipsa habitudo. ⁋ 2o si deus quaecumque facit contingenter vult
372 2773 1283 2822 facere. ergo quaecumque vult facere potest non velle facere: et quaecumque vo¬
381 2816 1280 2867 luit facere: potuit non velle facere: sed hoc est falsum. probo
383 2860 1287 2911 et loquamur igitur gratia exempli de mundo quem deus fecit et
384 2905 1289 2956 voluit facere secundum praedicta: si deus voluit contingenter facere
372 2953 1287 3000 mundum. ergo potuit nolle illud facere: et si sic. ergo illud nolle po¬
384 2993 1284 3038 tuit esse in deo: et per consequens potuit esse deus. constat autem quod quicquid
380 3032 1288 3085 potuit esse deus de necessitate est deus. ergo deus habuit et hodie
378 3085 1279 3151 habet illud nolle. Sed hoc est falsum cum iam creauerit. ergo non po
1346 279 2267 349 tuit nolle creare vel facere mundum: et per consequens de necessitate:
1351 337 2276 386 voluit creare et non contingenter. Et ex hoc concludit doctor
1349 371 2269 429 ille: quod impossibile est velle diuinum here aliquam habitudinem
1343 418 2254 477 secundum quam sit verum dicere quod noluerit aut voluerit mundum
1346 462 2265 514 creare. ⁋ Propter has rationes: que tamen in virtute non sunt ni¬
1343 504 2268 564 si vna: idem consequentur dicit quod deus per nullum velle intrinum partici¬
1336 547 2259 610 pans formalem rationem volitionis determinatur ad aliquid produ
1349 590 2260 644 cendum: quoniam vt dicit alias sequeretur quod deus necessitate abso
1346 633 2264 688 luta produce: et extra se: quod est erroneum. consequentia patet: quia velle diui¬
1343 681 2270 733 num est in se simpliciter et absolute necessirum: cum sit deus: et certum
1349 722 2261 778 est quod deo volente pro aliquo instanti productionem alicuius: de
1352 766 2258 821 necessitate sequitur productio illius in illo instanti: alioquin stam
1345 812 2267 864 te voluntate posset non sequi productio: et per consequens voluntas dei
1349 859 2255 907 esset inefficax et posset frustrari: quod deo repugnat. ergo produ¬
1341 894 2253 949 ctio illa nesario sequitur aliquid simpliciter et absolute necessium. ergo
1352 949 2253 997 ipsa est absolute necessaria: et deus de necessitate producit quicquid pro¬
1344 982 2271 1035 ducit. ⁋ Praeterea velle includit imperfectionem: cum sit in qua¬
1352 1027 2273 1083 dam tendentia et respectum non habiti: et expecctans pro fine ipsam
1352 1077 2264 1130 productionem: qua habita iam cessat: quod omnino deo repugnat:
1352 1122 2267 1175 Quasdam alias rationes adducit: sed quia ille procedunt ac si pone¬
1351 1157 2261 1211 retur. quod velle dei esset res distincta a deo quod nullus dicit: ideo
1349 1201 2265 1254 illas non recito. Concludit ergo consequentur quod deus producit quicquid pro¬
1343 1250 2270 1297 ducit absque hoc quod determinetur per aliquod velle intrinum ad
1349 1289 2270 1351 producendum quod producit: nihilominus tamen dicitur voluntarie produce¬
1348 1340 2273 1385 re: et quod producit quia vult producere: propterea quia in sua potestate habet
1352 1377 2270 1439 producere et non producere: sicut si verbi gratia. ignis in sua potestate et
1349 1420 2261 1474 ominio haberet praesentem stipulam ignire et non ignire: dum igni¬
1354 1462 2267 1525 et diceretur voluntarie ignitum. Et quaerenti cur igniret responde
1351 1507 2267 1559 tur: quia vult: non quia velle exprimeret aliquem actu determi¬
1353 1550 2281 1602 nantem sed tantum plenitudinem potestatis. ⁋ Ista opinio quantum mihi
1343 1596 2280 1649 apparet: nec in conclusionibus nec in probationibus continet veritatem: vnde
1351 1640 2267 1690 considerandum est quod vel ista opinio intendit solum modo negare deum
1351 1690 2273 1738 determinari ad producendum per aliquod velle a se distinctum: et
1352 1723 2273 1788 quasi adueniens deo penitus ex se indeterminato ea indrespnti: et
1349 1770 2270 1821 ipsum determinans ad producendum: et tunc in hoc frustra la
1351 1816 2267 1867 borat: cum nunquam aliquis catholicus vel. P. hoc dixerit: sed omnes
1352 1860 2264 1911 pariter consentiant: quod sicut deus est sua scientia et noticia qua no
1352 1902 2273 1953 uit quicquid nouit: sic est suum velle quo vult quicquid vult.
1349 1946 2260 2004 ⁋ Praeterea ue rationes si valent non solum illud probant: sed etiam: quod
1344 1992 2267 2042 nec per aliquod velle a se distinctum determinate vult produ¬
1339 2027 2271 2081 cere quando producit: nec antequam producat: determinate vult pro¬
1352 2080 2264 2132 ducere in aliquo instanti vel tempore futuro: et universaliter nihil vult se
1349 2121 2277 2168 facere vel se facturum: neque etiam non vult: et pono nonuult
1353 2164 2261 2219 vt est vna dictio a non oratio: et hunc intellectum vtique eum ha¬
1355 2206 2267 2258 vere sue rationes compellunt: sicut patet inspicienti: et aliqua verba ex¬
1349 2249 2267 2304 primunt: sicut supra patet. cum ait. quod impossibile est velle diui
1353 2290 2271 2342 num habere aliquam habitudinem secundum quam sit verum dicere quod vo¬
1343 2340 2264 2394 luerit aut noluerit creare mundum. ⁋ Item aliter non proce¬
1348 2378 2262 2434 deret contra alios doctores: sicut tamen idem intendit: sic aut in¬
1353 2421 2258 2476 tellecta eius conclusio vtique falsa est: quod patet: primo quidem: quia secundum
1346 2464 2268 2513 eam sequitur: quod deus non ab eterno determinate aliquos
1352 2510 2268 2565 voluit creare: et finaliter eis dare vitam eternam: aliquibus non
1354 2561 2270 2609 voluit dare: sed voluit pro suis peccatis dare eternam penam:
1344 2597 2260 2650 et per consequens nec ab eterno quosdam praedestinauit: et quos¬
1352 2641 2273 2689 dam reprobauit: quod est erroneum. Et patet consequentia quia praedestinare
1349 2687 2273 2737 est velle seu propositum dandi vitam eternam: reprobare ve¬
1352 2725 2270 2775 ro propositum non dandi: vt supra patuit. ⁋ Praeterea propheta di¬
1352 2772 2261 2828 cit quod quecumque voluit deus fecit: aut ergo per ly voluit signi¬
1356 2814 2258 2869 ficatur velle diuinum determinate faciendi: vt sit sensus quod
1362 2854 2261 2916 quecumque deus determinate voluit facere fecit: et habetur pro¬
1346 2908 2274 2958 positum: aut significatur solum modo potestatis dominium faciendi et
1346 2955 2267 2999 non faciendi vt isti dicunt: et tunc est sensus: quod quaecumque deus po
1353 2991 2266 3046 tuit facere et non facere fecit: sed constat hoc esse falsum et con¬
1349 3034 2268 3088 tra sacram scripturam et sanctos dicentes: deum multa po
1349 3077 2279 3146 tuisse fecisse que non fecit: et facere que non facit: vt patet
