2446 3537
137 226 1049 297 per magistrum supra. distinctione. 43. ⁋ Praeterea secundum ipsam
135 292 1034 343 positionem: aut deus precise quia potest facere et non facere di¬
137 329 1047 384 citur velle facere: aut quia facit: et tamen quod facit potest non
140 375 1047 425 facere: non potest dici primum. quia tunc sequitur quod omne quod
141 419 1032 471 deus potest facere et potest non facere ipse vult facere: quod ex
141 468 1047 514 presse est contra Augustinum in ench. dicentem: quod voluntas
134 509 1031 557 dei multa potest que non vult: nec 2m quia sequitur quod nullam
137 548 1032 602 rem antequam fieret a deo deus vellet illam facere. Cuius
135 598 1030 646 oppositum dicit apostolus ad Ephe. cum ait. elegit nos ante
137 632 1034 685 mundi constitutionem vt essemus sancti: et plura subdit ad
148 682 1032 730 propositum de eterna dei praedestinatione et voluntate qua vo
134 721 1034 773 luit apostolos sanctificare: et finaliter beatificare. ⁋ Sed
134 766 1034 818 forte dicetur quod secundum opinionem praemissam: deus dicitur velle fa¬
138 811 1035 863 cere que facit: quia facit: et potest non facere: et eodem modo dici
122 848 1037 898 tur velle se facturum: quia potest facere in futuro et non face
135 898 1047 946 re: et tamen faciet: et ideo quia ante mundi constitutionem ha¬
131 941 1038 992 buit plenam potestatem faciendi apostolos sanctos et non
137 983 1038 1033 faciendi: et cum hoc ipse facturus erat eos sanctos: ideo
137 1027 1038 1078 dicitur elegisse eos vt essent sancti. ⁋ Sed istud non suf¬
138 1068 1047 1122 ficit: quia pari ratione de quolibet hominie: qui de aliquo fien¬
135 1117 1034 1163 do ab ipso vsque ad annum nunquam habuit propositum: immo nec
138 1158 1044 1210 vnquam cogitauit: posset dici quod ipse vult illud facere: quod nul
131 1201 1040 1252 lus sane mentis diceret. Sic enim sequeretur quod beatus Pe¬
129 1248 1047 1298 trus ante passionem christi: dum erat in gratia et habebat spi¬
123 1287 1032 1338 ritum sanctum volebat negare christum. Et similiter quilibet iustus
122 1330 1030 1380 et existens in charitate qui aliquando facturus est aliquod pec
122 1376 1032 1429 catum mortale nunc vult facere illud: et per consequens existens
132 1416 1046 1466 in gratia est in peccato mortali: et consequentia patet: quia quilibet talis habet
131 1463 1033 1513 potestatem faciendi et non faciendi: et cum hoc etiam est factu¬
130 1508 1032 1559 rus: patet ergo quod conclusio non est vera. Probationes quoque
128 1548 1031 1602 nihil valent: quoniam pari modo probaretur quod deus non deter¬
120 1599 1038 1651 minate prescit aliquod futurum: quod est erroneum. assumptum patet.
123 1637 1035 1682 qui ita praescientia dei est deus: et necesse esse: sicut velle diuinum.
146 1680 1040 1726 quatem non minus est impossibile quod deus presciat aliquid et il¬
129 1720 1040 1773 lud sit futurum: quam quod vellet aliquid facere: et illud non fiat:
131 1766 1032 1810 et ita omnis argumentatio facta de volitione poterit suo
123 1810 1031 1862 modo formari de praescientia. ⁋ Respondeo ergo ad rationes ad pri¬
129 1849 1037 1901 mam: quamuis vtatur multa improprietate sermonis: ad bonum
135 1896 1046 1942 tamen intellectum secundum illum modum loquendi: dico quod nec velle
132 1936 1045 1991 diuinum: quo vult hec vel illa facere: nec eius habitudo ad
131 1983 1038 2027 ea que vult facere est contingens: sed simpliciter necesse esse:
135 2028 1034 2078 ipsum tamen velle quo vult hoc vel illud facere est contingen
117 2071 1031 2121 ter velle vel volitio faciendi illa et illa habitudo est con
131 2115 1030 2164 tingenter habitudo ad illa: sicut praescientia de a. futuro continge
123 2159 1038 2210 ti est simpliciter et absolute necesse esse: cum ipsa sit deus: et similiter
128 2201 1030 2249 eius habitudo ad prescitum: que habitudo non est nisi ipsa¬
122 2248 1031 2300 met praescientia: est etiam simpliciter necesse esse: et tamen praescien¬
128 2288 1034 2332 tia de a. futuro est contingenter praescientia de ipso: et illa ha¬
131 2329 1035 2376 bitudo est contingenter habitudo ad illud: et ideo non obstam
128 2374 1041 2422 te quod prescientia sit necesse esse: deus non necessario: sed
123 2419 1038 2467 contingenter prescit: ita in proposito non obstante quod velle di¬
125 2463 1037 2512 uinum et habitudo eius ad volita quae non est nisi ipsum secundum
129 2499 1047 2552 rem est simpliciter necesse esse: contingenter tamen et non ne¬
129 2554 1037 2599 cessario deus vult facere que vult facere. ⁋ Ad 2am con
131 2590 1044 2648 cedo consequens et vlterius dico: quod deus potuit nolle facere mum¬
125 2631 1044 2681 dum. Et cum infertur. ergo illud nolle potuit esse in deo: et
132 2680 1042 2729 per consequens deus. Respondeo quod ly nolle. quod est subiectum huius con¬
142 2720 1040 2776 sequentis: vel supponit pro eo quod potuit esse nolle facere mum¬
138 2766 1035 2818 dum: vel pro eo quod fuit nolle facere mundum. si secundo modo¬
135 2809 1036 2858 nego consequentiam: quia nullum tale nolle fuit. Si primo modo: con
135 2851 1032 2896 cedo etiam illatum. Et cum infertur. ergo illud nolle fuit in deo
141 2895 1041 2941 et deus: nego consequentiam: et tunc cum arguitur quicquid potuit deus
141 2938 1033 2987 esse de necessitate fuit: et est deus: sed nolle producere mundum
129 2989 1031 3041 potuit esse deus. igitur de necessitate fuit et est deus. vel sic
134 3028 1037 3092 quicquid potuit esse in deo de necessitate fuit in deo et est
1104 236 1992 296 in deo: nolle producere mundum potuit esse in deo. ergo etc.
1096 300 1994 349 concedo maiorem vtriusque syllogismi. minorem autem distinguo:
1104 336 1983 388 quia vel subiectum supponit pro eo quod fuit: et sic nego ipsam: vel pro
1098 379 1995 429 eo quod potuit esse: et sic concedo: et tunc conclnsio non sequitur.
1098 426 2004 469 ex praemissis: non enim sequitur. quicquid potuit esse deus fuit deus:
1101 466 1997 521 sed quod potuit esse nolle producere mundum: potuit esse deus. ergo nol¬
1091 508 1999 564 le producere mundum fuit deus: sed sequitur. ergo quod potuit esse nolle
1094 553 2000 603 producere mundum fuit deus: et istam concedo. Nam ipsa eadem essen
1092 599 1989 643 tia divina quae fuit deus et volitio producendi mundu potuit esse vo
1094 638 1985 690 litio producendi mundum: sicut eadem esentia ipsa fuit praescientia.
1101 679 2009 737 ⁋ Ad aliam qua probatur quod nullo velle intrinseco sit determi
1098 722 1982 773 natus ad producedum: quia tunc sequitur: quod deus necessitate ab
1095 765 2010 824 soluta produceret: patet responsio ex solutione prime ratiois. ⁋ Ad aliam
1089 817 1988 863 rationem qua dicitur quod illud velle importat imperfectionem. nego¬
1092 854 1994 902 Et ad probatione cum dicitur quod est intendentia et respectu non ha¬
1098 898 1995 949 biti. dico quod si intelligat quod sit intendentia respectu non habi¬
1099 943 1989 991 ti quasi desiderium habendi aliquid sibi commodum vel vtile aut
1113 984 1985 1039 quomodo sibi bonum quod non habet falsum est. Si autem dicat ipsum esse
1102 1031 1979 1079 intendentia praecise: quia est respectu alicuius futuri et non existentis
1099 1072 1988 1119 quod deus vult fore. dico quod istud nullam imperfectionem importat
1095 1116 1985 1161 Sed quod addit quod expectat pro fine ipsam productionem: qui babi¬
1088 1160 1995 1212 ta cessat. Dico falsum esse. Nam eodem velle quo vult aliquid
1098 1203 1985 1251 fore antequam sit vult postquam est ipsum esse: ita quod non cessat primum vel
1093 1245 1983 1303 le et aliud succedit: vt iste imaginatur: quamuis illo velle quo
1088 1290 1991 1336 deus antequam res est vult ipsam creare postquam creata est non velit
1095 1333 1989 1380 ipsam creare: sed potius conseruare. Et est simile de praescientia alicuius.
1108 1375 1994 1423 Nam illo facto praesente non amplius prescitur a deo: et tamen non
1095 1419 1986 1474 cessat praescientia dei: sed remanet: licet ipsa non remanet praescien
1085 1464 1986 1513 tia eius: sicut nec illud remanet futurum. Et satis simile
1092 1508 2009 1559 huic dicit Aug. 12. de ciui. dei. vbi vult quod eodem velle quo
1098 1554 1986 1601 deus vult rem non esse dum non est: vult etiam esse postquam est:
1099 1591 1998 1637 ita quod non cessat primum velle: quamuis non sit amplius velle vt
1088 1635 1990 1687 non sit. vnde hec sunt verba eius. In deo non alteram praecedentem
1100 1679 1994 1732 altera subsequens mutauit aut sustulit voluntatem: sed vna
1100 1723 1993 1773 eademque sempiterna et immutabili voluntate res quas condi
1098 1764 1991 1817 dit: vt et prius non essent egit: quandiu non fuerunt: et vt posterius
1102 1807 1997 1855 essent quando esse ceperunt. Exemplum dictum de igne: quod fin¬
1106 1850 1994 1908 tunt: non etiam valet ad propositum. Nam posito quod ignis ha¬
1101 1902 1989 1946 veret talem potestatem precise: ita quod non haberet volitionem
1097 1941 1987 1995 de igniendo: seu non vellet ignire: non puto quod aliquis sane meni
1094 1984 1985 2032 tis diceret quod quando igniret vellet ignire aut igniret volunta
1098 2026 1982 2076 rie. vtrumque autem de deo dicit scriptura scilicet quod vult producere et
1104 2066 2010 2123 quod voluntarie producit. ⁋ Ad primum argumentum principale con¬
1095 2117 2010 2165 cedo consequens et cum probatur esse falsum. Dico ad probationem primam
1103 2161 1993 2209 quod sicut mala inquantum sunt: sunt a deo: vt patebit in secundo. sic
1094 2203 2007 2252 etiam inquantum sunt: sunt volita ab eo: non autem inquantum
1097 2243 1992 2293 mala sunt a deo: et ita intelligenda est auctoritas prophete:
1102 2295 2010 2344 et in secundo hoc plenius declarabitur. ⁋ Ad 2am probationem
1099 2329 2010 2386 falsitatis eiusdem consequentis cum dicitur quod sequitur quod deus sit omne
1094 2374 1996 2420 quod fit: quia eius voluntas est eius essentia. dico quod nec consequentia
1091 2417 1997 2467 nec probatio valet: sicut nec sequitur quod deus sit omne quod
1101 2458 2010 2508 prescit: non obstante quod eius praescientia est eius essentia. ⁋ Ad
1098 2497 2010 2557 2am rationem dico quod causam esse necessariam potest intelligi dupliciter.
1101 2552 1998 2598 vno modo quod ipsa sit et non possit non esse. Alio modo quod ipsa sit causa et
1103 2591 2001 2637 non possit non esse causa seu non possit non causare. In primo sensu
1095 2635 1985 2686 voluntas dei est causa necessaria: non autem in secundo: ideo
1090 2678 1983 2734 non sequitur quod ea que fiunt non possunt non fieri. ⁋ Ad 3am
1097 2721 1985 2773 dico quod aliquid fieri a casu potest intelligi dupliciter. Uno modo quod ipsum
1100 2765 1994 2815 a quacumque causa fit partiali vel totali fiat casualiter siue quod sit
1101 2814 2001 2862 effectus casualis respectu cuiuscumque sue cause. Alio modo quod non sit
1095 2853 1994 2905 casualis respectu cuiuslibet cause: sed respectu alicuius tantum. Pri¬
1092 2903 1998 2948 mo modo dico nullum effectum in mundo esse casualem: quia cuiuslibet
1094 2942 1992 2988 divina voluntas est causa totalis vel partialis: et quilibet est effectus
1092 2984 1991 3032 diuine prouidentie quae nihil casualiter agere potest: et per consequens
1097 3025 2008 3091 nullus effectus est in mundo simpliciter casualis: quod etiam Aug.
