2438 3536
168 224 1055 287 quod fit praeceptum id est signum est quod illud propter quod fit praeceptum deus
161 281 1068 335 approbat et complacet in eo. et similiter est de displicentia respectu
152 324 1058 374 eius propter quod fit prohibitio: vbi autem non distinguuntur illa:
161 360 1065 420 sed quod praecipitur ideo praecipitur vt fiat: tunc quod praecipitur est volitum ta¬
167 406 1064 457 li complacentia: et talia praecepta sunt quasi omnia que communiter ad
156 455 1053 501 omnes data sunt si ad intellectum praecipientis intelligantur: quod di¬
164 499 1053 552 co propter figuratas locutiones praeceptiuas que ad intellectum
167 537 1049 592 dicentis intelligende sunt: vt in simili satis in 41 2. idictint dictum est
163 579 1053 633 Cum ergo quaeritur vtrum voluntas dei semper impleatur. cum semper volun¬
162 626 1051 682 tas dicatur alicuius impleri cum illud fit quod ipse vult fieri: et
155 665 1065 716 sicut vult: et propter quod vult fieri: et sic de aliis circunstantiis aut
150 713 1061 770 cum illud quod non vult fieri seu vult non fieri non fit. patet quod quaestio
153 755 1056 809 proprie et directe non intelligitur nisi de voluntate que est circa
159 804 1050 852 aliquid fieri vel non fieri: esse vel non esse: aut aliquid aliud enum
149 846 1052 891 ciabilium. et ideo directe non cadit intellectus conclusionis super
159 886 1053 939 voluntatem bemplaciti simplicis complacentie inquantum huiusmodi: sed
161 931 1058 985 tantummodo super voluntatem beplaciti prosecutionis et fuge: vt sit
162 968 1053 1018 sensus. q. vtrum omne quod deus vult fieri fiat: aut quod vult esse sit:
161 1019 1055 1064 et sic de aliis. Et vtrum omne quod non vult esse seu vult non esse
155 1057 1050 1109 non sit. et hoc dico si hoc vocabulum proprie sumatur. Si autem
155 1104 1049 1157 etiam improprie et metaphorice pro voluntate signi adhuc su¬
149 1142 1053 1195 per illa potest recte cadere intellectus. q. saltem quantum ad praece¬
153 1193 1050 1245 ptum prohibitionem et consilium. Intelligo igitur quaestionem de volun¬
152 1236 1050 1285 tate dei secundum quod est voluntas prosecutionis et fuge: secundum quem
143 1276 1049 1329 mponodum in proposito procedit intellectus sanctorum: et de volunta
155 1315 1053 1376 te etiam signi pono duas conclusiones. Prima est. quod volum
156 1361 1049 1417 tas benmplaciti semper impletur. Secunda quod non semper impletur vo¬
163 1401 1052 1453 luntas signi: et vtramque intelligo cum constantia subiecti id est
149 1451 1049 1500 supposito deum aliquid taliter velle vel nolle. ⁋ Primam con
150 1497 1050 1548 clusionem probo: quia si non semper impletur: aut illud quod tunc vel¬
152 1534 1053 1596 let vel nollet esset simpliciter impossibile: aut possibile. Non pri¬
153 1580 1052 1629 mum: quia tunc voluntas dei esset irrationabilis. Stultum enim est
153 1622 1064 1682 aliquid velle esse quod est omnino impossibile esse: aut nolle non esse
162 1668 1059 1723 quod simpliciter est impossibile non esse. Nec 2m: quoniam tunc sequitur quod
156 1713 1052 1757 voluntas dei non esset omnipotens: quia non omne possibile esse potest
149 1751 1055 1806 facere esse: vel non omne possibile non esse posset facere non esse.
150 1796 1055 1848 Nam si vellet et posset vtique faceret: et ideo dicit August. in
144 1842 1050 1888 ench. quod oprisctus inaniter velle non potest quodcunque voluerit. Et
148 1885 1047 1932 paulo ante praemisit quod necesse est fieri si voluerit. hanc rationem
143 1930 1052 1979 tangit ipse ibidem. dicens quod ab omnipotenti bono id est deo quam faci¬
146 1966 1049 2021 le est quod vult esse facere: tam facile est quod non vult esse non si¬
137 2019 1052 2069 nere: hoc nisi credamus periclitatur ipsum nostre fidei confessio¬
151 2060 1050 2104 nis initium: qua nos in deum patrem oimpotentem credere confite
143 2104 1050 2159 mur: sed non ob aliud veraciter vocatur opoisctus: nisi quoniam quicquid
146 2149 1049 2191 vult potest: nec voluntate cuiuspiam creature voluntatis omimpo
147 2187 1045 2235 tentis impeditur effectus. Et. c. sequenti: et vbi est inquit illa omni¬
150 2228 1050 2282 potentia que in celo ea in terra omnia quecumque voluit fecit: si
141 2277 1040 2321 colligere filios hierusalem voluit et non fecit: vbi patet eum infer
146 2319 1047 2366 re congregasset et eodem modo inferri posset ex quolibet alio quod
149 2360 1050 2409 vellet ea non faceret si aliquid eiusmodi esset. ⁋ 2o si aliquando non
143 2405 1049 2460 impleretur. ergo aliquid ei tunc resisteret: aut prohibendo fieri quod
143 2457 1056 2501 ipsa vellet fieri: aut faciendo quod ipsa nollet fieri vel vellet
137 2494 1050 2549 non fieri contra aposto. dicens ad Ro. voluntati eius quis resistet. per que
144 2537 1047 2588 verba secundum intellectum sanctorum non solum resistentiam de inesse: sed est de
144 2581 1043 2628 possibili negat. aliquid et vt eodem modo patet vinceret eam. contra
146 2624 1050 2673 Aug. dicens in ench. dei onimpotentis voluntas semper inuicta est.
152 2661 1056 2713 Ad hoc est illa auctoritas scripture Sap. vbi sapiens ait
150 2713 1046 2761 deo. virtutem ostendimus tu qui non crederis esse in virtute consuma¬
156 2755 1049 2809 tus. Et paulo post sequitur. subest enim tibi cum volueris posse:
156 2797 1044 2845 non subesset autem posse cum vellet si aliquando inexpleta remane
147 2845 1041 2900 ret. ⁋ 2a conclusio satis est nota: quoniam vt dicit ma. Et clarum est: praeci¬
152 2885 1050 2931 pit homnibus deus multa quae non faciunt: et prohibet quae non cauent:
161 2928 1026 2982 et consiliat que non implent. ⁋ Ad rationes principales. Ad prima
156 2966 1050 3023 dicendum quod si intelligatur per totum de voluntate signi concludit
145 3015 1037 3078 verum: et pro 2a conclusione. Si autem de voluntate benmplaci: i prosecu
1115 236 2010 304 tionis vel fuge. minor non est vera. Nam praecepit deus abrahe¬
1125 290 2009 348 vt filium immolaret: et tamen nunquam deus voluit illud : sed tantummo¬
1116 334 2006 393 do probationem fidei et obedientie abrahe: et sicut voluit: ita
1106 370 2009 435 factum est: quod autem non voluit illum immolare filium. patet quia cum
1122 420 2004 483 reuocauit noluit. ergo et semper ante noluit. alioquin noua
1110 466 2004 526 volitio fuisset in eo: et mutatio voluntatis. noluit ergo quod
1113 505 2000 557 praecepit: sed voluit illud propter quod praecepit: non solum autem in
1110 552 2010 601 praeceptis factis ad temptandum vel probandum: sed etiam in fa¬
1110 596 2010 645 ctis praecise ad exequendum: deus non omne quod praecepit fieri vult
1119 632 2004 695 fieri: aut quod prohibet vult non fieri: vel salte non ab omnibus qui
1116 678 2010 739 bus praecipit: immo a nullo qui non implet vult impleri: quod di¬
1112 725 2015 768 co propter praecepta generalia que ab aliquibus implentur et ab
1118 761 2009 824 aliquibus non. ⁋ Tunc ad primam probationem minoris quae est
1117 814 2010 870 quod deus nihil praecipit nisi volens: hoc potest dupliciter intelligi.
1126 854 2006 907 Uno modo nisi volens praecipere: et sic concedo: sed non probatur ex eo
1115 893 2013 948 intentum. Alio modo nisi volens illud fieri quod praecipitur vt fiat:
1121 940 2013 1001 et sic nego. Ad probationem cum dicitur quod praeceptum dei est signum
1125 987 2009 1040 voluntatis eius. Respondeo quod verum est voluntatis simpli¬
1122 1025 2010 1088 cis benmplaciti: et hoc vel quantum ad id quod praecipitur vel quantum
1122 1064 2006 1130 ad id propter quod praecipitur: complacet enim in omni bono actua
1115 1107 2010 1169 li vel potentiali et semper illud propter quod praecipit: bonum est actua
1122 1158 2001 1207 le vel potentiale: et one etiam quod praecipit non propter aliud: sed vt
1119 1195 2007 1258 idipremfiat: contingere tamen post vt is aliquado cui fit praeceptum
1119 1246 2004 1297 propter aliud: et non vt ipsum quod precipitur eucniat: estimet
1110 1290 2009 1336 deum velle id quod praecipitur fieri: qui in hoc decipitur: licet in¬
1120 1325 2014 1382 culpabiliter: non tamen deus decipit illum: nec fallit: sicut in
1109 1371 1999 1428 simili supra dictum est de figuratis locutionibus et gestis in quid
1116 1411 2010 1467 bus deus non mentitur nec fallit: quamuis exinde alios aliquando
1116 1455 2010 1516 falli permittat: sed voluntatis prosecutionis quae semper ponit effe
1113 1498 2003 1560 ctum in esse non est signum ipsum praeceptum: sicut nec in nobis deus
1113 1543 2007 1603 praecipiens aliquid fieri agit ad id quod praecipit: nec seruum iuuat
1113 1594 2004 1639 quem iuuare posset: et per consequens nec voluntate efficaci quae mouet
1113 1634 2015 1681 alias potentias ad executionem vult illud fieri quod praecipit.
1108 1676 2008 1723 Et si dicatur quod vult voluntate remissa: quamuis non efficaci et
1105 1722 2004 1766 plena. istud siue sit verum siue falsum: non impedit propositum: quoniam in
1115 1765 2009 1811 deo nulla voluntas remissa potest esse: sed quicquid vult voluntate
1098 1807 2022 1868 prosecutionis efficaciter vult: et ponit in esse sicut vult. ⁋ Ad
1097 1853 2000 1906 2m cum dicitur quod deus non vult mala fieri: sed tamen fiunt: dico quod vel ly
1098 1895 2013 1940 non vult. ponitur vt vna dictio vt sit verbum tertie persone huius verbi
1097 1941 2009 1992 nolo: et tunc propositio est affirmatiua: et sic nego illud antecedens si ly
1101 1974 2009 2027 mala. in vtraque parte antecedentis pro eisdem supponat: sicut oportet vt
1105 2026 2012 2069 consequentia valeat. Nam si pro aliis et aliis: vt esset sensus quod quaedam
1100 2069 2000 2114 mala deus nolit: et quedamalia mala que nequaquam non
1103 2114 2003 2162 vult fiunt: nulla tunc esset consequentia sicut nulla esset consequentia si di¬
1112 2153 1998 2197 ceretur: deus non vult furta fieri: et homicidia fiunt. ergo vo¬
1116 2198 2000 2256 luntas dei non impletur. vel ly non vult. sumitur vt oratiolcon
1121 2236 2010 2287 posita ex negatione et verbo: et tunc est propositio negatiua: et
1108 2288 2022 2339 isto modo antecedens est verum: et consequentia non valet. ⁋ Ad 3m dicitur communi¬
1104 2328 2003 2378 ter a modernis quod verbum aposto. intelligendum est de vo¬
1113 2368 2023 2428 luntate antecedente: non autem consequente. Et secundum istos non semper volun¬
1117 2413 2022 2460 tas antecedens impleretur: consequens autem semper: et fundant se isti sic soluen¬
1113 2459 2022 2512 tes super dicto Daunmten. lib. 2o vbi ait. oportet scire quod deus ante¬
1113 2495 2022 2548 cedenter vult omnes homines saluari et regno eius poti
1120 2542 2004 2592 ti etc. Intelligitur autem ista distinctio a quibusdam. vno modo et a
1108 2583 2022 2632 quibusdam alio modo. Dicunt enim quidam quod illud quod volu¬
1104 2634 2022 2673 mus antecedenter non volumus simpliciter: sed secundum quid: quod autem
1119 2670 2023 2728 volumus consequenter volumus simpliciter: potest autem idem vno
1104 2712 2001 2769 modo esse volitum: cuius oppositum alio modo volitum est: sicut
1115 2757 2007 2816 iudex simpliciter vult homicidam suspendi: sed secundum quid vellet
1103 2806 1994 2857 eum viuere scilicet inquantum est homo. vnde vt dicunt ista voluntas antecedens
1097 2852 1995 2902 magis potest dici velleitas: quam absolute voluntas: quicquid autem
1104 2890 2007 2945 deus vult simpliciter fit: licet illud quod antecedenter vult non fiat.
1110 2934 2023 2988 ⁋ Sed ista responsio sic intellecta non valet. primo quidem: quia siue
1110 2977 2022 3037 velleitas sit quidam actus voluntatis in nobis qui significetur
1105 3023 2022 3098 cum dicitur vellem hoc vel ille vellet: siue non: quod posset esse dubium.
