2480 3548
437 240 1338 309 subicibili alia principiom sunt. Et statim probans quod diuersarum
436 307 1322 352 scientiarum sunt diuersa propria prima principia assumit quod ex
443 346 1330 394 solis communibus principiis non possunt omnia demonstrari. Sed
437 388 1325 441 cum eis oportet habere alia propria que sunt alia et alia secundum aliud
438 428 1335 486 et aliud genus subiecti propterea dicit. alia quidem in quanti
440 471 1329 524 tatibus alia vero in qualitatibus sunt: cum quibus demon¬
438 517 1332 575 stratur per communia. Et in fine capi. ait. Monstratum est quod ali
437 559 1332 622 tera principia sunt differentium scilicet griesieone subicibili. ⁋ Con¬
441 604 1331 655 clusio 3a probatur. scilicet quod loquendo de habitibus in communi et non
434 645 1329 702 solum de scientificis de quibus tantum loquitur praecedens conclu
435 698 1331 744 non quicumque habitus habent idem genus subiecti pertinent ad
444 731 1338 786 vnum habitum vnitate praedicta. Nam quorumcumque habituum sunt
437 774 1335 831 diuersa prima principia illi sunt diuersi. patet ex praecedentibus.
440 824 1331 874 sed aliquorum quorum est idem genus subiectum sunt diuet
432 864 1338 916 sa principi a. patet de fide: scientia: et opinione: quorum potest esse
438 917 1335 961 idem sub eadem ratione subiectum: et tamen sunt vel esse cum hoc
437 952 1337 1011 possunt diuersa prima principia: eo quod opinio non tantum ex
439 989 1329 1053 propriis: sed est ex comnibus et extraneis possit haberi princi¬
437 1046 1329 1096 piis. hoc confirmatur: quia secundum philosophum 4. meta. Circa idem gen
441 1080 1335 1137 subiectum versatur metaph. et dialetica. Constat autem quod non
450 1122 1233 1178 per eadem principia: alias opinio foret scientia: igitur etc.
422 1159 1347 1265 Quantum ad tertium pono conclusiones duas. Una est
740 1212 1334 1266 quod non omnium conclusionum thelogica¬
443 1253 1343 1310 rum est vnus habitus numero neque specie specialissima. probatur
436 1298 1338 1360 per eundem modum quo probata est prima conclusio primi articuli
445 1339 1329 1396 tum scilicet quia non quicumque habet habitum vnius conclusionis theolo
440 1383 1336 1443 gice potest in actum circa quamlibet: tum quia cum theomia vnius¬
441 1431 1340 1482 conclusionis stat error alterius conclusionis in eodem. Tum quia
438 1472 1338 1524 theomia vnius perdi potest remanente theoisa alterius. appli¬
447 1520 1341 1571 ca et extende conformiter ista media ad illa. ⁋ 2a conclusio
446 1557 1329 1617 omnium theologicarum conclusionum est vna omnis theologia quem
437 1600 1344 1653 admodum est omnium geometralium vna geometria vel me
443 1645 1344 1705 dicinalium vna medicina. Patet. quia omnium talium subiecta
443 1701 1334 1747 considerantur in attributatione ad vnum perse: et primo in ea
441 1731 1338 1787 considerandum scilicet ad deum. et per eadem principia prima. omnes con
443 1779 1334 1825 clusiones theologice probantur scilicet per auctoritates sacri ca¬
444 1818 1344 1873 nonis: igitur etc. Patet consequentia quia ex vnitate principiorum et vnita¬
446 1861 1215 1910 te perse subiecti concluditur vnitas habitus sepe dicta.
425 1900 1346 1973 ⁋ Ad argumentum principale quaestionis dicendum quod minor est falsa: sicut
449 1949 1338 2011 probatum est artictio primo. ergo etc. o. I
638 1990 1345 2084 Uarto quero ea penultimo circa prolo¬
838 2041 1328 2092 gum. vtrum deus inquantum de
636 2076 1349 2132 sit subiectum in theomia nostra. Arguitur quod non: quia deus non est
638 2119 1343 2176 subiectum intheomia. ergo nec inquantum deus est subiectum in ea: consequentia patet:
593 2148 1343 2216 quani antecedens probatur: tum quia deus est omnino simplex. Nullum
442 2215 1340 2270 autem simplex potest esse subiectum scientie. Quod probat primo: quia oporte
450 2262 1343 2314 subiectum sciente esse aliquo modo notum et aliquo modo ignotum: Nam
456 2297 1347 2353 confusa cognitio subiecti presupponit in scientia et inquiritur
446 2341 1343 2393 distincta. Simplex autem aut nullo modo est notum aut notum to
450 2385 1338 2441 taliter: vt patet ex modo metaph. ⁋ Item 7o meta. dicitur: quod in sin
455 2428 1341 2486 plicibus non est quastio neque doctrina. vbi autem non est quastio
459 2472 1352 2523 non est scientia: cum omnis conclusio sientie sit questio: igitur. Tum quia deus est
449 2523 1341 2568 res singularis et nullum singulare est subiectum scientie: cum non
452 2559 1343 2613 habeat partes subiectiuas quarum passiones et proprietates in
455 2602 1350 2653 scientia inquiruntur: est de singularibus non est scientia: vt patet 7o metha.
449 2645 1340 2703 ⁋ Ad ooitum idem et sub eadem ratione est obiectum theologio
453 2696 1349 2744 nostre et theologie beatorum: ergo deus inquantum deus est obie
453 2738 1346 2786 ctum theologie nostre. Consequentia patet: quoniam deus inquantum
453 2780 1341 2830 deus est subiectum scientie beatorum iuxta illud prime Ioham. vi¬
444 2821 1345 2867 debimus eum sicuti est. Antecedens probatur: Nam idem est subiectum
449 2866 1346 2919 theologie nostre et fidei nostre. sicut colligitur ex verbis Aug.
462 2905 1352 2959 3. de tri. dicens propter ista. 3. fidem specem caritatem in animo edifi
458 2954 1334 3006 canda omnium diuinorum librorum machinamenta consurgunt. Et libr
458 2992 1353 3042 i14. dicit: quod huic scientie tribuit illud tantummodo quo fides
448 3034 1350 3110 saluberrima (que ad veram beatitudinem ducit) gignitur nu
1395 240 2292 302 tritur etc. Per hoc inuens quod circa idem subectum fides et theolo¬
1391 293 2287 346 gia versantur. Idem vero subiectum est nostre fidei et visionis
1388 339 2325 399 beatorum. sicut probant verba apostoli prima ad corum. Uidemus nunc c
1397 383 2255 433 per speculum in enigmate: tunc aut facie ad faciem. igitur etc.
1375 426 2294 485 ⁋ Inquaestione erunt articuli 2o. Nam primo videbitur quid sit ratio sub¬
1392 480 2172 522 lecti scientie inquantum huius modi. 2o videbitur de quasito.
1371 505 2283 601 Quantum ad primum dicit dector quidam in prima le
1667 551 2291 607 ctura sua: quod ratio primi subiecti est contine¬
1388 599 2285 649 re in se primo virtualiter omnes veritates habitus: seu sicut dicit
1391 643 2276 692 in lectura parisien. notitiam omnium veritatum habitus. ⁋ Pro
1388 686 2295 744 batur primo sic: subiectum primum continet propositiones immediatas: quia
1398 728 2291 783 subiectum illarum continet praedicatum. et ita euidentiam totius propo
1397 781 2289 824 nis. propositiones vero immediate continent conclusiones: igitur subiectun
1403 816 2301 877 propositionum immediatarum continet omnes veritates illius habitus.
1406 863 2297 915 igitur subiectum scientie continet omnes veritates scientie. ⁋ 2o primitas
1388 906 2297 959 hic accipitur ex id est poste. ex diffinitione vniversalis secundum quod dicit adequa
1395 947 2306 999 tionem. obiectum aut se habet ad habitum: sicut causa ad effectum: non
1402 992 2298 1040 est autem causa adequata: nisi contineat virtualiter totum effectum.
1397 1032 2307 1088 igitur etc. ⁋ 3o in reportationibus ad idem sic arguit. In essen
1392 1085 2310 1128 tialiter ordinatis necesse est stare ad aliquod primum simpliciter. sed co¬
1391 1123 2307 1176 gnoscibilia alicuius scientie habent essentialem ordinem inter se in
1400 1170 2304 1218 cognoscibilitate: quia conclusiones cognoscuntur ex principiis: et princi¬
1394 1208 2290 1263 pia tandem (etiam si sunt immediata) cognoscuntur ex termi
1392 1256 2301 1305 nis: terminus etiam praedicati principii cognoscitur ex ratione sub¬
1399 1295 2301 1343 iecti: quia principia communiter sunt per se 2o modo: igitur subiectum cadit in
1404 1339 2297 1389 diffinitione praedicati 7o metha. In isto igitur ordine tandem statur
1401 1381 2307 1429 ad aliquod subiectum simplex quod est subiectum principii vel prin
1403 1428 2301 1480 cipiorum ex cuius notitia cognoscuntur omnia pertinentia ad scientiam:
1397 1468 2297 1517 et ipsum non est cognoscere ex aliis: illud igitur recte dicitur
1391 1515 2298 1563 subiectum primum scientie: quia in se continet primo virtualiter notitiam
1391 1558 2296 1614 pertinentium ad scientiam. ⁋ Exponit aut quod dicit primo virtualiter
1398 1601 2298 1653 continere: quia illud est primum quod non depedet ab alio: sed alia ab
1395 1648 2300 1698 ipso. ita primo continere est non dependere ab aliis in continendo:
1395 1686 2295 1743 sed alia ab ipso: hoc est per impossibile circunscripto omni alio in
1398 1730 2303 1783 re: manente intellectu eius adhuc contineret: nihil autem aliud
1395 1758 2325 1828 continet nisi per rationem eius. ⁋ hec opinio non apparet mihi contra
1406 1828 2301 1871 vera neque eius motiua. Ad cuius falsitatem ostendendum praemitto:
1391 1864 2295 1918 quod subiectum et passio in proposito possunt dupliciter accipi. vno modo pro
1404 1905 2298 1959 terminis mentalibus: quorum vnus vel formaliter secundum se vel equi¬
1407 1950 2310 2006 ualenter est de altero praedicabilis in 2o modo dicendi per se. ita quod
1407 1986 2295 2041 ille qui sic potest de altero praedicari dicatur patio: et ille de quo
1409 2033 2295 2092 praedicatur dicatur subiectum. Dico autem formaliter secundum se: si mentalis
1400 2076 2297 2134 proportio essentialiter componatur ex distinctis partibus: quarum vna dicatur
1409 2121 2298 2174 subiectum: aa vero praedicatum vt multi opinantur. Si vero propostiohuiumod
1400 2158 2297 2216 non sic componat: sed sit actus eque simplex vt aliquis terminus
1406 2208 2295 2259 mentalis qui non est propositio equiualens: tamen in significando pluribus tulibus
1407 2260 2307 2302 terminis et propositioni vocali vel alteri coposite modo predicto:
1397 2299 2301 2351 aut etiam que equiualiet mentali composite: si quae foret talis: tunc in
1400 2348 2298 2396 quam talis patio mentalis non nisi equiualenter dicitur praedicari de
1407 2384 2309 2433 subiecto. Alio modo possunt ista accipi pro rebus ipsis pro quibus termi
1403 2421 2310 2481 ni supponunt: vel quas significant. Ista satis nota sunt ex
1409 2477 2299 2523 vsu communi scolastico. ⁋ hoc praemisso pono sex conclusiones Prima
1410 2512 2308 2560 est accipiendo subiectum et passione 2o modo non omne subiectum
1404 2562 2294 2613 scientiae vel principii contitet virtualiter primo suam passionem. ⁋ 2a quod no
1407 2600 2301 2652 subiecti non sic contim. 8. primo virtualiter noticiam passionis: et si sub¬
1406 2648 2307 2693 iectum et paetio primo modo accepta non sunt aliud quam notitit incomple¬
1407 2690 2296 2738 xe subiecti et passionis 2o modo acceptorum: vt aliqui volunt tunc
1405 2729 2301 2780 idem est dictu primo: modo accipendo subiectum et passionem: quod su¬
1401 2772 2309 2823 biectum non contim passionem. ⁋ 3a quod notitia incomplexa subiecti et
1409 2817 2307 2866 notitia passionis incomplexa. 2o modo acceptorum subiectum et passio ad
1404 2865 2295 2915 intellectum iam datum non continent virtualiter primo ipsum primum seu pro¬
1407 2909 2292 2962 positionem immediatam: que est euidens notitia. ⁋ 4a quod verum principium non
1407 2952 2295 3008 continet primo virtualiter aliud seu vna praemissa aliam. ⁋ 5a quod
1403 2992 2295 3042 subiectum scientie non contitet virtualiter primo omnes veritates illius scientie. Ex o
1417 3042 2306 3107 concluditur quod ratio assignata per doc. istum non est ratio primi
