2463 3525
224 227 1111 298 dentia eius. ⁋ Secundo sub eadem ratione deus est obiectum primo
213 280 1127 349 intellectus sui: et prime scientie possibilis haberi de eo. Est autem
213 336 1107 389 obiectum primum intellectus sui sub illa ratione sub qua conti
213 383 1125 438 net cognitionem omnium cognoscibilium: et sub tali etiam est
215 414 1119 486 obiectum prime scientie possibilis haberi de ipso. ⁋ Secunda via
215 457 1115 521 contra opinionem procedit negatiue: ostendendo quod non sub speciali ra¬
212 512 1115 567 tione est subiectum sic. Ratio sub qua aliquid est obiectum primum
210 557 1116 609 excedit in perfectione cognoscibilitatis omnia cognoscibilia
217 588 1110 655 in illa scientia. ratio glorificatoris aut alia quecumque specialis non
207 636 1116 697 est huiusmodi igitur etc. Marior patet: quia sicut primum subiectum habet primo
210 684 1114 743 continere omnia que continentur in scientia. ita rati scilicet prima subiecti
213 723 1107 788 debet esse ratio prima continendi: et per consequens perfectior in co¬
207 774 1107 830 gnoscibilitate. Minor probatur. quia relatio rationis non potest esse
201 810 1111 877 perfectior in cognoscibilitate quocumque ente reali. quia nec
201 859 1093 919 in entitate. Relatio autem glorificatoris ccum sit ad extrais
208 896 1101 965 est rationis. ⁋ 4o nihil sub ratione contracta potest esse subiectum
204 937 1101 1007 scientie prime possibilis haberi de ipso. ratio glorificatoris est
196 993 1107 1052 contracta. igitur. maior probatur. quia ex primo metaphyce: cum scientia
207 1033 1104 1094 considerante aliquid sub ratione contracta prior est alia: consi¬
200 1072 1098 1132 derans illud sub ratione absoluta: quia certior. vnde dicitur
198 1114 1097 1180 ibi quod ea que est ex paucioribus: certior est ea que est ex ad
201 1160 1107 1225 ditione: vt arismetica geomedia. ⁋ 5o nihil potest esse subiectum
189 1200 1105 1274 prime scientie de ipso sub alia ratione que non facit vnum per se cum
200 1247 1104 1311 ipso: huiusmodi sunt omnes ratio es contracte quae assignantur. igitur etc. Mi
188 1293 1101 1354 nor patet. quia quelibet talis ratio si esset realiter distincta: esset rea
194 1332 1085 1394 liter accidens illi: cuius assignatur prima ratio. Marior probatur. aut il
189 1372 1089 1446 la ratio contingenter inest ipsi subiecto: aut necessario. Si contingen
192 1418 1095 1482 ter igitur non est ratio aliquid sciendi de ipso: quia illa non est necessaria
179 1462 1082 1528 necessitate cognita de subiecto. si necessario. igitur ipsa est co
180 1513 1084 1576 gnitio de subiecto per rationem subiecti: et ita non est prima ratio vir
180 1557 1086 1622 tualiter cognoscendi omnia alia de subiecto: nec per consequens prima
180 1599 1086 1665 ratio subiecti in scientia. ⁋ 6o ab aliis sic: cum dicis quod sub ratione
180 1651 1086 1706 glorificatoris est subiectum theomrio: aut per rationem glorifica¬
176 1683 1085 1744 toris intelligis id quo formaliter deus glorificat (et illud non
186 1726 1086 1786 est nisi deitas et essentia diuina: et sic conceo quod sub absoluta
177 1772 1099 1828 ratione deitatis) aut intelligis respectum et denominationem ad
180 1815 1080 1876 glorificatum quo formaliter deus dicitur glorificator: et tunc sequi
183 1860 1089 1913 tur quod vna denominatio circa deum erit ratio subiectiua huius scientie:
177 1905 1088 1960 quod esse non potest. ⁋ 7o ab eodem sic. sub illa ratione deus non est
186 1939 1086 2005 subiectum in theomida: sub qua non insunt ei veritates que de¬
179 1989 1083 2043 terminantur in ea: sed trinitas et alie veritates non sunt in
172 2027 1082 2094 deo sub ratione glorificatoris (non enim est trinus inquantum glo
171 2077 1094 2129 rificat: immo erat trinus anteque glorificaret) igitur deus vt
171 2113 1077 2186 glorificator non est subiectum huius scientie. ⁋ 8o alius sic. ratio glorifi
183 2167 1073 2222 catoris est ratio attributa subiecto theo modo. ergo non est ratio subie
183 2203 1085 2267 cti. Antecedens probatur. quia ista est propositio theologica: deus est glorifi
183 2250 1079 2305 cator: et ista. deus est reperator: deus est beatificator et similes
178 2293 1073 2347 ⁋ 6o ab aliis. nobilissimus habitus debet habere nobilissimum sub
183 2344 1080 2393 lectum sub nobilissima ratione: theormia est habitus nobilissimus:
174 2383 1079 2436 et deus sub ratione deitatis est nobilissimum subiectum sub no
174 2417 1081 2487 bilissima ratione. igitur etc. ⁋ Confirmatur. quia vnus habitus ex.
165 2473 1085 2523 cedit alium nobilitate vel ex dignitate obiecti: vel certi
183 2507 1075 2570 tudine demonstrationis: vt dicit Commentator primo de anima
175 2551 1075 2616 Cum igitur theoemoda excedat in dignitate metaphycam et non in cer
174 2596 1065 2655 titudine demonstrationis (vt certum est) oportet igitur quod eam exce¬
173 2637 1076 2703 dat in dignitate subiecti: sed metaphyca salte in aliqua
167 2679 1081 2746 sui parte habet deum pro subiecto: ac per hoc theomodo illam partem
170 2732 1076 2782 non excedit: quia nobilius habet subiectum. igitur quia sub ratione nobilis¬
176 2768 1064 2821 sima subiectiua. hoc autem non esset nisi habent deum pro subiectu:
180 2814 1076 2875 sub ratione deitatis. ⁋ 2o nulla scientia probat suam rationem subie¬
174 2853 1078 2920 ctiuam de subiecto: theo modo probat deum esse glorificatorem. igitur.
173 2902 1072 2962 ratio glorificatoris non est sua ratio subiectiua. ⁋ Ad primam di¬
165 2952 1062 3007 co primo quod conclusio non est contra me: concedo enim quod sub ratione deita
173 2991 1074 3048 tis est subiectum: sed non sequitur ex hoc: quod sub ratione deita¬
171 3039 1081 3101 tis absolute: quod ego nego. 2o dico quod ratio fundatur in falso de
1173 233 2070 334 illa continentia virtuali: sicut patet in primo articulo. ⁋ Praetere
1179 314 2079 375 esto quod subiectum scientie proprie dicte sic primo virtualiter contine¬
1166 361 2070 421 ret omnes veritates scientie secundum rationem sub qua est subiectum: adhuc
1166 403 2070 460 non sequitur quod ita sit de subiecto theo modo: cum theomia non sit scientia
1181 445 2076 512 proprie dicta. quod confirmatur. quia hic non habet locum probatio do¬
1181 489 2070 550 ctoris: eo quod theomida non resoluat ad propositiones immediatas no¬
1172 569 2088 638 cebat. ⁋ Ad 2m dicendum quod per primam scientiam possibilem haberi
1167 532 2073 592 tas ex terminis: quarum subiectum contineat praedicatum vt dedu¬
1176 613 2075 682 de deo vel intelligitur scientia de deo simpliciter prima (qualis est
1167 657 2067 728 scientia qua deus nouit se: et sic nihil concluditur ad propositum:
1173 705 2072 772 cum de illa non sit quaestio praesens) vel intelligitur scientia prima in gene¬
1169 743 2076 816 re scintiarum creatarum vel creabilium: et tunc dico quod vel maiori
1166 786 2061 851 intelligitur simpliciter quod sub eadem ratione etc. et sic concedo conclusionem
1167 841 2067 900 qui non est contra me. vel intelligitur quod sub eadem ratione simpliciter:
1160 879 2070 940 puta quod sicut absolute est obiectum intellectus sui sic absque
1157 923 2059 988 contractione sit obiectum scientie creabilis vel create: et tunc simpliciter
1163 966 2060 1031 nego illam. ⁋ Ad 3am dico primo quod maior si sumatur vniversaliter es
1160 1005 2064 1078 falsa: quoniam vt tunc arguebatur in articulo primo: cuiuscumque scientie
1155 1054 2059 1112 subiectum esset subiectum sub quiditatiua et prima ratione sua: quod est
1151 1098 2062 1161 falsum. probatio etiam maioris falsum assumit: vt supra pro¬
1161 1135 2064 1201 batum est. ⁋ Item esto quod in scientiis proprie dictis illud conce
1158 1182 2058 1241 deretur: non tamen oportet hoc de nostra theologia concedere: vt iam di¬
1149 1227 2061 1295 xi. 2o dico quod illa ratio procedit ex falsa imaginatione: imagi
1149 1275 2059 1337 natur enim quod illa ratio contracta sit quedam ratio specialis distincta
1149 1313 2060 1376 contra rationem essentie: et addita illi: siue per modum quem
1150 1355 2047 1424 Doctores qui eam fecit ponit de rationibus attributalibus: siue pear
1155 1400 2059 1466 aliquem am: quod ista positio non intendit: sed per rationem speciale
1149 1447 2045 1505 vel contractam intendit ipsammet rationem deitatis non secundum omnem
1151 1489 2045 1546 modum quo considerabilis est: et secundum omnem veritatem de ipsa
1146 1530 2056 1598 scibilem: quod non sic obiicitur alicui intellectui creato: sed ipsam.
1152 1576 2058 1636 deitatem restrictam in ratione obiecti ad determinatum considera
1149 1617 2054 1682 tionis modum et gradum vel terminum veritatum: que de ipsa
1149 1660 2053 1722 sciri possunt. Et capiendo istum sensum de positione ista et primum exclu
1148 1703 2055 1765 dendo potius volui dicere quod deus non est subiectum sub ratione
1151 1744 2051 1807 deitatis: vel inquantum deus absolute: sed contracte: quam quod non sub ra¬
1149 1789 2045 1848 tione divinitatis absoluta: sed sub ratione contracta vel speciali¬
1148 1829 2043 1898 per illa enim aduerbia absolute et contracte non datur intelligi ta
1131 1913 2060 1973 cant. ⁋ Ad 4m dico quod contractio potest dupliciter intelligi scilicet vel
1142 1870 2046 1942 lis specialis ratio addita: qualem arguentes contra istam positionem suspi¬
1135 1959 2052 2020 per additione alterius rationis minus communis (quemadmodum
1143 2009 2055 2062 consueuit dici quod genus contrahitur per differentiam: et sic non
1137 2041 2049 2113 accipitur hic: et per consequens ratio non procedit ad propositum) vel per re
1137 2086 2040 2146 strictionem consideratonis et exclusionem vniversalis comprehensionis:
1136 2142 2033 2191 quo hic intelligo. Et tunc si maior intelligatur de scientia prima in
1139 2222 2055 2276 lis est sola scientia dei ratio non vadit ad propositum. ⁋ Ad 5m dicendum
1137 2187 2030 2244 genere creatarum est simpliciter falsa. Si vero de prima simpliciter qua
1148 2259 2036 2332 primo quod procedit ex falsa imaginatione de ratione contracta. vt su¬
1139 2313 2038 2379 pra dictum est. 2o dico quod si ro sit efficax concludit secundum arguen
1140 2357 2042 2418 tem quod ratio bonitatis faciet vnum per accidens cum deitate: quod
1147 2389 2037 2455 (vt puto) non concederet. patet consequentia. Nam ratio bonitatis est vna
1140 2421 2036 2501 ratio specialis sub qua posuerut aliqui deum esse subiectum in theomis:
1136 2482 2034 2550 quam opinionem ibide per rationem istam ipse vult reprobare. Qun¬
1137 2566 2049 2628 tione de continentia virtuali rationis subiectiue. ⁋ Ad 6um di
1140 2533 2025 2593 datur etiam illa ratio in suis probationibus super illa falsa imagina
1130 2611 2022 2678 co quod per rationem glorificatoris intelligo illud quo deus glorifi
1140 2663 2031 2718 cat et deitatem ipsam: sed restrictam obiectiue siue in ratione ob
1143 2696 2037 2760 iecti ad eum gradum vel latitudinem sue cognoscibilitatis secundum
1139 2745 2034 2804 quem glorificat et beatificat intellectum creatum: sicut supra
1139 2787 2022 2855 dictum est. ⁋ Ad 7m dicendum quod vadit secundum falsam imaginationem
1133 2830 2024 2886 de ratione glorificatoris: sicut et 3m. ⁋ Ad 8m eodem modo: et cum
1125 2867 2026 2938 hoc addo: quod si ratio valeret: posset eodem modo argui quod deus non
1131 2917 2016 2977 sit subiectum sub ratione essentie: quod est contra doctorem sic arguentem. hoc
1130 2963 2029 3024 patet etiam: quia hec propositio est theologica. deus est: sicut probatur ex illo
1137 3006 2039 3069 verbo apostoli ad hebreos. Accedentem ad deum oportet credere: quia est.
1134 3045 2039 3108 ⁋ Ad quoium concedo quod sub ratione deitatis. non tamen absolute: sed
