2449 3548
341 234 1251 308 contracte vt dictum est. alis non nobiliori modo obiiceretur nobi¬
344 289 1250 355 liori scientie scilicet scientie dei: quam minus nobili scilicet create: cuius opposi¬
341 333 1245 403 tum assumit ratio: hac tamen contractione non obstante nobiliori
344 378 1263 446 modo obiicitur theomirie: quam metaphyce vel alii habitui hbuano:
344 429 1251 485 qui illis si obiicitur sub ratione deitatis obiicitur cum maiori re¬
356 461 1254 523 strictione: cum nullus alius tot veritates de deo consideret
347 507 1258 576 quot theolomia. Et ex hoc patet ad confirmationem. ⁋ Ad xmtum di¬
344 551 1257 623 cendum quod false imaginat de illa ratione glorificatoris: sicut et
354 597 1251 655 alie praecedentes. ⁋ Ad principalem nego antecedens. et vlterius dico: quod
356 639 1253 701 simplex potest esse obiectum scientie. Et cum probatur primo. quia oportet quod subiectum
348 682 1258 744 aliquo modo sit notum: et aliquo modo ignotum. Dico illud esse
349 729 1254 786 verum de notitia complexa: que est affirmatio vel negatio: et ta¬
353 771 1260 835 liter contingit simplex esse notum et ignotum. hoc est. potest ali¬
353 813 1253 882 quid sciri de ipso et aliquid ignorari. Dictum autem philosophi intelli¬
362 866 1256 924 gendum est de notitia diffinitiua: quae non est affirmatiso vel ne¬
353 899 1261 965 gatio: sicut clare patet per Commentatorem ibidem. Cum enim non
363 947 1260 1003 omneat partem et partem non potest pars cognosci: et pars ignorari:
359 987 1260 1049 sicut in rebus compositis. ⁋ Ad aliam probationem dicendum quod philosophus
352 1032 1254 1099 non absolute dicit in simplicibus non esse quaestionem neque doctri¬
352 1077 1263 1139 nam: sed de quaestione propter quid: que querit quiditatem: ad quam
359 1119 1253 1175 respondetur causa formalis de materia vel alia causa forme in materia
360 1164 1260 1220 sicut agens et finis: que in simplicibus substantiis non conue
347 1208 1257 1266 niunt. Sed tamen alius modus quaestionis reliquitur circa substan¬
359 1252 1257 1310 tias simplices qui sufficit ad scientiam. Unde verba philosophi vbi
355 1294 1271 1359 allegant sunt ista. Palam ergo quoniam in simplicibus non est
359 1341 1256 1399 quaestio neque doctrina. Sed alter modus quaestionis talium. ecce quod
351 1385 1267 1436 alique modum quaestionis dicit esse circa simplicia. aliquem vero
354 1426 1257 1486 negat scilicet illum de quo immediate locutus est: et ille est de quo
353 1476 1259 1523 dictum est. Unde Commentator ibidem exposito dicit. Mani
367 1509 1269 1572 festum est quod in rebus simplicibus non compositis non queritur per
366 1556 1259 1621 quare nec per quid: sed quaestio in istis alio modo erit: et idem dicit co
346 1598 1274 1659 mento praecedente. Confirmatur ex intentione eorumdem qui plura in
363 1650 1259 1697 1i2. meta. nituntur de simplicibus demonstrare. ⁋ Ad aliam
370 1686 1274 1746 probationem antecedentis. cum dicitur quod nullum singulare potest esse subiectum
359 1731 1274 1784 scientie. nego. ⁋ Ad primam probationem: dicendum quod non est necessium quod
364 1772 1266 1827 subiectum scientie habeat partes subiectiuas. nec istud dicit philosophus:
369 1824 1274 1878 sed vult quod vnius scientiae genere est considerare subiectum et partes
365 1858 1260 1920 eius supple si habet partes. ⁋ Ad aliam qua probatur de singula
368 1912 1265 1967 ribus non esse scientiam. dico hoc esse intelligendum de singu¬
369 1955 1260 2002 laribus corporalibus: vt patet ex tex. manifeste. et hoc tamen requi
371 1989 1263 2054 rit sanum intellectum qui dicet alibi: de incorporali autem sin¬
359 2034 1269 2099 gulari posse esse scientiam non negat philosophus: quinimmo concede¬
358 2086 1268 2132 ret: cum ipse de deo multa conetur demonstrare in diuer
366 2131 1278 2185 sis locis philosophie. Qo. I Prologi.
539 2159 1255 2261 timo circa prologum quero. Utrum theo
750 2209 1272 2265 sit practica vel speculatiua. Ar¬
539 2247 1278 2319 guitur quod speculatiua. Quia omnis habitus qui est
539 2305 1263 2363 gratia sui: est speculatiuus: theo mida est huiusmodi igitur. Magist
534 2337 1271 2401 lior patet ex prohemio metaphyce. Minor probatur.
374 2391 1277 2450 qui cum habitus qui sunt gratia sui sint nobiliores his qui sunt
371 2429 1271 2489 propter aliud: vt ibidem patet: si theomida non esset gratia sui: alius ha¬
374 2469 1265 2535 bitus: puta metaphysica: que vtique gratia sui est: vt ibidem
374 2524 1202 2576 vult philosophus: esset nobilior quam theomida: quod est inconueniens.
390 2560 1269 2616 Ad oppositum omnis habitus quo vult quis scire et habet pro
379 2600 1270 2665 fine virtuose operari est practicus: patet ibidem: sed theomida est
381 2641 1274 2701 hosmon. iuxta illud. Ia. Estote factores verbi non auditores tantum.
397 2685 1269 2753 In questione. 4. erunt articuli. In primo videbitur que
371 2733 1273 2795 operatio proprie dicitur praxis a qua habitus scientificus vel
381 2783 1275 2836 alius practicus denominatur. 2o que notitia proprie dicitur pra¬
383 2816 1273 2880 ctica: et que speculatiua: et quis habitus dicitur proprie practicus
374 2865 1281 2924 quisue speculatiuus. 3o de distinctione extrinseca habituum
383 2903 1279 2972 speculatiuorum et practicorum vtrum distinguantur penes obie¬
381 2950 1209 3013 cta vel fines vel quo. 4o vero de principali quesito.
337 2986 1286 3109 Quantum ad primum dico quod sicut patet per eustracium
660 3041 1283 3115 primo ethicorum praxis in greco dicitur
1319 224 2227 291 actus in latino. Et accipitur actus non pro actu primo: sed 2o qui
1317 277 2217 338 communi nomine vocatur operatio. Quamuis secundum alique vsum aucto¬
1313 318 2226 376 rum aliquando operatio accipiatur praecise pro actu potentie executiue impe¬
1319 364 2220 421 rato a voluntate: sicut cum distinguit inter scire velle: et ope
1317 408 2221 464 rari. In talibus enim locutionibus nec scire nec velle dicun¬
1314 451 2213 515 tur operationes: cum tamen sint actus secundi. Sicut igitur actus et
1319 492 2217 553 operatio communiter sumpta possunt multipliciter accipi. sic et pra¬
1319 542 2219 599 xis. ⁋ Dimissis autem aliis acceptionibus et sumendo actum
1319 582 2214 643 vt ab eo habitus dicitur actiuus: vel operatio vt ab ea habitus
1307 626 2215 684 dicitur operatiuus: vel praxis secundum quam dicitur practicus quae omnes
1313 670 2234 728 denominationes eiusde sunt significationis. ⁋ Dico quod praxis
1325 707 2234 774 potest dupliciter accipi. Uno modo communiter prout quilibet habitus actiuus
1318 769 2223 818 vel factiuus (siue scientificus: siue non) dicitur practicus a pra¬
1316 794 2228 862 xi. ⁋ Alio modo specialiter prout tantum habitus actiuus: distinguen
1319 844 2224 898 do ipsum contra factiuum dicitur practicus: sicut actus et actio
1319 886 2238 945 distinguuntur contra factionem. 6. ethicorum. vt statim dicetur. ⁋ Si
1319 939 2231 996 primo modo: cum tales habitus solum in homnibus generentur quamuis
1319 974 2229 1033 deus et angeli habeant de rebus practicam notitia) Dico quod
1320 1029 2223 1078 omnis operatio existens in potestate nostra est praxis. Ita quod
1314 1065 2222 1119 descriptio praxis (a qua aliquis habitus dicitur practicus)
1313 1107 2233 1170 sit operatio existens in homnis potestate: hoc probatur statim: quia
1323 1157 2228 1209 omnis operatio a qua habitus aliquis dicitur practicus existit in
1315 1193 2220 1259 potestate operantis secundum habitum. Inductiue patet. Et probatur.
1317 1245 2226 1296 ratione: quoniam quilibet habitus practicus dirigit ad operationem
1320 1282 2232 1345 a qua dicitur talis. Circa nullam autem operatione non existentem in
1331 1329 2238 1380 potestate cadit directio. igitur omnis praxis est operatio exi¬
1320 1368 2238 1427 stens in potestate nostra. Econuerso etiam omnis operatio exi
1329 1418 2235 1473 stens in potestate nostra est praxis. Qoniam circa quamcumque opera
1325 1457 2233 1519 tionem potest haberi dictamen practicum seu notitia practica:
1325 1501 2235 1556 et habitus practicus: ipsa est praxis. huiusmodi est omnis opera
1329 1543 2225 1601 tio existens in nostra potestate: quoniam quodlibet tale contingit
1324 1592 2235 1648 agere et non agere. et vtrumque aliter et aliter: ac per hoc de ea
1335 1630 2226 1686 potest iudicari qualiter sit agenda vel non agenda. ⁋ Si autem ve¬
1329 1673 2226 1735 limus describere praxim communius: vt videlibet etiam comprehendatur omnis
1337 1718 2237 1782 operatio secundum quam notitia dei vel angeli dicitur practica: potest dici:
1337 1775 2238 1825 quod praxis est oporitio existens in operantis potestate. et secundum hoc opera¬
1341 1807 2240 1861 tiones creaturarum naturaliter agentium: que vtique sunt etiam partia¬
1341 1850 2232 1908 iter operationes dei: cum sint in potestate dei operantis erunt pra¬
1333 1897 2229 1953 xes inquantum sunt dei: licem non inquantum sunt oporitiones creatura¬
1336 1935 2234 2000 rum talium. ⁋ Si vero sumatur praxis 2o modo vt habitus practi¬
1333 1980 2247 2040 cus distinguitur contra factiuum. potest sic describi. ⁋ Praxis est
1334 2022 2231 2079 actio existens in potestate sumendo actionem distincte contra factionem:
1328 2065 2254 2127 secundum quod philosophus sumit. 6. ethicorum. vbi ait. Contingentis autem aliter e
1327 2109 2235 2170 se habere est aliquid factibile et aliquid agibile: alterum autem est
1325 2158 2239 2210 actio et factio. credimus autem de ipsis et exterioribus rationi¬
1331 2198 2248 2260 bus: quare et cum ratione habitus actiuus alterum est ab eo qui cum
1341 2245 2234 2297 ratione factiuo habitu. et neque continentur subinuicem actio et fa
1336 2297 2241 2343 ctio: neque enim actio factio est. vbi eustracius dicit. Ait scilicet Ar3.
1335 2342 2244 2392 aliud practica. id est actiua aliud factiua. Practica enim et fa¬
1343 2383 2232 2434 ctiua habituum nomina: actio vero et factio operationum id est motio¬
1338 2421 2243 2474 num ab habitibus. sic est accipit philosophus 6o meta. vbi distinguit
1339 2462 2241 2521 scientias actiuas a factiuis: vel (et in idem redit) potest dici quod
1341 2516 2241 2563 praxis est in potestate existens rei agibilis vel actibilis opera¬
1338 2549 2242 2608 tio. ⁋ Dicitur aut actibile vel agibile secundum eustracium primo ethi. quod
1343 2600 2250 2646 cessat agentis actione cessante id est quod non est nisi dum agit agens:
1339 2644 2250 2696 sicut intellectio non est nisi dum eam agens agit. Et similiter videre et
1338 2693 2241 2740 audire et plures alie. ⁋ Ractibile vero dicitur quod cessante actio¬
1338 2724 2250 2780 ne: per quam habet esse non cessat: seu quod non desinit esse agente cessan¬
1337 2769 2252 2821 te agere: sicut domus vel nauis non cessant esse: earum agentibus ces¬
1346 2814 2249 2872 santibus agere: quod intelligi debet de agentibus particularibus et se¬
1349 2863 2255 2913 cundariis non de primo et vniversali quod est deus. Nam nulla res subsistere
1348 2906 2247 2958 potest deo cessante agere. ⁋ Quia vero in sequentibus non est ne¬
1343 2944 2251 3000 cessarium ad propositum inter actiuas et factiuas distinguere. ideo
1349 2994 2256 3043 communiter de eis loquendo sub nomine habitus practici: intelligo¬
1346 3033 2246 3097 praxim primo modo videlibet communiter pro operatione quae existit in homnibus
