2453 3520
191 230 1122 321 in seu in homnis potestate. ⁋ Ex hoc autem infero: quod descriptio da¬
221 300 1110 364 ta de praxi a quodam doctore non est conueniens: eo quod in mi¬
222 342 1118 408 nus se heat quam descriptum. Describens enim praxim ad quam
222 383 1109 444 notitia practica dicitur extendi: et per consequens a qua habitus dicitur pract
222 429 1110 497 cus: quia supponit ex communi dicto: quod habitus dicitur practicus ex ex
221 475 1118 538 tensione eius ad praxim. dicit sic. Praxis ad quam cognitio
222 515 1116 575 practica extenditur est actus alterius potentie quam intellectus nateraliter
219 568 1119 619 posterior intellectione natus elici conformiter rationi recte
225 610 1125 668 ad hoc vt sit rectus. ⁋ Deficit autem in duobus praesens descriptio.
222 644 1109 709 primo quia non omnis praxis est alterius potentie quam intellectus
222 699 1119 751 quinimmo aliqua intellectio est vere praxis. ⁋ Quod probo sic. Ali
216 743 1113 797 qua est vel potest esse notitia practica directiua speculatonis:
206 775 1116 837 et nullius alterius operationis. igitur speculatio aliqua: et per consequens
218 819 1112 885 operatio aliqua intellectus est vere praxis. consequentia probatur. quoniam secundum
211 860 1104 926 huc Doc. etiam omnis notitia practica dicitur practica ex extensione
207 910 1105 967 eius ad praxim. talis aut extensio non intelligitur nisi per mo
200 957 1103 998 dum directiui vt certum est. Et maxime secundum eum qui in eadem
217 999 1110 1058 q. dicit quod scientiam esse directiuam et esse practicam idem sunt. igitur
197 1037 1106 1104 omnis notitia practica est directiua praxis. igitur si aliqua est pra
207 1083 1107 1149 ctica: et nullius alterius operationis sit directiua quam specula¬
210 1122 1112 1189 tionis: speculatio vtique erit praxis. Antecedens probatur. cotingit ali
201 1178 1114 1229 quem deliberare vtrum insistendum sit speculationi: vel aliis
211 1217 1104 1274 operationibus vite actiue: vel vtrum speculationi harum vel il¬
206 1253 1112 1311 larum rerum: Similiter quo loco et quo tempore: et quantum et quo spe¬
205 1305 1099 1358 culandum est et iudicare quod speculandum est circa veritates
202 1337 1101 1406 sacre scripture: vel alias: et tali tempore: et tantum: et sic de aliis
195 1390 1100 1443 circumstantiis. Constat autem quod tale iudicium est vere practi
200 1428 1109 1499 cum: non minus quam iudicium quo iudicatur esse temperate viuen
199 1467 1097 1528 dum: esse subueniendum indigenti: aut aliquod huiusmodi simile. Et istud
201 1512 1103 1575 iudicium nullius alterius oporitionis quam speculationis est directiuum:
201 1565 1088 1615 vt patet. ⁋ Confirmatur. quia omnis notitia cui conformiter conuenit eli
191 1608 1088 1658 ci electionem virtuosam est notitia practica. talis notitia de speculam
192 1644 1095 1709 do vel non de speculando: directiua est huiusmodi igitur. maior probatur.
191 1697 1095 1748 auctoritate Arum. 6. ethorm dicens Saebet quidem propter hoc rationem veram esse: et appetitum
192 1739 1098 1785 rectum: si quidem electio studiosa: et eadem hunc quidem dicere: hunc
195 1779 1092 1833 aut persequi. hoc quidem igitur mens et veritas practica. ⁋ Et paulo post
192 1821 1094 1878 ait. practici et intellectui opus veritatis confesse habens appe
191 1860 1089 1912 titui recto. Etiam per istum Doc. in eadem. q. qui volens probare
198 1903 1098 1965 theologiam esse practicam assumit pro maiore: quod illa cognio est
192 1955 1094 2003 practica que aptitudinaliter est coformis volitioni recte et
192 1996 1091 2049 naturaliter prior ipsa. Minor probatur. Nam ipsa electis qua quis
191 2033 1088 2091 eligit studere in sacra scriptura debito fine et aliis bonis
192 2085 1088 2131 circumstantiis vtique virtuosa est et meritoria. vt patet ex ver
191 2119 1089 2176 bis Gregorii. 6. mora. dicenti. Non numquam studiosus tardita¬
192 2169 1091 2223 te intelligentie praemitur vt eo magis praemia retributionis inue
191 2211 1085 2264 niat quo magis in studio inuentionis elaborat. vbi patet quod co
191 2256 1086 2314 natus in studio intelligendi veritatem sacrarum scripturarum
192 2295 1082 2350 vtique est meritorius. ⁋ 2o ad idem arguo sic: ex dictis huius
191 2332 1092 2397 Doc. Sis operatio ad quam inclinat virtus appetitiua est ve
191 2385 1078 2436 re praxis. hac ille accipit pro maiore ad probandum dilectionem
191 2424 1074 2480 finis esse vere praxim: sed ad studendum et speculandum myst
191 2473 1077 2527 ria scripturarum inclinat aliquos sanctos viros virtus app¬
191 2516 1077 2560 titiua: vt satis est certum. igitur etc. ⁋ Praeterea ipse arguit contra seipsum
191 2555 1086 2615 omnis actus imperatus a voluntate est praxis: speculatio est huiusmodi
191 2600 1082 2651 igitur. ⁋ Respondet quod non sequitur. intellectio est imperata a volum¬:
192 2650 1078 2700 tate. igitur est praxis: sed sequitur: igitur est praxis vel practica. Et
191 2686 1071 2735 hoc arguo sic. aliqua speculatio est imperata a voluntate: et non
191 2732 1076 2782 est practica. igitur aliqua speculatio est praxis. consequentia patet ex con
200 2782 1076 2831 cesso. Antecedens probatur. quia vel intellectio omnis est practica: et eade
197 2816 1070 2868 ratione omnis scientia: quod est contra philosophum: et omnes et huncmet etiam doco. qui di
193 2866 1073 2917 cit logicam non esse practicam: vel nulla intellectio non practi
191 2907 1085 2955 ca posset imperari a voluntate: quod est contra experientiam: potest enim
191 2949 1086 3004 imperaria voluntate consideratio logicalis et metaphycalis
191 2993 1079 3048 et alie qualibet habituum speculatiuorum. ⁋ Contra hocipse ar¬
191 3036 1088 3110 guit probans primam parte sue descriptionis: quoniam stando praecise
1173 266 2073 326 in actibus intellectus nulla est extensio intellectus: quia non extra
1173 314 2060 369 se tendit nisi vt actus eius respicit actum alterius potentie
1182 357 2069 419 ⁋ Et si dicas actum vnum intellectus extendi ad alium dire¬
1176 409 2061 463 ctum per eum: non propter hoc 2m est praxis vt nunc loquimur: nes
1176 442 2064 503 prima cognitio practica: quia tunc logica esset practica: quia di¬
1173 492 2063 548 rigit in actibus discurrendi. ⁋ Ad illud potest dici: quod extensio
1165 532 2088 597 illa qua intellectus dicitur esse practicus non semper est ad aliquam ope¬
1163 583 2066 629 rationem extra intellectum. sed aliquando ad actu alium intellectus dire¬
1166 624 2060 680 ctum per ipsum. ⁋ Ad illud vero quod de logica infertur. potest primo
1167 665 2060 715 dici: quod istud a multis non reputatur falsum: sed verum: nec ipse
1162 703 2073 766 opositum probat. ⁋ 2o potest dici: quod non sequitur: quoniam logica non diri¬
1167 750 2055 801 git: seu non est directiua actuum discurrendi: seu aliorum intel
1163 794 2067 850 lectus quasi docens qualiter: vel per quae huiusmodi actus fieri debeant:
1167 835 2076 890 vel aliquo alio modo quo notitia practica dicitur directiua oporitionis:
1173 879 2066 936 vt in sequenti articulato ostendetur: quamuis logica ostendat quae consequentie
1154 929 2055 986 sunt bone: et qui sollali concludentes: et qui non. Ex quibus regulis
1163 963 2064 1021 intellectus dirigitur ad recte syllogimandum: sicut etiam ex multis
1163 1006 2055 1063 conclusionibus geometricis mechanici aliqui diriguntur in suis actio
1161 1057 2061 1103 nibus: nec tamen ille conclusiones sunt proprie practice: vtpote nihil
1164 1102 2051 1155 enunciantes de agendo vel fiedo. ⁋ 2o deficit ista positio
1155 1135 2049 1194 in vltima parte sue descriptionis. Nam quedam est praxis que
1152 1188 2055 1241 non est nata conformiter elici rationi recte vt sit recta. vbi gratia
1155 1227 2049 1279 odium dei. hoc enim nulli rationi recte conformari potest vt sit rectum
1156 1265 2054 1323 et tamen est vere praxis: quod patet. tum quia dilectio dei est vere pra¬
1148 1317 2051 1365 xis secundum hunc Doc. igitur et odium: non minus vtique est praxis
1152 1361 2052 1403 actus vicii: quam actus virtutis opposite: Tum quia respectu ta¬
1158 1397 2055 1456 lis odii potest esse ratio erronea practica iudicans deu esse odiem
1152 1444 2042 1492 dum qualis forte est in dyatio. Et similiter ratio practica recta iudi¬
1145 1491 2072 1539 cans deum non esse odiendum. ergo et ipsum erit praxis. ⁋ Ex his
1152 1536 2055 1579 patet etiam: quod non solum operationes inferiorum potentiarum et sequen
1154 1576 2045 1627 tes electionem sunt praxes (vt aliqui volunt) sed etiam aliqua
1148 1619 2043 1663 operationes intellectus et voluntatis sunt praxes. ⁋ De actibus
1142 1659 2060 1709 intellectus probatum est. Et de actibus voluntatis patet simili
1148 1702 2060 1759 modo: quoniam aliquam notitiam practicam contingit esse directiuam
1152 1745 2049 1801 alicuius actus voluntatis et nullius alterius oporitionis. verbi gratia.
1143 1791 2048 1845 quod inimicus propter deum sit diligendus: quod aliquis prieo alio di¬
1143 1825 2048 1884 ligendus: vt pater extraneo ceteris paribus: et similia iudicia practi¬
1148 1874 2045 1929 ca: quibus iudicantur tales taliter: et propter talem finem: et cum aliis de¬
1143 1909 2037 1973 bitis circunstantiis esse diligendos. ⁋ Confirmatur. quoniam respe
1152 1959 2045 2013 ctu actus eliciti virtutis amicitie de qua agitur. 8. et 9. ethic.
1149 2004 2040 2051 vtique habetur notitia practica directiua illius. igitur illa est vere
1146 2048 2064 2108 praxis. ⁋ Contra hoc tamen multe videntur auctoritates. Et prima est
1146 2095 2063 2148 eustracii primo ethico. diffinientis praxim. dicens Praxis quam
1136 2135 2062 2185 consueuerunt transferre in actum est secundum electionem homnis ener¬
1144 2182 2062 2232 gia. id est operatio. Et philosophus. 6. ethicorum dicit. actus principium vnde mo¬
1140 2220 2034 2268 tus: sed non causa seu cuius gratia. ex hoc patet quod praxis et actus que
1146 2260 2040 2312 idem sunt sequuntur electionem tanquam causam: igitur praxis est oporitio
1143 2304 2033 2363 posterior electione et ab ipsa causata: talis autem est operatio infe
1144 2354 2033 2398 rioris potentie. ⁋ Quod confirmatur ex dictis eustracii: qui post
1155 2390 2036 2442 verba praeallegata paucis interpositis subdit. ⁋ Electio in¬
1149 2441 2030 2490 quit est duobus propositis iudicium homnis hoc alteri praeponens
1139 2478 2043 2526 sequitur autem post electionem motus et impetus ad actum. Deinde
1143 2523 2038 2574 sequitur vsus et sic cessat appetitus. motus autem ille et impetus ad
1137 2568 2039 2617 actum est motus inferioris potentie: ille autem est quem dicit oporitionem
1140 2610 2055 2662 esse: secundum electionem: et per consequens praxim. ⁋ 2o ad idem auctoritate
1137 2651 2054 2706 philosophi. 6. meta. vbi distinguens scientias actiuas et factivas a theo¬
1139 2696 2031 2745 ricis ponit. quod actiue sunt circa ea quorum principium est in agente
1145 2740 2037 2790 proheresis. id est electio. Item subdit immediate. Idem enim agibile et
1142 2786 2036 2834 eligibile. ergo secundum intentionem eius scientia practica est tantum respe
1143 2822 2025 2872 ctu eorum: quorum principium est electio: talia vero sunt tantum oporitiones
1140 2870 2039 2914 inferiorum potentiarum. igitur ille sole sunt praxes. ⁋ Ad ista omnia
1143 2910 2030 2954 dico primo quod non concludunt propositum Esto quod cuiuslibet praxis principium
1140 2952 2036 3012 esset electio: quia hoc non obstante adhuc tam in intellectu quam in volun
1134 2999 2036 3055 tate erit praxis. Nam electio potest esse principium et actus intellectus et
1144 3044 2039 3101 actus voluntatis. nam et de speculando aliquid vel non: et de odien¬
