2450 3535
357 211 1268 296 constat esse plures veritates non secundum se formaliter directi¬
357 282 1266 330 uas modo qui prius dictus est: vtputa hec sanitas est de¬
354 325 1272 380 bita regularitas humorum: tale medicamen est virtualiter ca¬
359 367 1269 420 lidum: aut talis vel talis virtutis. talis infirmitas est ex
363 406 1262 460 superabundantia humorum frigidorum: a quibus essentialiter alie
347 460 1273 511 formaliter directiue tanquam ex partialibus principiis dependent
353 498 1263 551 virtualiter continentur et in eis est ordo: et analogia: vt supe¬
365 544 1264 596 rius dictum est. Cum autem. p. dicit quod a sanitate in anima siue a
348 588 1260 635 tali notitia fit sanitas in materia. patet quod eam vocat factiuam
347 632 1259 685 et actiuam notitiam. igitur illa dicitur notitia practica. Sed
360 676 1262 727 constat quod non proprie quia alias sequeretur: quod illa pars medi¬
353 722 1257 769 cine que theorica dicitur: et condistinguitur contra eam que
350 764 1265 819 proprie dicitur practica: vere et proprie esset practica: quod est fal
351 803 1271 858 sum: vt antea habitum est. consequentia probatur. quoniam tales notitie: ad
353 850 1266 900 illam partem medicine theoricam pertinent que docet con¬
353 893 1254 947 positionem et complexionem membrorum: species et differentia egri¬
348 934 1266 992 tudinum et signa earum: virtutes: et qualitates ac proprieta¬
363 979 1266 1032 tes medicaminum siue naturalium rerum: que ad sanitatem ha¬
362 1027 1268 1078 bent essentialem analogiam. Largius vero a magis improprie
350 1071 1266 1123 diceretur noticia practica quelibet que tantum virtualiter et
348 1113 1259 1160 remote esset directiua: et tanto magis improprie quanto remo
347 1161 1257 1210 tius. hoc probatur primo per locum a maiori: quia si notitia virtua¬
341 1196 1264 1248 liter de proximo praxis directiua (de qua nunc dictum est)
354 1245 1265 1295 non est proprie practica: multo magis nec ista. Secudo quia si ta
359 1287 1259 1334 les proprie dicerentur practice oporteret concedere mathe¬
362 1330 1267 1384 maticas scientias: et physicas esse vere practicas: quod 6o meta.
356 1370 1262 1423 reprobatur. consequentia patet: quoniam per multas conclusiones geometricas iuuan
354 1415 1260 1462 tur et dirigunt mechanici in suis operibus: et multe tales
353 1459 1256 1508 sunt principia per que habetur noticia plurium conclusionem artium
357 1504 1265 1557 mechanicarum. Similiter est de conclusionibus arithmetricis pluri
357 1547 1271 1594 bus: respectu artium musicalium conclusionum. Sic etiam de plu¬
353 1590 1257 1637 ribus physicis respectu medicinalium et agricultiuarum et
363 1631 1272 1678 plurium aliarum. Nec dubium quod multe scientie et artes practice
347 1679 1275 1732 iuuentur: et isto modo virtualiter diriguntur per scientias speculati
360 1720 1266 1769 uas: et subalternantur eisdem. Ex his patet que noticia proprie pra
357 1765 1260 1810 ctica dicitur: quoniam noticia complexa secundum se praxis formaliter dire
357 1806 1268 1863 ctiua. omnis vero alia noticia dicenda est speculatiua. ⁋ Nunc
359 1851 1265 1897 restat videre de habitibus: quis ex eis proprie dicit practi¬
363 1892 1268 1943 cus et quis speculatiuus. hic dicitur ab aliquibus quod habitus
369 1937 1269 1984 practicus est ille qui est de obiecto virtualiter continente noticiam
360 1979 1269 2033 directiuam operationis voluntatis circa ipsum: ac etiam recti¬
354 2023 1262 2070 tudinem operationis predicte: que operatio secundum ipsum est vere et
362 2065 1269 2113 primo praxis. Ille vero habitus est speculatiuus: qui est de
356 2110 1271 2163 obiecto non virtualiter continente huiusmodi noticiam directiuam: et rectitudinem
359 2157 1271 2209 operationis voluntatis circa ipsum. ⁋ Contra istud primo: quia
347 2196 1265 2244 cum secundum ipsum deus sit tale obiectum vnde theologiam ideo ponit pra
347 2241 1277 2294 ctica) sequitur quod de deo non possit haberi talis habitus specu
357 2284 1259 2340 latiuus. hoc autem consequens quamuis concedat mihi tamen est certum quod
354 2327 1260 2380 p. videtur esse falsum: sic enim metaphyca de deo esset practica
357 2376 1271 2421 et non speculatiua: hoc etiam consequens ( vt apparet) videtur esse fal
354 2415 1265 2468 sum secundum hunc doctorem. Nam in soluendo quoddam argumentum in principio q.
366 2458 1266 2505 factum ad probandum theologiam non esse practicam. ex auctoritate
358 2503 1269 2555 Boetii assignatis tres partes scientie speculatiue: quarum vna
363 2548 1257 2600 est theologia: ait sic. dico quod Boetius intelligit per theolo¬
356 2595 1265 2643 giam metaphysicam: hic vt apparet non vult negare Boetium: sed
359 2640 1258 2691 exponere. quod concedens dictum Boetii: et secundum expositionem quam
353 2680 1259 2727 dat: quod si sic videtur hic concedere metaphycam esse speculatiuam
364 2721 1265 2774 quod si non concedat ex confessione sua: auctoritas tamen Boetii con
357 2766 1257 2819 tra eum est. ⁋ Praeterea quod hoc consequens sit falsum probo. nam cuiuscumque sciente
347 2810 1262 2859 practice actus proprius elicitus est noticia practica: patet quia
351 2852 1259 2897 ex actibus practicis generantur habitus practici et actus sequentes
362 2896 1251 2939 habitum: similes sunt praecedentibus: ex quibus est genitus: sed nullus act
365 2936 1260 2987 proprius metaphyce (et loquor de metaphysica que acquiritur ex stu¬
357 2985 1260 3037 dio libri metaphysice arith.) est noticia practica: quod patet: quia nul¬
359 3025 1265 3098 a conclusio talis est formaliter directiua praxis. igitur etc. ⁋ 2o si dictum
1332 207 2237 289 eius opinionis esset verum: sequeretur quod de nulla re mundi
1337 279 2223 325 posset haberi scientia speculatiua: consequens reputo sic absonum vt
1332 332 2232 379 nec curem probare: nec expedit: cum ipse aliquas scientias po
1320 369 2232 419 nat speculatiuas. Consequentia patet. quoniam nulla res est in mum¬
1326 410 2237 461 do que non sit bona: et per consequens que non contineat virtualiter
1326 453 2222 506 aliquam noticiam directiuam operationis voluntatis circa ipsam.
1317 499 2235 549 Confirmatur istud: quia etiam noticia que est simplex appre
1329 541 2238 596 hensio rei: est noticia secundum istum doc. taliter directiua vt. supra.
1324 580 2240 636 patet: quanto magis autem noticia complexa: qua cognosceretur rem
1317 628 2232 675 esse bonam: talem autem quaelibet res de se potest causare concurrenti¬
1320 675 2253 728 bus aliis partialibus causis. ⁋ Alia opinio dicit quod habitus
1321 718 2252 771 practicus est ille qui est actiuus et causatiuus eius de quo est. et ideo
1331 762 2253 804 practicus quia sit actiuus. Unde in hoc quod est actiuum et causa¬
1329 803 2253 851 tiuum non tantum directiuum consistit ratio habitus practici secundum
1317 843 2240 896 hanc opinionem: quod enim sit actiuus patet satis per philosophum qui scen
1328 896 2223 948 tias practicas vocat actiuas: et Commentator. vocat operatiuas 6o
1319 926 2238 982 meta. et in 7o dicit. p. quod a domo que est in anima fit domus in
1327 979 2241 1025 materia. Sed quod ista actiuitas non solum per modum dirigentis
1322 1023 2231 1077 intelligenda sit: sed vere per modum causantis et producentis. Pro¬
1317 1061 2238 1115 batur primo. quia illa est formalis ratio habitus practici qua dem¬
1331 1106 2235 1159 pta demitur esse practicum omni alia remanente: sed ratio acti¬
1325 1154 2240 1205 uitatis est huiusmodi: quod patet: quia si aliquis haberet perfecte scientiam naturalem
1323 1201 2234 1251 cognosceret perfecte de rosa omnes transmutationes ex qui¬
1323 1241 2241 1287 bus generatur: ita quod posset dirigere respectum productionis rose
1331 1278 2243 1339 quemcumque qui posset illam operari: et tamen certum est quod non habe¬
1317 1332 2228 1382 ret physicam practicam. pro eo quod rosam practicare et agere
1319 1375 2234 1425 non posset: quamuis vtique sciret et scientiam priorem et conformem ha
1323 1415 2241 1473 beret: econtra (vt ipse subdit) si habenti scientiam de generatione
1328 1458 2233 1507 rose deus communicaret potentiam exequendi: scientia illa statim
1332 1498 2253 1553 indueret habitus practici rationem. ⁋ 2o si ydee quae sunt in mente ar¬
1329 1542 2237 1600 tificis essent realiter subsistentes sicut posuit plato: haberent respe
1323 1589 2228 1641 ctum prioritatis et conformitatis ad res fiendas: quoniam artifex
1328 1632 2238 1683 faceret quicquid faceret aspiciendo ad eas: sed tales non essent
1319 1684 2239 1733 practice cum nihil operarentur: sed artifex faceret totum. ergo
1325 1722 2236 1771 respectus conformitatis non dat habitui quod sit practicus:
1335 1762 2253 1816 et respectus actiuitatis. ⁋ 3o moralis scientia existens in men
1326 1809 2235 1858 te nostra est eiusdem speciei cum morali existente in mente
1326 1852 2236 1899 angeli: cum sint de eodem obiecto: et in potentia eiusdem
1332 1894 2240 1941 rationis: ipsa vero vt existit in mente angeli eiusdem speciei etc.
1325 1939 2244 1988 non est practica. Quantumcumque sciat angelus: quid est castitas:
1326 1982 2235 2031 sicut et omnes virtutes morales: non tamen scientia de castitate est pra
1321 2028 2238 2074 ctica in eo: quemadmodum nec scientia generationis rose est pra
1323 2067 2243 2117 ctica in nobis. moralis vero in nostro intellectu est pra¬
1325 2111 2236 2158 ctica: sed iste due morales in nullo differunt nisi in accidente.
1322 2155 2242 2206 Scientia namque de castitate que est in nobis: habet rationem actiui:
1329 2199 2235 2254 quia possumus acquirere castitatem. in angelo vero non habent et
1320 2245 2228 2289 tamen alios duos respectus habet scilicet prioritatem et conformita
1322 2286 2228 2332 tem. igitur actiuitas dat habitui: vt practicus dici possit.
1330 2330 2234 2381 ⁋ Confirmatur: quia medicina est quedam physica: et tamen est
1332 2374 2229 2427 practica pro eo quod est actiua. Confirmatur etiam: quia si alchi¬
1328 2417 2231 2465 mia induceret veras formas: tunc physica que est de ge¬
1314 2462 2244 2511 nere auri et aliorum methallorum esset practica. Illa namque esset
1335 2509 2237 2549 vera alchimia per quam homo sciret inducere illas formas.
1329 2548 2234 2600 Apparet igitur inquit qualiter practica et speculatiua ratio
1329 2595 2229 2636 non competit habitui ex obiecto solo: sed ex obiecto relato
1322 2636 2229 2682 ad talem scientem: qui habet posse agere et fabricare obiectum
1329 2682 2253 2729 et ideo p. 6. meta. diffinit scientiam practicam que est illa: quae respicit
1328 2723 2240 2771 res quarum est principium in agente intellectus: aut ars aut aliqua virtus.
1326 2766 2243 2818 Et subdit. quod principium in artificialibus est voluntas: principiatum
1331 2810 2243 2855 autem seu artificiatum et volitum idem sunt. ⁋ Importat autem in¬
1337 2856 2238 2905 quit ista relatio ad agens per hoc nomen operabile. Et ideo
1329 2899 2231 2945 bene dicitur quod scientia practica est illa: que habet pro obiecto rem ope
1320 2939 2253 2988 rabilem a se: speculatiue vero obiectum non est operabile: sed specu
1322 2983 2252 3030 labile tantum: hec ipse. Dimisso eo quod opinio hec dicit con
1313 3024 2237 3103 tra aliam videlicet: quod habitus non est practicus propter il¬
