<?xml version="1.0" encoding="UTF-8" standalone="yes"?>
<PcGts xmlns="http://schema.primaresearch.org/PAGE/gts/pagecontent/2013-07-15" xmlns:xsi="http://www.w3.org/2001/XMLSchema-instance" xsi:schemaLocation="http://schema.primaresearch.org/PAGE/gts/pagecontent/2013-07-15 http://schema.primaresearch.org/PAGE/gts/pagecontent/2013-07-15/pagecontent.xsd">
    <Metadata>
        <Creator>prov=University of Rostock/Institute of Mathematics/CITlab|PLANET AI GmbH/Gundram Leifert/gundram.leifert@planet-ai.de:name=cod-ae1bsb-m3-withbase(htr_id=25848)::::v=2.6.6
prov=University of Rostock/Institute of Mathematics/CITlab|PLANET AI GmbH/Tobias Gruening/tobias.gruening@planet-ai.de:name=de.uros.citlab.module.baseline2polygon.B2PSeamMultiOriented:v=2.6.6
prov=University of Rostock/Institute of Mathematics/CITlab|PLANET AI GmbH/Tobias Gruening/tobias.gruening@planet-ai.de:name=/net_tf/LA73_249_0mod360.pb:de.uros.citlab.segmentation.CITlab_LA_ML:v=2.6.6
Transkribus</Creator>
        <Created>2020-07-19T01:37:02.295+02:00</Created>
        <LastChange>2020-08-29T01:34:48.172+02:00</LastChange>
        <TranskribusMetadata docId="436159" pageId="17676141" pageNr="43" tsid="38631105" status="IN_PROGRESS" userId="25065" imgUrl="https://files.transkribus.eu/Get?id=HWEIFPHMIOFNIWCMFTWXJQYH&amp;fileType=view" xmlUrl="https://files.transkribus.eu/Get?id=BAFCCTLCGTBJHCNZIOZKUDHJ" imageId="13347353"/>
    </Metadata>
    <Page imageFilename="42.jpg" imageWidth="2439" imageHeight="3522">
        <ReadingOrder>
            <OrderedGroup id="ro_1598728097488" caption="Regions reading order">
                <RegionRefIndexed index="0" regionRef="TextRegion_1596158653723_918"/>
                <RegionRefIndexed index="1" regionRef="TextRegion_1596158653723_917"/>
            </OrderedGroup>
        </ReadingOrder>
        <TextRegion orientation="0.0" id="TextRegion_1596158653723_918" custom="readingOrder {index:0;}">
            <Coords points="146,181 1149,181 1134,767 1075,3070 146,3070"/>
            <TextLine id="r3l5" custom="readingOrder {index:0;}">
                <Coords points="200,270 1109,291 1110,243 875,225 201,230"/>
                <Baseline points="206,258 250,260 295,260 340,261 385,262 430,263 475,264 519,264 564,266 609,267 654,267 699,269 744,270 789,271 833,272 878,273 923,275 968,276 1013,278 1058,281 1103,282"/>
                <TextEquiv>
                    <Unicode>scientie illud de quo aliquid scitu: siue illud quod scitur esse tale vel tale et</Unicode>
                </TextEquiv>
            </TextLine>
            <TextLine id="r3l7" custom="readingOrder {index:1;}">
                <Coords points="207,314 1071,336 1097,295 208,269"/>
                <Baseline points="213,302 256,303 300,303 344,305 388,305 432,306 476,308 520,308 564,309 608,311 652,311 695,312 739,313 783,315 827,315 871,317 915,318 959,320 1003,321 1047,323 1091,324"/>
                <TextEquiv>
                    <Unicode>illud est illud pro quo supponit subiectum scientifice conclusionis: et ma</Unicode>
                </TextEquiv>
            </TextLine>
            <TextLine id="r3l9" custom="readingOrder {index:2;}">
                <Coords points="204,364 1084,381 1101,341 205,314"/>
                <Baseline points="210,350 254,350 298,348 342,348 387,350 431,350 475,350 519,351 564,351 608,353 652,354 696,355 741,356 785,358 829,360 873,361 918,363 962,364 1006,365 1050,366 1095,368"/>
                <TextEquiv>
                    <Unicode>gis proprie vocatur subiectum scientie: et sic aliqui moderni tantum modo vo¬</Unicode>
                </TextEquiv>
            </TextLine>
            <TextLine id="r3l11" custom="readingOrder {index:3;}">
                <Coords points="205,395 1057,426 1109,417 1110,376 205,364"/>
                <Baseline points="210,389 254,390 299,390 343,392 388,392 433,393 477,395 522,395 567,396 611,398 656,399 701,399 745,401 790,402 835,404 879,405 924,405 969,407 1013,408 1058,410 1103,411"/>
                <TextEquiv>
                    <Unicode>cant et non obiectum. et sic etiam vsus sum pro maiori parte in quaestioni</Unicode>
                </TextEquiv>
            </TextLine>
            <TextLine id="r3l13" custom="readingOrder {index:4;}">
                <Coords points="204,444 1109,469 1110,425 205,395"/>
                <Baseline points="210,431 254,432 299,434 343,435 388,435 433,437 477,438 522,440 567,440 611,441 656,442 701,443 745,444 790,446 835,447 879,448 924,449 969,450 1013,452 1058,453 1103,456"/>
                <TextEquiv>
                    <Unicode>bus praecedentibus: quamuis aliquando me conformans in modo loquen¬</Unicode>
                </TextEquiv>
            </TextLine>
            <TextLine id="r3l15" custom="readingOrder {index:5;}">
                <Coords points="197,483 1097,507 1098,464 1007,457 198,443"/>
                <Baseline points="203,474 247,476 291,477 336,477 380,479 425,480 469,480 513,482 558,483 602,485 647,485 691,486 735,488 780,489 824,491 869,492 913,494 957,495 1002,495 1046,497 1091,498"/>
                <TextEquiv>
                    <Unicode>di opinionibus de quibus tractabam. etiam subiectum appellauerim ob</Unicode>
                </TextEquiv>
            </TextLine>
            <TextLine id="r3l17" custom="readingOrder {index:6;}">
                <Coords points="195,526 1074,558 1103,506 196,482"/>
                <Baseline points="201,518 245,519 290,521 335,522 380,522 425,524 469,525 514,526 559,527 604,528 649,529 693,530 738,531 783,533 828,534 873,534 917,536 962,537 1007,539 1052,540 1097,542"/>
                <TextEquiv>
                    <Unicode>iectum. In praesenti autem articulo ad vitandum ambiguitatem signi¬</Unicode>
                </TextEquiv>
            </TextLine>
            <TextLine id="r3l19" custom="readingOrder {index:7;}">
                <Coords points="201,566 1106,596 1098,548 203,523"/>
                <Baseline points="207,563 251,564 296,564 340,566 385,566 430,567 474,569 519,569 564,570 608,572 653,573 698,574 742,575 787,576 832,578 876,579 921,579 966,581 1010,582 1055,584 1100,585"/>
                <TextEquiv>
                    <Unicode>ficationis vtar distincte nominibus obiecti et subiecti. iuxta sensum</Unicode>
                </TextEquiv>
            </TextLine>
            <TextLine id="r3l21" custom="readingOrder {index:8;}">
                <Coords points="198,621 1105,635 1106,596 1079,591 200,569"/>
                <Baseline points="204,606 248,606 293,608 338,609 383,609 428,611 472,612 517,612 562,614 607,615 652,617 696,618 741,620 786,621 831,622 876,623 920,624 965,625 1010,626 1055,627 1100,627"/>
                <TextEquiv>
                    <Unicode>praemissum. Pono igitur (quantum ad artium istum) conclusiones tres. Prima</Unicode>
                </TextEquiv>
            </TextLine>
            <TextLine id="r3l23" custom="readingOrder {index:9;}">
                <Coords points="198,666 1109,684 1110,644 199,621"/>
                <Baseline points="204,651 251,651 298,651 345,653 393,653 440,654 487,655 535,656 582,657 629,659 677,660 724,662 771,663 819,665 866,666 913,666 961,668 1008,669 1055,671 1103,672"/>
                <TextEquiv>
                    <Unicode>quod non quilibet habitus practicus a quolibet speculatiuo distin</Unicode>
                </TextEquiv>
            </TextLine>
            <TextLine id="r3l25" custom="readingOrder {index:10;}">
                <Coords points="185,705 1094,721 1094,674 186,664"/>
                <Baseline points="191,696 235,695 280,695 325,696 370,696 415,697 460,698 504,699 549,701 594,702 639,702 684,704 729,705 774,707 818,708 863,710 908,711 953,711 998,713 1043,713 1088,714"/>
                <TextEquiv>
                    <Unicode>guitur subiecto. Secunda. quilibet practicus a quolibet speculatiuo di¬</Unicode>
                </TextEquiv>
            </TextLine>
            <TextLine id="r3l27" custom="readingOrder {index:11;}">
                <Coords points="183,740 1061,771 1094,766 1095,720 183,705"/>
                <Baseline points="188,735 233,736 278,737 323,740 368,740 413,741 458,743 503,744 548,744 593,746 638,747 683,749 728,749 773,750 818,752 863,753 908,754 953,755 998,756 1043,758 1088,758"/>
                <TextEquiv>
                    <Unicode>stinguitur obiecto. Tertia quod quilibet practicus proprio fine a quali¬</Unicode>
                </TextEquiv>
            </TextLine>
            <TextLine id="r3l29" custom="readingOrder {index:12;}">
                <Coords points="192,787 1102,808 1103,764 193,743"/>
                <Baseline points="198,779 245,780 292,782 339,782 387,783 434,785 481,786 529,788 576,788 623,791 671,791 718,792 765,794 813,795 860,797 907,797 955,798 1002,800 1049,800 1097,801"/>
                <TextEquiv>
                    <Unicode>bet speculatiuo distinguitur. Et loquor hoc de habitu practi</Unicode>
                </TextEquiv>
            </TextLine>
            <TextLine id="r3l31" custom="readingOrder {index:13;}">
                <Coords points="189,828 1103,855 1104,808 190,793"/>
                <Baseline points="195,824 240,824 285,825 330,827 375,827 420,828 465,829 510,830 555,831 600,832 646,834 691,834 736,836 781,837 826,839 871,839 916,840 961,842 1006,843 1051,845 1097,846"/>
                <TextEquiv>
                    <Unicode>co: et similiter speculatiuo vno non comphendenti plures par</Unicode>
                </TextEquiv>
            </TextLine>
            <TextLine id="r3l33" custom="readingOrder {index:14;}">
                <Coords points="186,871 1096,896 1079,850 187,833"/>
                <Baseline points="192,866 239,867 286,869 333,870 381,872 428,873 475,874 523,875 570,876 617,878 665,878 712,879 759,880 807,881 854,882 901,882 949,884 996,885 1043,885 1091,887"/>
                <TextEquiv>
                    <Unicode>tiales. Ex qubus statim patere potest. quid sit dicendum de habiti¬</Unicode>
                </TextEquiv>
            </TextLine>
            <TextLine id="r3l35" custom="readingOrder {index:15;}">
                <Coords points="189,914 1085,943 1086,897 1039,892 190,873"/>
                <Baseline points="194,909 238,911 282,911 326,914 371,915 415,915 459,917 503,918 548,920 592,920 636,921 680,923 725,923 769,924 813,926 857,926 902,927 946,929 990,929 1034,930 1079,932"/>
                <TextEquiv>
                    <Unicode>bus totalibus plures partiales comprehendentibus. ⁋ Primam</Unicode>
                </TextEquiv>
            </TextLine>
            <TextLine id="r3l37" custom="readingOrder {index:16;}">
                <Coords points="181,971 1024,987 1086,980 1087,943 182,916"/>
                <Baseline points="188,951 232,954 277,955 321,957 366,958 411,959 455,960 500,962 544,962 589,963 634,965 678,965 723,965 767,966 812,968 857,968 901,969 946,971 990,971 1035,972 1080,974"/>
                <TextEquiv>
                    <Unicode>conclusionem probo sic. contingit eiusdem subiecti esse noticiam practi</Unicode>
                </TextEquiv>
            </TextLine>
            <TextLine id="r3l39" custom="readingOrder {index:17;}">
                <Coords points="184,1003 1052,1034 1090,1031 1091,980 184,970"/>
                <Baseline points="189,996 233,998 278,1000 323,1001 368,1002 413,1003 457,1004 502,1005 547,1007 592,1007 637,1008 681,1008 726,1010 771,1010 816,1011 861,1012 905,1013 950,1014 995,1016 1040,1016 1085,1017"/>
                <TextEquiv>
                    <Unicode>causa et speculatiuam. igitur et habitum practicum et habitum specula¬</Unicode>
                </TextEquiv>
            </TextLine>
            <TextLine id="r3l41" custom="readingOrder {index:18;}">
                <Coords points="180,1047 1085,1068 1072,1024 181,1007"/>
                <Baseline points="186,1040 230,1041 275,1043 319,1044 364,1046 409,1047 453,1048 498,1049 543,1050 587,1050 632,1052 677,1052 721,1053 766,1053 811,1055 855,1056 900,1056 945,1058 989,1059 1034,1061 1079,1064"/>
                <TextEquiv>
                    <Unicode>tiuum: et per consequens non quilibet habitus practicus a quolibet specu</Unicode>
                </TextEquiv>
            </TextLine>
            <TextLine id="r3l43" custom="readingOrder {index:19;}">
                <Coords points="173,1095 1066,1118 1091,1067 174,1047"/>
                <Baseline points="179,1083 224,1084 269,1086 314,1088 360,1089 405,1089 450,1091 496,1092 541,1094 586,1094 632,1095 677,1097 722,1097 767,1098 813,1099 858,1100 903,1101 949,1102 994,1103 1039,1104 1085,1104"/>
                <TextEquiv>
                    <Unicode>latiuo distinguitur subiecto. Consequentia prima patet: quia ex noti¬</Unicode>
                </TextEquiv>
            </TextLine>
            <TextLine id="r3l45" custom="readingOrder {index:20;}">
                <Coords points="172,1133 1040,1162 1091,1157 1092,1119 172,1094"/>
                <Baseline points="177,1127 222,1128 267,1130 313,1131 358,1133 404,1134 449,1135 495,1136 540,1137 586,1137 631,1139 676,1139 722,1140 767,1141 813,1142 858,1142 904,1143 949,1143 995,1145 1040,1146 1086,1148"/>
                <TextEquiv>
                    <Unicode>tiis speculatiuis habitus speculatiuus: et ex practicis ha¬</Unicode>
                </TextEquiv>
            </TextLine>
            <TextLine id="r3l47" custom="readingOrder {index:21;}">
                <Coords points="167,1174 1024,1208 1082,1195 1083,1155 168,1131"/>
                <Baseline points="173,1170 218,1172 263,1173 308,1175 353,1176 398,1178 443,1178 489,1179 534,1181 579,1181 624,1182 669,1183 714,1184 759,1184 805,1185 850,1185 895,1187 940,1187 985,1188 1030,1188 1076,1190"/>
                <TextEquiv>
                    <Unicode>bitus practicus generatur. Secunda etiam consequentia patet: quia habitus quo¬</Unicode>
                </TextEquiv>
            </TextLine>
            <TextLine id="r3l49" custom="readingOrder {index:22;}">
                <Coords points="168,1223 1091,1247 1083,1195 169,1178"/>
                <Baseline points="174,1214 219,1215 265,1217 310,1218 356,1220 401,1221 447,1222 492,1223 538,1224 583,1224 629,1226 675,1226 720,1227 766,1227 811,1227 857,1229 902,1229 948,1230 993,1231 1039,1232 1085,1233"/>
                <TextEquiv>
                    <Unicode>rum est idem subiectum non distinguuntur subiectis. Antecedens patet. nam verbi</Unicode>
                </TextEquiv>
            </TextLine>
            <TextLine id="r3l52" custom="readingOrder {index:23;}">
                <Coords points="168,1272 1089,1287 1089,1247 1027,1237 169,1232"/>
                <Baseline points="174,1260 219,1262 264,1262 310,1263 355,1264 401,1265 446,1265 492,1266 537,1266 583,1268 628,1269 673,1269 719,1271 764,1271 810,1272 855,1272 901,1274 946,1274 992,1275 1037,1275 1083,1277"/>
                <TextEquiv>
                    <Unicode>gratia. de ira potest quis nosse quod est quedam qualitas: et passio anime:</Unicode>
                </TextEquiv>
            </TextLine>
            <TextLine id="r3l55" custom="readingOrder {index:24;}">
                <Coords points="181,1307 996,1335 1085,1324 1086,1294 181,1272"/>
                <Baseline points="186,1301 230,1302 275,1304 319,1305 364,1307 409,1307 453,1308 498,1310 543,1310 587,1311 632,1311 677,1313 721,1313 766,1314 811,1314 855,1316 900,1316 945,1317 989,1319 1034,1320 1079,1322"/>
                <TextEquiv>
                    <Unicode>et quod est ebulitio sanguis circa cor. et alias noticias specu¬</Unicode>
                </TextEquiv>
            </TextLine>
            <TextLine id="r3l57" custom="readingOrder {index:25;}">
                <Coords points="171,1357 1073,1379 1058,1325 172,1308"/>
                <Baseline points="177,1343 221,1345 266,1347 310,1349 355,1350 399,1351 444,1352 488,1353 533,1354 577,1355 622,1356 666,1356 711,1358 755,1358 800,1359 844,1359 889,1359 933,1361 978,1362 1022,1362 1067,1364"/>
                <TextEquiv>
                    <Unicode>latiuas habere de ipsa: potest etiam scire pro qua causa qualiter et quando</Unicode>
                </TextEquiv>
            </TextLine>
            <TextLine id="r3l59" custom="readingOrder {index:26;}">
                <Coords points="177,1394 1080,1417 1081,1376 1028,1366 178,1358"/>
                <Baseline points="183,1388 227,1389 272,1390 316,1391 361,1392 405,1394 450,1395 494,1395 539,1397 583,1397 628,1398 673,1400 717,1400 762,1401 806,1401 851,1403 895,1403 940,1404 984,1404 1029,1406 1074,1406"/>
                <TextEquiv>
                    <Unicode>elicienda est que sunt noticie practice. Similiter potest sciri de</Unicode>
                </TextEquiv>
            </TextLine>
            <TextLine id="r3l62" custom="readingOrder {index:27;}">
                <Coords points="165,1436 1045,1467 1082,1423 166,1401"/>
                <Baseline points="171,1430 216,1431 261,1433 306,1434 352,1436 397,1437 442,1439 487,1440 533,1442 578,1442 623,1443 668,1443 714,1445 759,1445 804,1446 849,1446 895,1448 940,1448 985,1448 1030,1448 1076,1448"/>
                <TextEquiv>
                    <Unicode>aliqua specie febrium. quod est talis proprietatis: et quod ex tali pro¬</Unicode>
                </TextEquiv>
            </TextLine>
            <TextLine id="r3l64" custom="readingOrder {index:28;}">
                <Coords points="162,1479 949,1507 1064,1500 1065,1465 163,1436"/>
                <Baseline points="168,1475 212,1476 257,1476 301,1478 346,1479 390,1479 435,1481 479,1482 524,1482 568,1484 613,1485 658,1485 702,1487 747,1488 791,1488 836,1490 880,1490 925,1491 969,1491 1014,1493 1059,1493"/>
                <TextEquiv>
                    <Unicode>uenit causa: que sunt noticie speculatiue: pertinentes ad me</Unicode>
                </TextEquiv>
            </TextLine>
            <TextLine id="r3l67" custom="readingOrder {index:29;}">
                <Coords points="162,1527 955,1552 1067,1543 1068,1503 163,1484"/>
                <Baseline points="168,1517 212,1519 257,1520 301,1521 346,1523 391,1524 435,1525 480,1526 525,1527 569,1529 614,1529 659,1530 703,1530 748,1532 793,1532 837,1533 882,1533 927,1535 971,1535 1016,1536 1061,1538"/>
                <TextEquiv>
                    <Unicode>dicinam theoricam: et potest sciri quod talibus est: et talibus curanda</Unicode>
                </TextEquiv>
            </TextLine>
            <TextLine id="r3l69" custom="readingOrder {index:30;}">
                <Coords points="150,1565 997,1597 1067,1591 1068,1543 150,1535"/>
                <Baseline points="155,1560 200,1561 245,1563 290,1565 336,1566 381,1567 426,1568 472,1569 517,1571 562,1571 608,1572 653,1572 698,1574 743,1574 789,1575 834,1575 879,1577 925,1578 970,1579 1015,1580 1061,1581"/>
                <TextEquiv>
                    <Unicode>medicaminibus: et tali talique modo: que sunt noticie practi¬</Unicode>
                </TextEquiv>
            </TextLine>
            <TextLine id="r3l72" custom="readingOrder {index:31;}">
                <Coords points="158,1610 1058,1630 1051,1591 159,1576"/>
                <Baseline points="164,1605 208,1607 252,1608 297,1609 341,1610 386,1611 430,1612 474,1613 519,1614 563,1615 608,1616 652,1617 696,1617 741,1619 785,1619 830,1620 874,1620 918,1622 963,1622 1007,1623 1052,1623"/>
                <TextEquiv>
                    <Unicode>ce. Similiter de plantis et arboribus possunt sciri proprietates na</Unicode>
                </TextEquiv>
            </TextLine>
            <TextLine id="r3l74" custom="readingOrder {index:32;}">
                <Coords points="152,1655 989,1682 1062,1674 1063,1628 152,1617"/>
                <Baseline points="158,1647 202,1650 247,1651 292,1652 337,1653 382,1655 427,1656 472,1658 517,1658 562,1659 607,1659 651,1661 696,1661 741,1662 786,1662 831,1662 876,1664 921,1664 966,1665 1011,1665 1056,1667"/>
                <TextEquiv>
                    <Unicode>turales et passiones que noticie sunt speculatiue et ad scien</Unicode>
                </TextEquiv>
            </TextLine>
            <TextLine id="r3l76" custom="readingOrder {index:33;}">
                <Coords points="146,1697 1001,1722 1060,1712 1061,1676 147,1661"/>
                <Baseline points="152,1692 197,1694 242,1695 287,1696 332,1697 377,1698 422,1700 468,1700 513,1701 558,1703 603,1703 648,1704 693,1704 738,1706 784,1706 829,1706 874,1707 919,1707 964,1707 1009,1707 1055,1707"/>
                <TextEquiv>
                    <Unicode>tias speculatiuas pertinentes. Et potest sciri qualiter sunt putam</Unicode>
                </TextEquiv>
            </TextLine>
            <TextLine id="r3l78" custom="readingOrder {index:34;}">
                <Coords points="152,1743 1024,1763 1069,1755 1070,1715 153,1703"/>
                <Baseline points="158,1734 203,1736 248,1739 293,1740 339,1742 384,1743 429,1743 475,1744 520,1745 565,1745 611,1746 656,1746 701,1746 746,1746 792,1746 837,1746 882,1748 928,1748 973,1748 1018,1748 1064,1749"/>
                <TextEquiv>
                    <Unicode>de vel inserende: plantande nutriende et colende: que noti¬</Unicode>
                </TextEquiv>
            </TextLine>
            <TextLine id="r3l80" custom="readingOrder {index:35;}">
                <Coords points="147,1791 1036,1806 1067,1799 1068,1756 147,1754"/>
                <Baseline points="153,1778 198,1779 243,1781 289,1782 334,1784 380,1784 425,1785 471,1785 516,1786 562,1787 607,1787 652,1787 698,1787 743,1788 789,1788 834,1788 880,1790 925,1790 971,1790 1016,1791 1062,1793"/>
                <TextEquiv>
                    <Unicode>cie sunt practice ad agriculturam: vel si melius alio nomi</Unicode>
                </TextEquiv>
            </TextLine>
            <TextLine id="r3l82" custom="readingOrder {index:36;}">
                <Coords points="160,1824 1068,1842 1068,1799 160,1785"/>
                <Baseline points="165,1820 209,1821 254,1823 299,1823 344,1824 389,1826 434,1826 478,1827 523,1829 568,1829 613,1830 658,1830 703,1832 748,1832 792,1832 837,1833 882,1833 927,1833 972,1835 1017,1835 1062,1835"/>
                <TextEquiv>
                    <Unicode>ne nuncupetur: ad scientiam tamen practicam pertinentes. ⁋ Secundam</Unicode>
                </TextEquiv>
            </TextLine>
            <TextLine id="r3l84" custom="readingOrder {index:37;}">
                <Coords points="158,1880 1021,1894 1069,1890 1070,1843 159,1825"/>
                <Baseline points="164,1862 209,1863 254,1865 299,1866 344,1868 389,1869 434,1869 479,1871 524,1871 569,1872 614,1872 659,1872 704,1874 749,1874 794,1874 839,1874 884,1875 929,1875 974,1875 1019,1877 1064,1877"/>
                <TextEquiv>
                    <Unicode>conclusionem probo. Impossibile est eandem conclusionem vel noticiam esse pra¬</Unicode>
                </TextEquiv>
            </TextLine>
            <TextLine id="r3l86" custom="readingOrder {index:38;}">
                <Coords points="147,1923 1024,1936 1066,1927 1067,1890 147,1884"/>
                <Baseline points="153,1910 198,1910 243,1910 289,1911 334,1911 380,1911 425,1913 470,1913 516,1913 561,1914 607,1914 652,1916 697,1916 743,1916 788,1917 834,1917 879,1917 924,1919 970,1919 1015,1919 1061,1920"/>
                <TextEquiv>
                    <Unicode>cticam et speculatiuam. ergo impossibile est de eodem obiecto esse scientiam pra¬</Unicode>
                </TextEquiv>
            </TextLine>
            <TextLine id="r3l88" custom="readingOrder {index:39;}">
                <Coords points="162,1957 997,1979 1061,1972 1062,1931 163,1918"/>
                <Baseline points="168,1952 212,1952 256,1952 301,1953 345,1953 390,1955 434,1955 478,1955 523,1956 567,1956 612,1958 656,1958 700,1959 745,1959 789,1961 834,1961 878,1962 922,1962 967,1962 1011,1964 1056,1964"/>
                <TextEquiv>
                    <Unicode>cticam et speculatiuam: et per consequens quaelibet practica a qualibet specu</Unicode>
                </TextEquiv>
            </TextLine>
            <TextLine id="r3l90" custom="readingOrder {index:40;}">
                <Coords points="153,2000 875,2024 1058,2015 1059,1970 153,1957"/>
                <Baseline points="159,1994 203,1994 248,1995 293,1996 337,1997 382,1998 427,1998 471,2000 516,2000 561,2001 606,2001 650,2001 695,2003 740,2003 784,2004 829,2004 874,2004 918,2004 963,2006 1008,2006 1053,2006"/>
                <TextEquiv>
                    <Unicode>latiua distinguitur obiecto. Antecedens probatur ex eo quod impossibile est</Unicode>
                </TextEquiv>
            </TextLine>
            <TextLine id="r3l92" custom="readingOrder {index:41;}">
                <Coords points="153,2046 1068,2069 1067,2014 153,2009"/>
                <Baseline points="159,2037 204,2039 249,2039 294,2040 339,2040 384,2042 429,2042 475,2043 520,2043 565,2045 610,2045 655,2046 700,2046 745,2046 791,2048 836,2048 881,2049 926,2049 971,2049 1016,2049 1062,2049"/>
                <TextEquiv>
                    <Unicode>eandem noticiam esse formaliter directiuam praxis: et non esse for</Unicode>
                </TextEquiv>
            </TextLine>
            <TextLine id="r3l94" custom="readingOrder {index:42;}">
                <Coords points="153,2086 1020,2108 1059,2104 1060,2063 154,2045"/>
                <Baseline points="159,2081 203,2082 248,2084 293,2084 337,2085 382,2085 427,2086 471,2087 516,2087 561,2088 606,2088 650,2089 695,2090 740,2090 784,2090 829,2091 874,2091 918,2091 963,2093 1008,2093 1053,2093"/>
                <TextEquiv>
                    <Unicode>maliter directiuam praxis. Consequentia patet: quoniam cuiuslibet ha¬</Unicode>
                </TextEquiv>
            </TextLine>
            <TextLine id="r3l96" custom="readingOrder {index:43;}">
                <Coords points="143,2135 991,2150 1052,2145 1053,2101 144,2087"/>
                <Baseline points="149,2124 193,2125 238,2126 283,2127 328,2128 373,2129 418,2129 463,2130 508,2130 553,2132 598,2132 642,2132 687,2133 732,2133 777,2134 822,2135 867,2135 912,2136 957,2136 1002,2136 1047,2138"/>
                <TextEquiv>
                    <Unicode>bitus practici conclusio est practica et cuiuslibet speculatiui conclusio est</Unicode>
                </TextEquiv>
            </TextLine>
            <TextLine id="r3l98" custom="readingOrder {index:44;}">
                <Coords points="150,2177 1055,2193 1044,2143 151,2132"/>
                <Baseline points="156,2169 200,2169 245,2171 289,2171 334,2171 379,2172 423,2172 468,2172 513,2174 557,2174 602,2175 647,2175 691,2177 736,2177 781,2177 825,2178 870,2178 915,2180 959,2180 1004,2180 1049,2181"/>
                <TextEquiv>
                    <Unicode>speculatiua: nullius autem speculatiue totale significatum est</Unicode>
                </TextEquiv>
            </TextLine>
            <TextLine id="r3l100" custom="readingOrder {index:45;}">
                <Coords points="157,2216 1039,2240 1047,2195 157,2178"/>
                <Baseline points="162,2213 205,2213 249,2214 293,2214 337,2214 381,2216 425,2216 469,2217 513,2217 557,2219 601,2219 644,2219 688,2220 732,2220 776,2220 820,2222 864,2222 908,2222 952,2222 996,2223 1040,2223"/>
                <TextEquiv>
                    <Unicode>totale significatum practice. Nam impossibile est idem ade</Unicode>
                </TextEquiv>
            </TextLine>
            <TextLine id="r3l102" custom="readingOrder {index:46;}">
                <Coords points="153,2265 1053,2272 1053,2231 153,2225"/>
                <Baseline points="159,2255 203,2256 247,2258 292,2259 336,2259 381,2261 425,2261 469,2262 514,2262 558,2262 603,2262 647,2263 691,2264 736,2264 780,2264 825,2264 869,2265 913,2265 958,2266 1002,2267 1047,2267"/>
                <TextEquiv>
                    <Unicode>quate significari per propositionem non formaliter directiuam</Unicode>
                </TextEquiv>
            </TextLine>
            <TextLine id="r3l104" custom="readingOrder {index:47;}">
                <Coords points="156,2303 1042,2332 1043,2287 1007,2273 157,2270"/>
                <Baseline points="162,2300 205,2300 249,2301 293,2301 337,2303 380,2303 424,2304 468,2304 512,2304 555,2306 599,2306 643,2306 687,2307 730,2307 774,2309 818,2309 862,2310 905,2310 949,2312 993,2312 1037,2313"/>
                <TextEquiv>
                    <Unicode>praxis et directiuam praxis: vt de se notum est. ⁋ Tertia</Unicode>
                </TextEquiv>
            </TextLine>
            <TextLine id="r3l107" custom="readingOrder {index:48;}">
                <Coords points="152,2351 1045,2369 1046,2331 153,2313"/>
                <Baseline points="158,2343 202,2343 246,2345 290,2346 334,2346 378,2346 422,2348 466,2348 510,2348 554,2348 599,2349 643,2349 687,2349 731,2351 775,2351 819,2351 863,2352 907,2352 951,2354 995,2354 1040,2355"/>
                <TextEquiv>
                    <Unicode>est. quod quilibet habitus practicus a quolibet speculatiuo pro</Unicode>
                </TextEquiv>
            </TextLine>
            <TextLine id="r3l109" custom="readingOrder {index:49;}">
                <Coords points="147,2403 1056,2409 1056,2363 148,2350"/>
                <Baseline points="153,2387 197,2388 242,2388 287,2390 332,2390 377,2391 422,2391 466,2391 511,2393 556,2393 601,2393 646,2393 691,2394 736,2394 780,2394 825,2394 870,2395 915,2396 960,2396 1005,2397 1050,2397"/>
                <TextEquiv>
                    <Unicode>prio fine distinguitur. probatur: quia nullius habitus speculatiui</Unicode>
                </TextEquiv>
            </TextLine>
            <TextLine id="r3l111" custom="readingOrder {index:50;}">
                <Coords points="140,2445 1039,2455 1047,2412 141,2405"/>
                <Baseline points="146,2430 190,2430 235,2432 280,2432 325,2433 369,2433 414,2434 459,2435 504,2435 548,2436 593,2436 638,2436 683,2438 727,2438 772,2438 817,2439 862,2439 906,2439 951,2439 996,2439 1041,2439"/>
                <TextEquiv>
                    <Unicode>est aliquis actus alius a scire proprio elicito finis: cuiuslibet</Unicode>
                </TextEquiv>
            </TextLine>
            <TextLine id="r3l115" custom="readingOrder {index:51;}">
                <Coords points="147,2481 945,2500 1052,2494 1053,2454 147,2445"/>
                <Baseline points="153,2474 197,2474 242,2475 287,2476 331,2477 376,2477 421,2478 465,2478 510,2479 555,2480 600,2480 644,2480 689,2481 734,2481 778,2481 823,2483 868,2483 912,2483 957,2483 1002,2484 1047,2484"/>
                <TextEquiv>
                    <Unicode>autem habitus practici alius actus a scire proprio est finis. er</Unicode>
                </TextEquiv>
            </TextLine>
            <TextLine id="r3l117" custom="readingOrder {index:52;}">
                <Coords points="147,2534 1024,2539 1041,2495 148,2488"/>
                <Baseline points="153,2520 197,2520 241,2520 285,2520 329,2520 373,2521 417,2522 461,2522 505,2522 549,2523 594,2523 638,2523 682,2525 726,2525 770,2525 814,2526 858,2526 902,2526 946,2527 990,2528 1035,2528"/>
                <TextEquiv>
                    <Unicode>go quilibet habitus practicus a quolibet speculatiuo fine distin</Unicode>
                </TextEquiv>
            </TextLine>
            <TextLine id="r3l120" custom="readingOrder {index:53;}">
                <Coords points="150,2573 1048,2585 1049,2543 151,2533"/>
                <Baseline points="156,2564 200,2564 244,2564 289,2564 333,2564 377,2565 422,2565 466,2565 510,2567 555,2567 599,2567 643,2568 688,2568 732,2569 776,2570 821,2570 865,2570 909,2571 954,2571 998,2571 1043,2571"/>
                <TextEquiv>
                    <Unicode>guitur. ⁋ Antecedens quo ad primam partem patet: quia nullus actus est proprius</Unicode>
                </TextEquiv>
            </TextLine>
            <TextLine id="r3l122" custom="readingOrder {index:54;}">
                <Coords points="146,2614 1044,2621 1044,2585 1011,2577 146,2573"/>
                <Baseline points="152,2604 196,2606 240,2606 284,2607 329,2607 373,2609 417,2609 462,2609 506,2610 550,2610 595,2612 639,2612 683,2612 727,2612 772,2613 816,2613 860,2613 905,2613 949,2613 993,2613 1038,2613"/>
                <TextEquiv>
                    <Unicode>finis habitus nisi vel ab ipso elicitus vel ab eo mediante</Unicode>
                </TextEquiv>
            </TextLine>
            <TextLine id="r3l124" custom="readingOrder {index:55;}">
                <Coords points="152,2660 999,2675 1049,2666 1050,2622 152,2619"/>
                <Baseline points="158,2651 202,2651 246,2651 290,2651 335,2651 379,2652 423,2652 468,2652 512,2654 556,2654 601,2654 645,2655 689,2655 733,2655 778,2656 822,2657 866,2657 911,2657 955,2657 999,2657 1044,2657"/>
                <TextEquiv>
                    <Unicode>actu elicito directus. Et loquor de fine competente habi¬</Unicode>
                </TextEquiv>
            </TextLine>
            <TextLine id="r3l126" custom="readingOrder {index:56;}">
                <Coords points="156,2702 1037,2713 1038,2665 156,2660"/>
                <Baseline points="161,2696 204,2696 248,2696 291,2697 335,2697 378,2697 422,2697 465,2697 509,2697 552,2697 596,2697 640,2697 683,2697 727,2699 770,2699 814,2699 857,2699 901,2699 944,2700 988,2700 1032,2702"/>
                <TextEquiv>
                    <Unicode>tui ex propria nam: non ex voluntate habentis habitum: quamuis enim</Unicode>
                </TextEquiv>
            </TextLine>
            <TextLine id="r3l128" custom="readingOrder {index:57;}">
                <Coords points="159,2750 1023,2756 1037,2712 160,2707"/>
                <Baseline points="165,2739 208,2739 251,2739 294,2739 338,2739 381,2739 424,2739 468,2740 511,2741 554,2741 598,2741 641,2742 684,2742 727,2742 771,2743 814,2744 857,2744 901,2744 944,2744 987,2745 1031,2745"/>
                <TextEquiv>
                    <Unicode>quis possit adiscere geometriam vt eam doceat: et docendo lu</Unicode>
                </TextEquiv>
            </TextLine>
            <TextLine id="r3l130" custom="readingOrder {index:58;}">
                <Coords points="152,2780 1047,2799 1047,2752 152,2751"/>
                <Baseline points="158,2780 202,2781 246,2781 290,2783 334,2783 378,2783 422,2784 467,2784 511,2784 555,2784 599,2784 643,2784 687,2786 731,2786 776,2786 820,2786 864,2787 908,2787 952,2787 996,2789 1041,2789"/>
                <TextEquiv>
                    <Unicode>cretur: nec docere nec lucrari finis est competens geomediae ex</Unicode>
                </TextEquiv>
            </TextLine>
            <TextLine id="r3l132" custom="readingOrder {index:59;}">
                <Coords points="149,2835 1030,2842 1031,2799 149,2788"/>
                <Baseline points="155,2826 198,2826 242,2826 285,2826 329,2826 372,2826 416,2828 459,2828 503,2828 546,2828 590,2828 633,2829 677,2829 720,2829 764,2829 807,2831 851,2831 894,2831 938,2831 981,2832 1025,2832"/>
                <TextEquiv>
                    <Unicode>propria nam: cum nec ipsa doceat docere vel lucrari: nec al</Unicode>
                </TextEquiv>
            </TextLine>
            <TextLine id="r3l134" custom="readingOrder {index:60;}">
                <Coords points="158,2870 1034,2887 1035,2842 1010,2838 159,2834"/>
                <Baseline points="164,2865 207,2867 250,2867 293,2868 337,2869 380,2870 423,2870 466,2871 510,2871 553,2871 596,2871 639,2873 683,2873 726,2873 769,2873 812,2873 856,2874 899,2874 942,2874 985,2874 1029,2874"/>
                <TextEquiv>
                    <Unicode>ter eorum sit actus immediate ab ea elicitus) habitus aute</Unicode>
                </TextEquiv>
            </TextLine>
            <TextLine id="r3l137" custom="readingOrder {index:61;}">
                <Coords points="147,2917 1017,2933 1044,2891 147,2872"/>
                <Baseline points="153,2910 197,2910 241,2912 285,2912 329,2913 374,2913 418,2913 462,2915 506,2915 550,2915 595,2915 639,2915 683,2916 727,2916 771,2916 816,2916 860,2916 904,2916 948,2918 992,2918 1037,2919"/>
                <TextEquiv>
                    <Unicode>speculatiui nullus est actus directus: cum eius actus elicitus</Unicode>
                </TextEquiv>
            </TextLine>
            <TextLine id="r3l139" custom="readingOrder {index:62;}">
                <Coords points="153,2960 1047,2971 1035,2925 153,2922"/>
                <Baseline points="158,2952 202,2953 246,2955 290,2955 334,2957 378,2957 422,2958 467,2958 511,2959 555,2960 599,2960 643,2960 687,2960 731,2960 776,2960 820,2961 864,2961 908,2961 952,2961 996,2963 1041,2963"/>
                <TextEquiv>
                    <Unicode>non sit directiuus: vt. supra patet. ⁋ Secunda pars antecedents est clara: quia</Unicode>
                </TextEquiv>
            </TextLine>
            <TextLine id="r3l142" custom="readingOrder {index:63;}">
                <Coords points="157,3005 1030,3023 1031,2977 157,2961"/>
                <Baseline points="162,2996 205,2997 248,2998 291,2999 334,3000 377,3000 420,3002 464,3002 507,3002 550,3002 593,3002 636,3002 679,3003 722,3003 766,3003 809,3003 852,3003 895,3004 938,3005 981,3005 1025,3006"/>
                <TextEquiv>
                    <Unicode>omnis habitus practicus directiuus est praxis alicuius que quiden</Unicode>
                </TextEquiv>
            </TextLine>
            <TextLine id="r3l144" custom="readingOrder {index:64;}">
                <Coords points="153,3050 1050,3057 1050,3011 154,3001"/>
                <Baseline points="159,3039 203,3041 247,3042 291,3043 336,3044 380,3045 424,3045 468,3045 513,3047 557,3047 601,3047 645,3047 690,3047 734,3048 778,3048 822,3048 867,3048 911,3050 955,3050 999,3050 1044,3051"/>
                <TextEquiv>
                    <Unicode>est actus directus alius ab actu proprio elicito. quilibet autem huiusmodi</Unicode>
                </TextEquiv>
            </TextLine>
            <TextEquiv>
                <Unicode>scientie illud de quo aliquid scitu: siue illud quod scitur esse tale vel tale et
illud est illud pro quo supponit subiectum scientifice conclusionis: et ma
gis proprie vocatur subiectum scientie: et sic aliqui moderni tantum modo vo¬
cant et non obiectum. et sic etiam vsus sum pro maiori parte in quaestioni
bus praecedentibus: quamuis aliquando me conformans in modo loquen¬
di opinionibus de quibus tractabam. etiam subiectum appellauerim ob
iectum. In praesenti autem articulo ad vitandum ambiguitatem signi¬
ficationis vtar distincte nominibus obiecti et subiecti. iuxta sensum
praemissum. Pono igitur (quantum ad artium istum) conclusiones tres. Prima
quod non quilibet habitus practicus a quolibet speculatiuo distin
guitur subiecto. Secunda. quilibet practicus a quolibet speculatiuo di¬
stinguitur obiecto. Tertia quod quilibet practicus proprio fine a quali¬
bet speculatiuo distinguitur. Et loquor hoc de habitu practi
co: et similiter speculatiuo vno non comphendenti plures par
tiales. Ex qubus statim patere potest. quid sit dicendum de habiti¬
bus totalibus plures partiales comprehendentibus. ⁋ Primam
conclusionem probo sic. contingit eiusdem subiecti esse noticiam practi
causa et speculatiuam. igitur et habitum practicum et habitum specula¬
tiuum: et per consequens non quilibet habitus practicus a quolibet specu
latiuo distinguitur subiecto. Consequentia prima patet: quia ex noti¬
tiis speculatiuis habitus speculatiuus: et ex practicis ha¬
bitus practicus generatur. Secunda etiam consequentia patet: quia habitus quo¬
rum est idem subiectum non distinguuntur subiectis. Antecedens patet. nam verbi
gratia. de ira potest quis nosse quod est quedam qualitas: et passio anime:
et quod est ebulitio sanguis circa cor. et alias noticias specu¬
latiuas habere de ipsa: potest etiam scire pro qua causa qualiter et quando
elicienda est que sunt noticie practice. Similiter potest sciri de
aliqua specie febrium. quod est talis proprietatis: et quod ex tali pro¬
uenit causa: que sunt noticie speculatiue: pertinentes ad me
dicinam theoricam: et potest sciri quod talibus est: et talibus curanda
medicaminibus: et tali talique modo: que sunt noticie practi¬
ce. Similiter de plantis et arboribus possunt sciri proprietates na
turales et passiones que noticie sunt speculatiue et ad scien
tias speculatiuas pertinentes. Et potest sciri qualiter sunt putam
de vel inserende: plantande nutriende et colende: que noti¬
cie sunt practice ad agriculturam: vel si melius alio nomi
ne nuncupetur: ad scientiam tamen practicam pertinentes. ⁋ Secundam
conclusionem probo. Impossibile est eandem conclusionem vel noticiam esse pra¬
cticam et speculatiuam. ergo impossibile est de eodem obiecto esse scientiam pra¬
cticam et speculatiuam: et per consequens quaelibet practica a qualibet specu
latiua distinguitur obiecto. Antecedens probatur ex eo quod impossibile est
eandem noticiam esse formaliter directiuam praxis: et non esse for
maliter directiuam praxis. Consequentia patet: quoniam cuiuslibet ha¬
bitus practici conclusio est practica et cuiuslibet speculatiui conclusio est
speculatiua: nullius autem speculatiue totale significatum est
totale significatum practice. Nam impossibile est idem ade
quate significari per propositionem non formaliter directiuam
praxis et directiuam praxis: vt de se notum est. ⁋ Tertia
est. quod quilibet habitus practicus a quolibet speculatiuo pro
prio fine distinguitur. probatur: quia nullius habitus speculatiui
est aliquis actus alius a scire proprio elicito finis: cuiuslibet
autem habitus practici alius actus a scire proprio est finis. er
go quilibet habitus practicus a quolibet speculatiuo fine distin
guitur. ⁋ Antecedens quo ad primam partem patet: quia nullus actus est proprius
finis habitus nisi vel ab ipso elicitus vel ab eo mediante
actu elicito directus. Et loquor de fine competente habi¬
tui ex propria nam: non ex voluntate habentis habitum: quamuis enim
quis possit adiscere geometriam vt eam doceat: et docendo lu
cretur: nec docere nec lucrari finis est competens geomediae ex
propria nam: cum nec ipsa doceat docere vel lucrari: nec al
ter eorum sit actus immediate ab ea elicitus) habitus aute
speculatiui nullus est actus directus: cum eius actus elicitus
non sit directiuus: vt. supra patet. ⁋ Secunda pars antecedents est clara: quia
omnis habitus practicus directiuus est praxis alicuius que quiden
est actus directus alius ab actu proprio elicito. quilibet autem huiusmodi</Unicode>
            </TextEquiv>
        </TextRegion>
        <TextRegion orientation="0.0" id="TextRegion_1596158653723_917" custom="readingOrder {index:1;}">
            <Coords points="1149,181 2086,181 2079,506 2020,3070 1075,3070 1134,767"/>
            <TextLine id="line_1596158615196_903" custom="readingOrder {index:0;}">
                <Coords points="1161,291 2030,316 2089,307 2090,272 1474,232 1162,247"/>
                <Baseline points="1167,284 1219,284 1272,285 1324,285 1377,287 1429,287 1482,288 1534,288 1587,290 1639,290 1692,291 1744,293 1797,294 1849,296 1902,297 1954,299 2007,302 2059,305 2083,305"/>
                <TextEquiv>
                    <Unicode>actus est finis habitus. Unde. p. 9. meta. finis autem est actus.</Unicode>
                </TextEquiv>
            </TextLine>
            <TextLine id="r3l8" custom="readingOrder {index:1;}">
                <Coords points="1172,335 2069,359 2069,308 1173,289"/>
                <Baseline points="1178,327 1222,327 1266,328 1310,329 1355,329 1399,330 1443,330 1487,332 1532,332 1576,333 1620,334 1664,335 1709,336 1753,336 1797,338 1841,339 1886,340 1930,341 1974,342 2018,344 2063,345"/>
                <TextEquiv>
                    <Unicode>et huius gratia potentia sumitur. Non enim vt visum habeant vi¬</Unicode>
                </TextEquiv>
            </TextLine>
            <TextLine id="r3l10" custom="readingOrder {index:2;}">
                <Coords points="1175,376 2059,400 2060,361 1175,334"/>
                <Baseline points="1181,369 1224,371 1268,371 1311,372 1355,372 1399,372 1442,374 1486,375 1530,375 1573,377 1617,377 1661,378 1704,379 1748,380 1792,381 1835,382 1879,383 1923,386 1966,386 2010,388 2054,389"/>
                <TextEquiv>
                    <Unicode>dent aialia: sed vt videant: visum habent. Similiter aut et edifican¬</Unicode>
                </TextEquiv>
            </TextLine>
            <TextLine id="r3l12" custom="readingOrder {index:3;}">
                <Coords points="1163,422 2060,444 2038,393 1164,382"/>
                <Baseline points="1170,413 1214,414 1258,414 1302,416 1346,416 1391,416 1435,417 1479,417 1523,419 1567,419 1612,420 1656,420 1700,422 1744,423 1788,424 1833,425 1877,426 1921,428 1965,429 2009,431 2054,434"/>
                <TextEquiv>
                    <Unicode>di scientiam: vt edificent: et theoricam vt speculentur. Et paulo</Unicode>
                </TextEquiv>
            </TextLine>
            <TextLine id="r3l14" custom="readingOrder {index:4;}">
                <Coords points="1161,471 2057,491 2058,443 1162,422"/>
                <Baseline points="1167,458 1211,458 1255,459 1299,459 1344,459 1388,461 1432,461 1476,462 1521,462 1565,463 1609,464 1653,465 1698,466 1742,467 1786,468 1830,470 1875,471 1919,473 1963,475 2007,477 2052,479"/>
                <TextEquiv>
                    <Unicode>post. opus enim inquit finis supieite scientie. actus autem opus. ⁋ Ex</Unicode>
                </TextEquiv>
            </TextLine>
            <TextLine id="r3l16" custom="readingOrder {index:5;}">
                <Coords points="1167,514 2069,528 2067,484 1168,474"/>
                <Baseline points="1173,501 1217,501 1262,502 1306,503 1351,504 1395,504 1440,505 1484,506 1529,506 1573,507 1618,507 1662,509 1707,509 1751,510 1796,512 1840,513 1885,513 1929,515 1974,516 2018,518 2063,519"/>
                <TextEquiv>
                    <Unicode>quibus euidenter apparet quod secundum. p. tam actus elicitus quam opus</Unicode>
                </TextEquiv>
            </TextLine>
            <TextLine id="r3l18" custom="readingOrder {index:6;}">
                <Coords points="1167,568 1502,550 2053,578 2064,528 1168,513"/>
                <Baseline points="1173,542 1217,543 1261,543 1305,545 1349,546 1394,546 1438,548 1482,548 1526,549 1570,551 1615,551 1659,552 1703,552 1747,554 1791,555 1836,555 1880,557 1924,558 1968,559 2012,560 2057,561"/>
                <TextEquiv>
                    <Unicode>quod est actus directiuus scientiae vel artis est finis eius: et similiter quod</Unicode>
                </TextEquiv>
            </TextLine>
            <TextLine id="r3l20" custom="readingOrder {index:7;}">
                <Coords points="1163,592 2054,613 2054,575 1980,566 1164,550"/>
                <Baseline points="1169,587 1215,587 1261,588 1307,588 1354,588 1400,590 1446,590 1492,591 1539,591 1585,593 1631,593 1677,594 1724,596 1770,597 1816,598 1862,600 1909,601 1955,603 2001,604 2048,606"/>
                <TextEquiv>
                    <Unicode>scire speculationum est finis theorice. consequentia autem clara est: quo</Unicode>
                </TextEquiv>
            </TextLine>
            <TextLine id="r3l22" custom="readingOrder {index:8;}">
                <Coords points="1155,633 2066,658 2067,606 1156,594"/>
                <Baseline points="1161,629 1208,630 1255,632 1302,632 1350,633 1397,633 1444,635 1492,635 1539,636 1586,636 1634,638 1681,638 1728,639 1776,640 1823,641 1870,642 1918,644 1965,645 2012,647 2060,648"/>
                <TextEquiv>
                    <Unicode>niam practici duplex actus est finis: licem vnus alteri subordi</Unicode>
                </TextEquiv>
            </TextLine>
            <TextLine id="r3l24" custom="readingOrder {index:9;}">
                <Coords points="1160,678 2062,705 2063,664 2014,654 1161,641"/>
                <Baseline points="1166,672 1210,672 1255,674 1299,675 1344,676 1388,677 1433,678 1477,678 1522,680 1566,680 1611,681 1656,681 1700,682 1745,683 1789,684 1834,685 1878,686 1923,687 1967,690 2012,691 2057,693"/>
                <TextEquiv>
                    <Unicode>net scilicet proprium scire et operari. speculatiui vero tantum scire.</Unicode>
                </TextEquiv>
            </TextLine>
            <TextLine id="r3l26" custom="readingOrder {index:10;}">
                <Coords points="1154,726 2003,744 2054,741 2055,696 1154,686"/>
                <Baseline points="1160,720 1204,720 1248,720 1293,720 1337,720 1382,720 1426,720 1470,722 1515,722 1559,722 1604,723 1648,724 1692,725 1737,726 1781,728 1826,728 1870,729 1914,731 1959,732 2003,734 2048,735"/>
                <TextEquiv>
                    <Unicode>⁋ Praeterea actus directus ab vno habitu practico esset actus</Unicode>
                </TextEquiv>
            </TextLine>
            <TextLine id="r3l28" custom="readingOrder {index:11;}">
                <Coords points="1154,769 1993,793 2063,784 2064,744 1155,727"/>
                <Baseline points="1160,759 1204,759 1249,761 1294,762 1339,762 1384,763 1429,764 1474,764 1519,765 1564,767 1609,767 1653,768 1698,768 1743,770 1788,771 1833,772 1878,773 1923,774 1968,776 2013,777 2058,779"/>
                <TextEquiv>
                    <Unicode>elicitus ab alio habitu speculatiuo: vt satis est possibile.</Unicode>
                </TextEquiv>
            </TextLine>
            <TextLine id="r3l30" custom="readingOrder {index:12;}">
                <Coords points="1162,813 2003,832 2049,828 2050,788 1162,767"/>
                <Baseline points="1167,803 1210,804 1254,804 1298,804 1342,806 1386,806 1429,807 1473,807 1517,809 1561,809 1605,810 1648,810 1692,812 1736,812 1780,813 1824,815 1867,816 1911,817 1955,818 1999,821 2043,821"/>
                <TextEquiv>
                    <Unicode>verbi gratia. Si quis haberet habitum prudentie vel alium quo sci</Unicode>
                </TextEquiv>
            </TextLine>
            <TextLine id="r3l32" custom="readingOrder {index:13;}">
                <Coords points="1149,852 2060,871 2060,835 2021,826 1150,810"/>
                <Baseline points="1155,845 1202,846 1249,848 1296,848 1344,849 1391,849 1438,851 1486,852 1533,852 1580,853 1628,854 1675,855 1722,855 1770,857 1817,858 1864,859 1912,860 1959,862 2006,863 2054,864"/>
                <TextEquiv>
                    <Unicode>ret in qua facultate speculatiua et quo tempore et quando esset stu</Unicode>
                </TextEquiv>
            </TextLine>
            <TextLine id="r3l34" custom="readingOrder {index:14;}">
                <Coords points="1148,895 1986,917 2049,914 2050,877 1149,855"/>
                <Baseline points="1154,888 1198,889 1242,890 1287,891 1331,891 1376,893 1420,894 1465,894 1509,895 1554,896 1598,897 1642,897 1687,899 1731,900 1776,900 1820,901 1865,902 1909,903 1954,905 1998,906 2043,908"/>
                <TextEquiv>
                    <Unicode>dendum vel meditandum: et mediante habitu illius faculta</Unicode>
                </TextEquiv>
            </TextLine>
            <TextLine id="r3l36" custom="readingOrder {index:15;}">
                <Coords points="1150,940 2047,966 2041,913 1151,897"/>
                <Baseline points="1155,932 1199,933 1243,933 1288,935 1332,935 1376,936 1421,937 1465,938 1509,938 1554,939 1598,940 1642,941 1687,942 1731,942 1775,944 1820,945 1864,945 1908,947 1953,948 1997,950 2042,951"/>
                <TextEquiv>
                    <Unicode>tis meditaretur et studeret iuxta dictamen iam dicti habi¬</Unicode>
                </TextEquiv>
            </TextLine>
            <TextLine id="r3l38" custom="readingOrder {index:16;}">
                <Coords points="1142,979 2000,1009 2054,1002 2055,968 1142,944"/>
                <Baseline points="1148,975 1193,975 1238,977 1283,977 1328,978 1373,978 1418,980 1463,980 1508,981 1553,983 1598,983 1643,984 1688,986 1733,986 1778,987 1823,989 1868,989 1913,990 1958,992 2003,992 2048,992"/>
                <TextEquiv>
                    <Unicode>tus: vtique talis meditatio esset actus directus ab habitu pra¬</Unicode>
                </TextEquiv>
            </TextLine>
            <TextLine id="r3l40" custom="readingOrder {index:17;}">
                <Coords points="1151,1028 1999,1050 2053,1043 2054,1001 1152,983"/>
                <Baseline points="1157,1020 1201,1020 1246,1020 1290,1022 1335,1022 1379,1023 1424,1023 1468,1025 1513,1025 1557,1026 1602,1028 1647,1028 1691,1029 1736,1029 1780,1031 1825,1032 1869,1034 1914,1034 1958,1035 2003,1037 2048,1037"/>
                <TextEquiv>
                    <Unicode>ctico et elicitus a speculatiuo: et per consequens finis vtriusque ve¬</Unicode>
                </TextEquiv>
            </TextLine>
            <TextLine id="r3l42" custom="readingOrder {index:18;}">
                <Coords points="1148,1074 1958,1095 2048,1086 2049,1042 1149,1032"/>
                <Baseline points="1154,1062 1198,1062 1242,1063 1287,1064 1331,1065 1376,1065 1420,1067 1464,1067 1509,1068 1553,1070 1598,1070 1642,1071 1686,1073 1731,1073 1775,1074 1820,1076 1864,1076 1908,1077 1953,1079 1997,1079 2042,1080"/>
                <TextEquiv>
                    <Unicode>rum: quia non esset eodem modo finis amborum: sed practici tanquam actus</Unicode>
                </TextEquiv>
            </TextLine>
            <TextLine id="r3l44" custom="readingOrder {index:19;}">
                <Coords points="1144,1119 1949,1138 2045,1129 2046,1086 1144,1069"/>
                <Baseline points="1149,1106 1193,1106 1238,1107 1282,1107 1327,1107 1371,1109 1416,1109 1460,1110 1505,1111 1549,1112 1594,1113 1638,1113 1683,1115 1727,1116 1772,1116 1816,1118 1861,1119 1905,1119 1950,1121 1994,1121 2039,1122"/>
                <TextEquiv>
                    <Unicode>directus. speculatiui vero non vt directus: sed vt elicitus tantum</Unicode>
                </TextEquiv>
            </TextLine>
            <TextLine id="r3l46" custom="readingOrder {index:20;}">
                <Coords points="1142,1162 2013,1180 2051,1175 2052,1128 1142,1118"/>
                <Baseline points="1148,1148 1192,1149 1237,1149 1282,1151 1327,1152 1372,1152 1417,1153 1461,1154 1506,1155 1551,1155 1596,1156 1641,1157 1686,1158 1731,1158 1775,1160 1820,1160 1865,1161 1910,1163 1955,1164 2000,1165 2045,1167"/>
                <TextEquiv>
                    <Unicode>adhuc habitus isti possent aliquo modo differre quo ad finem</Unicode>
                </TextEquiv>
            </TextLine>
            <TextLine id="r3l48" custom="readingOrder {index:21;}">
                <Coords points="1142,1204 2036,1220 2037,1171 1143,1164"/>
                <Baseline points="1148,1191 1192,1192 1236,1193 1280,1194 1324,1194 1368,1196 1412,1196 1456,1197 1500,1197 1544,1199 1589,1199 1633,1200 1677,1200 1721,1202 1765,1202 1809,1203 1853,1205 1897,1206 1941,1207 1985,1208 2030,1209"/>
                <TextEquiv>
                    <Unicode>vtrique communem. ⁋ Ista conclusio est vtique de intentione philosophi et commen</Unicode>
                </TextEquiv>
            </TextLine>
            <TextLine id="r3l50" custom="readingOrder {index:22;}">
                <Coords points="1133,1241 2016,1266 2039,1220 1133,1209"/>
                <Baseline points="1139,1235 1183,1235 1228,1236 1273,1236 1317,1238 1362,1238 1407,1239 1451,1241 1496,1241 1541,1242 1586,1242 1630,1244 1675,1244 1720,1245 1764,1247 1809,1247 1854,1248 1898,1248 1943,1250 1988,1250 2033,1251"/>
                <TextEquiv>
                    <Unicode>tatorum suorum in pluribus locis. Ait enim p. 2o meta. quod theorice</Unicode>
                </TextEquiv>
            </TextLine>
            <TextLine id="r3l53" custom="readingOrder {index:23;}">
                <Coords points="1140,1285 1982,1312 2036,1301 2037,1260 1140,1243"/>
                <Baseline points="1146,1277 1190,1278 1234,1280 1278,1280 1322,1281 1367,1283 1411,1283 1455,1284 1499,1285 1543,1286 1588,1287 1632,1287 1676,1289 1720,1289 1764,1290 1809,1290 1853,1291 1897,1292 1941,1292 1985,1293 2030,1293"/>
                <TextEquiv>
                    <Unicode>finis est veritas. practice vero opus. Et Commentatoris. ibi. scientie inquit at¬</Unicode>
                </TextEquiv>
            </TextLine>
            <TextLine id="r3l56" custom="readingOrder {index:24;}">
                <Coords points="1133,1331 2040,1345 2021,1299 1133,1293"/>
                <Baseline points="1139,1322 1183,1322 1228,1323 1273,1323 1318,1325 1362,1325 1407,1326 1452,1326 1497,1328 1541,1328 1586,1328 1631,1329 1676,1330 1720,1331 1765,1332 1810,1332 1855,1334 1899,1334 1944,1336 1989,1337 2034,1338"/>
                <TextEquiv>
                    <Unicode>tribute philosophie due sunt: quarum vna est cuius finis est scire tantum:</Unicode>
                </TextEquiv>
            </TextLine>
            <TextLine id="r3l58" custom="readingOrder {index:25;}">
                <Coords points="1136,1377 2024,1392 2024,1352 1964,1344 1137,1331"/>
                <Baseline points="1142,1364 1185,1364 1229,1367 1273,1368 1317,1368 1361,1370 1404,1371 1448,1371 1492,1373 1536,1373 1580,1374 1623,1374 1667,1374 1711,1376 1755,1376 1799,1376 1842,1377 1886,1377 1930,1379 1974,1379 2018,1380"/>
                <TextEquiv>
                    <Unicode>et altera operari. ⁋ Ite 3o de anima. inquit. ph. capitulo de motore.</Unicode>
                </TextEquiv>
            </TextLine>
            <TextLine id="r3l61" custom="readingOrder {index:26;}">
                <Coords points="1140,1415 2027,1431 2028,1392 1992,1385 1141,1379"/>
                <Baseline points="1146,1409 1189,1409 1233,1409 1277,1410 1321,1411 1365,1412 1408,1413 1452,1413 1496,1415 1540,1415 1584,1416 1627,1416 1671,1418 1715,1418 1759,1419 1803,1419 1846,1421 1890,1421 1934,1422 1978,1422 2022,1422"/>
                <TextEquiv>
                    <Unicode>tellectus qui propter aliquid rocinatur et practicus est differ</Unicode>
                </TextEquiv>
            </TextLine>
            <TextLine id="r3l63" custom="readingOrder {index:27;}">
                <Coords points="1128,1459 2039,1482 2040,1431 1128,1425"/>
                <Baseline points="1134,1451 1179,1452 1224,1452 1269,1453 1314,1454 1359,1455 1404,1455 1449,1456 1494,1457 1539,1458 1584,1458 1629,1460 1674,1460 1719,1461 1764,1461 1809,1463 1854,1464 1899,1464 1944,1466 1989,1466 2034,1467"/>
                <TextEquiv>
                    <Unicode>a speculatiuo fine. vbi Commentators. operatiuus inquit differt a</Unicode>
                </TextEquiv>
            </TextLine>
            <TextLine id="r3l66" custom="readingOrder {index:28;}">
                <Coords points="1133,1506 2038,1522 2039,1481 1134,1460"/>
                <Baseline points="1140,1494 1184,1496 1229,1496 1273,1497 1318,1497 1363,1498 1407,1499 1452,1500 1497,1500 1541,1501 1586,1502 1631,1503 1675,1504 1720,1505 1765,1506 1809,1506 1854,1508 1899,1508 1943,1509 1988,1509 2033,1511"/>
                <TextEquiv>
                    <Unicode>speculatiuo in participatione et fine. Finis enim specula¬</Unicode>
                </TextEquiv>
            </TextLine>
            <TextLine id="r3l68" custom="readingOrder {index:29;}">
                <Coords points="1128,1552 2038,1569 2039,1522 1128,1506"/>
                <Baseline points="1134,1538 1181,1539 1228,1539 1275,1541 1323,1542 1370,1542 1417,1544 1465,1544 1512,1545 1559,1545 1607,1547 1654,1547 1701,1548 1749,1548 1796,1550 1843,1550 1891,1551 1938,1551 1985,1553 2033,1554"/>
                <TextEquiv>
                    <Unicode>tiui est scire tantum: operatiui operari sup. non tantum scire.</Unicode>
                </TextEquiv>
            </TextLine>
            <TextLine id="r3l70" custom="readingOrder {index:30;}">
                <Coords points="1134,1596 1985,1608 2033,1606 2034,1567 1135,1551"/>
                <Baseline points="1140,1583 1184,1583 1228,1584 1273,1584 1317,1584 1362,1586 1406,1586 1450,1587 1495,1587 1539,1587 1584,1589 1628,1589 1672,1590 1717,1590 1761,1591 1806,1592 1850,1593 1894,1593 1939,1595 1983,1595 2028,1596"/>
                <TextEquiv>
                    <Unicode>vtriusque enim finis est scire. iuxta illud. p. 6. ethico. hoc enim</Unicode>
                </TextEquiv>
            </TextLine>
            <TextLine id="r3l73" custom="readingOrder {index:31;}">
                <Coords points="1135,1634 1971,1654 2033,1646 2034,1606 1135,1599"/>
                <Baseline points="1140,1623 1184,1625 1228,1626 1273,1626 1317,1628 1362,1628 1406,1628 1450,1629 1495,1629 1539,1629 1584,1631 1628,1631 1672,1632 1717,1632 1761,1632 1806,1634 1850,1634 1894,1635 1939,1637 1983,1637 2028,1638"/>
                <TextEquiv>
                    <Unicode>omnis intellectiui opus: sed vltra scire non est alius finis</Unicode>
                </TextEquiv>
            </TextLine>
            <TextLine id="r3l75" custom="readingOrder {index:32;}">
                <Coords points="1120,1677 1991,1697 2030,1693 2031,1645 1120,1637"/>
                <Baseline points="1125,1668 1172,1668 1219,1668 1266,1668 1314,1668 1361,1670 1408,1670 1456,1670 1503,1671 1550,1671 1598,1673 1645,1673 1692,1674 1740,1675 1787,1676 1834,1677 1882,1679 1929,1680 1976,1682 2024,1683"/>
                <TextEquiv>
                    <Unicode>speculatiui. practici autem vltra scire finis est operari. quod si</Unicode>
                </TextEquiv>
            </TextLine>
            <TextLine id="r3l77" custom="readingOrder {index:33;}">
                <Coords points="1118,1713 2033,1736 2034,1689 1962,1684 1119,1677"/>
                <Baseline points="1124,1707 1169,1708 1214,1709 1259,1710 1304,1710 1349,1712 1394,1713 1440,1713 1485,1713 1530,1715 1575,1715 1620,1716 1665,1716 1710,1718 1756,1718 1801,1719 1846,1720 1891,1721 1936,1722 1981,1724 2027,1725"/>
                <TextEquiv>
                    <Unicode>de fine vltimo proprio tantum sit sermo: tunc vtique tantum ope</Unicode>
                </TextEquiv>
            </TextLine>
            <TextLine id="r3l79" custom="readingOrder {index:34;}">
                <Coords points="1119,1759 2006,1778 2025,1731 1119,1723"/>
                <Baseline points="1125,1751 1169,1751 1214,1752 1259,1752 1303,1754 1348,1754 1393,1754 1437,1755 1482,1757 1527,1757 1572,1758 1616,1758 1661,1760 1706,1761 1750,1761 1795,1763 1840,1763 1884,1764 1929,1764 1974,1766 2019,1766"/>
                <TextEquiv>
                    <Unicode>rari est finis practici. Nam suum scire ad operari finaliter ordi¬</Unicode>
                </TextEquiv>
            </TextLine>
            <TextLine id="r3l81" custom="readingOrder {index:35;}">
                <Coords points="1124,1800 2028,1822 2029,1775 1971,1769 1125,1767"/>
                <Baseline points="1130,1794 1174,1794 1219,1794 1263,1794 1308,1796 1353,1796 1397,1797 1442,1797 1486,1799 1531,1799 1576,1800 1620,1801 1665,1802 1709,1803 1754,1804 1799,1805 1843,1806 1888,1808 1932,1809 1977,1810 2022,1811"/>
                <TextEquiv>
                    <Unicode>natur: et sic intelligenda sunt dicta philosophi circa materiam istam. Istud</Unicode>
                </TextEquiv>
            </TextLine>
            <TextLine id="r3l83" custom="readingOrder {index:36;}">
                <Coords points="1125,1842 1981,1865 2021,1861 2022,1821 1125,1805"/>
                <Baseline points="1130,1836 1174,1836 1218,1838 1262,1838 1307,1839 1351,1839 1395,1841 1439,1841 1484,1842 1528,1842 1572,1844 1616,1845 1661,1845 1705,1847 1749,1847 1793,1848 1838,1850 1882,1851 1926,1851 1970,1853 2015,1854"/>
                <TextEquiv>
                    <Unicode>declaratur ex dicto eustracii. 6. ethic. super illo vero. electionis</Unicode>
                </TextEquiv>
            </TextLine>
            <TextLine id="r3l85" custom="readingOrder {index:37;}">
                <Coords points="1128,1892 1988,1914 2030,1903 2031,1863 1129,1841"/>
                <Baseline points="1134,1880 1178,1880 1223,1881 1267,1881 1312,1881 1356,1883 1401,1883 1445,1884 1490,1884 1534,1886 1579,1886 1623,1887 1668,1888 1712,1889 1757,1890 1801,1892 1846,1892 1890,1893 1935,1895 1979,1896 2024,1898"/>
                <TextEquiv>
                    <Unicode>principium appetitus et ratio: quem gratia alicuius. vbi ait sic. do scicet prio quoniam</Unicode>
                </TextEquiv>
            </TextLine>
            <TextLine id="r3l87" custom="readingOrder {index:38;}">
                <Coords points="1126,1928 1978,1956 2021,1945 2022,1904 1126,1893"/>
                <Baseline points="1131,1922 1175,1922 1219,1923 1263,1925 1307,1926 1352,1926 1396,1927 1440,1928 1484,1928 1528,1929 1573,1929 1617,1931 1661,1931 1705,1932 1749,1932 1794,1934 1838,1935 1882,1936 1926,1937 1970,1938 2015,1940"/>
                <TextEquiv>
                    <Unicode>electionis principium appetitus et ratio est inducens que gratia ali¬</Unicode>
                </TextEquiv>
            </TextLine>
            <TextLine id="r3l89" custom="readingOrder {index:39;}">
                <Coords points="1124,1975 2024,1989 2024,1956 1966,1947 1125,1935"/>
                <Baseline points="1130,1965 1174,1967 1218,1967 1263,1967 1307,1968 1352,1968 1396,1970 1440,1970 1485,1971 1529,1971 1574,1973 1618,1973 1662,1974 1707,1975 1751,1976 1796,1977 1840,1979 1884,1979 1929,1980 1973,1981 2018,1982"/>
                <TextEquiv>
                    <Unicode>cuius ostendat rationem et veritatem in operationibus congruen¬</Unicode>
                </TextEquiv>
            </TextLine>
            <TextLine id="r3l91" custom="readingOrder {index:40;}">
                <Coords points="1116,2015 1951,2042 2017,2031 2018,1990 1117,1975"/>
                <Baseline points="1122,2009 1166,2009 1211,2010 1255,2010 1300,2012 1344,2012 1389,2013 1433,2013 1478,2015 1522,2015 1567,2016 1611,2016 1656,2018 1700,2018 1745,2019 1789,2021 1834,2021 1878,2022 1923,2024 1967,2024 2012,2025"/>
                <TextEquiv>
                    <Unicode>tem que est non vsque ad veritatem stans conclusionis: sed syllogiçans</Unicode>
                </TextEquiv>
            </TextLine>
            <TextLine id="r3l93" custom="readingOrder {index:41;}">
                <Coords points="1122,2066 1924,2083 2021,2075 2022,2033 1123,2018"/>
                <Baseline points="1128,2054 1172,2054 1216,2054 1261,2054 1305,2054 1350,2055 1394,2055 1438,2057 1483,2058 1527,2058 1572,2060 1616,2060 1660,2061 1705,2063 1749,2064 1794,2064 1838,2066 1882,2066 1927,2067 1971,2068 2016,2069"/>
                <TextEquiv>
                    <Unicode>gratia actionis et eius qui secundum ipsam finis. Et subdit. scientifi</Unicode>
                </TextEquiv>
            </TextLine>
            <TextLine id="r3l95" custom="readingOrder {index:42;}">
                <Coords points="1116,2103 2018,2121 2019,2075 1117,2068"/>
                <Baseline points="1122,2096 1166,2096 1211,2097 1255,2097 1300,2097 1344,2099 1389,2099 1433,2100 1478,2100 1522,2102 1567,2103 1612,2103 1656,2105 1701,2106 1745,2107 1790,2108 1834,2109 1879,2109 1923,2111 1968,2111 2013,2111"/>
                <TextEquiv>
                    <Unicode>caenim mens. id est speculatiua non gratia alicuius alterius apud </Unicode>
                </TextEquiv>
            </TextLine>
            <TextLine id="r3l97" custom="readingOrder {index:43;}">
                <Coords points="1116,2144 1971,2173 2020,2164 2021,2126 1117,2103"/>
                <Baseline points="1122,2139 1166,2139 1211,2140 1255,2141 1300,2141 1345,2142 1389,2142 1434,2144 1479,2144 1523,2145 1568,2147 1613,2147 1657,2148 1702,2148 1747,2150 1791,2150 1836,2151 1881,2151 1925,2153 1970,2153 2015,2154"/>
                <TextEquiv>
                    <Unicode>ipsam verum demonstrat. Item infra. scientifica quidem mens</Unicode>
                </TextEquiv>
            </TextLine>
            <TextLine id="r3l99" custom="readingOrder {index:44;}">
                <Coords points="1118,2189 1831,2213 2023,2205 2024,2165 1118,2145"/>
                <Baseline points="1124,2181 1168,2183 1213,2183 1258,2183 1302,2184 1347,2185 1392,2186 1436,2187 1481,2188 1526,2189 1571,2190 1615,2191 1660,2192 1705,2193 1749,2193 1794,2195 1839,2195 1883,2196 1928,2196 1973,2196 2018,2196"/>
                <TextEquiv>
                    <Unicode>finem habet inuenire veritatem: et vltra nihil apponit. practica autem</Unicode>
                </TextEquiv>
            </TextLine>
            <TextLine id="r3l101" custom="readingOrder {index:45;}">
                <Coords points="1119,2235 2011,2252 2012,2204 1120,2189"/>
                <Baseline points="1125,2225 1169,2226 1213,2226 1257,2227 1301,2228 1345,2229 1389,2229 1433,2231 1477,2232 1521,2232 1565,2234 1609,2234 1653,2235 1697,2235 1741,2237 1785,2237 1829,2238 1873,2238 1917,2240 1961,2240 2006,2241"/>
                <TextEquiv>
                    <Unicode>inuenit quidem et ipsa verum non autem vsque ad hoc stat: sed opus</Unicode>
                </TextEquiv>
            </TextLine>
            <TextLine id="r3l103" custom="readingOrder {index:46;}">
                <Coords points="1113,2279 1973,2297 2011,2292 2012,2254 1113,2234"/>
                <Baseline points="1119,2270 1163,2270 1207,2271 1252,2271 1296,2271 1340,2272 1385,2273 1429,2273 1473,2274 1518,2276 1562,2276 1606,2277 1651,2279 1695,2279 1739,2280 1784,2281 1828,2282 1872,2282 1917,2283 1961,2283 2006,2283"/>
                <TextEquiv>
                    <Unicode>est et ipsi operare vt attingat appetibile de quo et rotiocina¬</Unicode>
                </TextEquiv>
            </TextLine>
            <TextLine id="r3l105" custom="readingOrder {index:47;}">
                <Coords points="1123,2319 1948,2340 2012,2336 2013,2297 1123,2283"/>
                <Baseline points="1128,2312 1174,2312 1220,2313 1266,2315 1313,2315 1359,2316 1405,2316 1451,2318 1498,2318 1544,2319 1590,2319 1636,2320 1683,2321 1729,2321 1775,2322 1821,2322 1868,2324 1914,2325 1960,2325 2007,2327"/>
                <TextEquiv>
                    <Unicode>ta est. hec que de mente practica et speculatiua dicta sunt</Unicode>
                </TextEquiv>
            </TextLine>
            <TextLine id="r3l108" custom="readingOrder {index:48;}">
                <Coords points="1113,2366 1976,2383 2009,2379 2010,2336 1113,2320"/>
                <Baseline points="1119,2355 1163,2355 1207,2357 1251,2357 1296,2358 1340,2358 1384,2360 1428,2360 1473,2361 1517,2361 1561,2363 1605,2363 1650,2363 1694,2364 1738,2364 1782,2366 1827,2366 1871,2367 1915,2367 1959,2368 2004,2369"/>
                <TextEquiv>
                    <Unicode>consequenter etiam suo modo sunt intelligenda de habitu practico</Unicode>
                </TextEquiv>
            </TextLine>
            <TextLine id="r3l110" custom="readingOrder {index:49;}">
                <Coords points="1122,2407 2000,2427 2001,2383 1940,2373 1123,2369"/>
                <Baseline points="1128,2399 1171,2399 1214,2400 1258,2400 1301,2402 1344,2402 1388,2403 1431,2404 1474,2405 1518,2406 1561,2406 1604,2408 1648,2408 1691,2409 1734,2409 1778,2409 1821,2411 1864,2411 1908,2412 1951,2412 1995,2412"/>
                <TextEquiv>
                    <Unicode>et speculatiuo. ⁋ Contra primam conclusionem et probationem videtur inten</Unicode>
                </TextEquiv>
            </TextLine>
            <TextLine id="r3l113" custom="readingOrder {index:50;}">
                <Coords points="1110,2450 2010,2465 2010,2422 1110,2411"/>
                <Baseline points="1116,2441 1160,2441 1204,2442 1249,2444 1293,2444 1338,2445 1382,2445 1426,2447 1471,2447 1515,2448 1560,2448 1604,2450 1648,2450 1693,2451 1737,2452 1782,2453 1826,2454 1870,2454 1915,2455 1959,2456 2004,2457"/>
                <TextEquiv>
                    <Unicode>tio philosophi. 6. meta. ibi enim dicit sententialiter quod scientie actiue vel</Unicode>
                </TextEquiv>
            </TextLine>
            <TextLine id="r3l116" custom="readingOrder {index:51;}">
                <Coords points="1115,2492 1998,2511 1998,2469 1929,2462 1116,2450"/>
                <Baseline points="1121,2484 1164,2484 1208,2486 1251,2487 1295,2487 1338,2489 1382,2490 1425,2490 1469,2492 1512,2492 1556,2493 1600,2494 1643,2495 1687,2495 1730,2496 1774,2496 1817,2498 1861,2498 1904,2498 1948,2498 1992,2499"/>
                <TextEquiv>
                    <Unicode>factiue sunt de his rebus: quarum principium est in sciente</Unicode>
                </TextEquiv>
            </TextLine>
            <TextLine id="r3l119" custom="readingOrder {index:52;}">
                <Coords points="1113,2534 1997,2555 1982,2509 1114,2490"/>
                <Baseline points="1119,2528 1162,2529 1206,2529 1249,2531 1293,2531 1337,2532 1380,2534 1424,2534 1467,2534 1511,2535 1555,2535 1598,2537 1642,2537 1685,2538 1729,2538 1773,2538 1816,2540 1860,2540 1903,2540 1947,2541 1991,2541"/>
                <TextEquiv>
                    <Unicode>Speculatiua vero de his quarum principium non est in sciente</Unicode>
                </TextEquiv>
            </TextLine>
            <TextLine id="r3l121" custom="readingOrder {index:53;}">
                <Coords points="1122,2585 1966,2602 2011,2592 2012,2550 1122,2536"/>
                <Baseline points="1128,2573 1171,2573 1215,2574 1259,2574 1303,2576 1347,2576 1391,2576 1435,2577 1479,2577 1523,2579 1567,2579 1610,2580 1654,2580 1698,2582 1742,2582 1786,2583 1830,2583 1874,2585 1918,2585 1962,2586 2006,2586"/>
                <TextEquiv>
                    <Unicode>primpossibile est autem eiusdem rei esse et non esse principium in sci</Unicode>
                </TextEquiv>
            </TextLine>
            <TextLine id="r3l123" custom="readingOrder {index:54;}">
                <Coords points="1113,2622 1935,2642 2008,2638 2009,2593 1113,2587"/>
                <Baseline points="1119,2615 1163,2616 1207,2618 1251,2618 1295,2619 1340,2619 1384,2621 1428,2621 1472,2622 1516,2622 1561,2623 1605,2624 1649,2624 1693,2625 1737,2625 1782,2625 1826,2626 1870,2627 1914,2627 1958,2628 2003,2630"/>
                <TextEquiv>
                    <Unicode>ente. ergo secundum intentionem philosophi impossibile est eandem rem esse</Unicode>
                </TextEquiv>
            </TextLine>
            <TextLine id="r3l125" custom="readingOrder {index:55;}">
                <Coords points="1103,2670 1906,2687 1997,2682 1998,2636 1104,2624"/>
                <Baseline points="1109,2658 1153,2658 1197,2660 1241,2660 1285,2661 1329,2661 1373,2663 1417,2663 1461,2664 1505,2666 1550,2666 1594,2667 1638,2667 1682,2669 1726,2669 1770,2670 1814,2670 1858,2672 1902,2672 1946,2673 1991,2673"/>
                <TextEquiv>
                    <Unicode>subiectum practice et speculatiue scientie. ⁋ Secundo idem. p. 6. ethi¬</Unicode>
                </TextEquiv>
            </TextLine>
            <TextLine id="line_1596158615212_905" custom="readingOrder {index:56;}">
                <Coords points="1101,2709 1986,2730 2033,2720 2034,2668 1101,2676"/>
                <Baseline points="1107,2702 1153,2703 1200,2703 1247,2703 1294,2705 1340,2705 1387,2706 1434,2708 1481,2708 1527,2709 1574,2709 1621,2711 1668,2712 1714,2712 1761,2712 1808,2713 1855,2714 1901,2714 1948,2712 1995,2712 2028,2711"/>
                <TextEquiv>
                    <Unicode>volens ostendere que sit differentia intellectus speculatiui a practi </Unicode>
                </TextEquiv>
            </TextLine>
            <TextLine id="r3l129" custom="readingOrder {index:57;}">
                <Coords points="1104,2756 1960,2774 1999,2765 2000,2726 1104,2718"/>
                <Baseline points="1110,2747 1154,2747 1198,2747 1242,2748 1286,2748 1331,2748 1375,2750 1419,2750 1463,2750 1507,2751 1552,2752 1596,2753 1640,2754 1684,2754 1728,2755 1773,2756 1817,2756 1861,2757 1905,2757 1949,2757 1994,2757"/>
                <TextEquiv>
                    <Unicode>co. supponantur inquit duo rationem habentia. vnum quidem quo spe¬</Unicode>
                </TextEquiv>
            </TextLine>
            <TextLine id="r3l131" custom="readingOrder {index:58;}">
                <Coords points="1100,2797 1985,2814 2001,2763 1101,2765"/>
                <Baseline points="1106,2789 1150,2789 1194,2789 1239,2790 1283,2790 1328,2792 1372,2792 1417,2793 1461,2794 1506,2795 1550,2796 1594,2796 1639,2798 1683,2798 1728,2799 1772,2799 1817,2799 1861,2801 1906,2801 1950,2801 1995,2801"/>
                <TextEquiv>
                    <Unicode>culamur talia entium quorum principia non contingunt aliter se</Unicode>
                </TextEquiv>
            </TextLine>
            <TextLine id="r3l133" custom="readingOrder {index:59;}">
                <Coords points="1098,2839 1984,2859 2004,2810 1098,2797"/>
                <Baseline points="1104,2831 1148,2832 1193,2832 1238,2834 1282,2834 1327,2835 1372,2835 1416,2837 1461,2837 1506,2838 1551,2838 1595,2840 1640,2840 1685,2841 1729,2841 1774,2843 1819,2843 1863,2843 1908,2844 1953,2844 1998,2844"/>
                <TextEquiv>
                    <Unicode>habere. vnum autem quo contingentia. Et eustracius ibi dicit quod</Unicode>
                </TextEquiv>
            </TextLine>
            <TextLine id="r3l136" custom="readingOrder {index:60;}">
                <Coords points="1100,2888 1975,2899 2001,2856 1101,2840"/>
                <Baseline points="1106,2877 1150,2877 1194,2877 1239,2877 1283,2877 1328,2879 1372,2879 1417,2880 1461,2880 1506,2882 1550,2882 1594,2883 1639,2883 1683,2885 1728,2885 1772,2885 1817,2886 1861,2886 1906,2886 1950,2886 1995,2885"/>
                <TextEquiv>
                    <Unicode>scientificum et rtiocinatiuum differunt penes obiecta que sunt ne¬</Unicode>
                </TextEquiv>
            </TextLine>
            <TextLine id="r3l138" custom="readingOrder {index:61;}">
                <Coords points="1101,2930 1933,2947 1999,2938 2000,2895 1102,2891"/>
                <Baseline points="1107,2918 1151,2919 1195,2920 1240,2921 1284,2921 1328,2922 1373,2923 1417,2924 1461,2924 1506,2925 1550,2925 1594,2927 1639,2927 1683,2928 1727,2928 1772,2928 1816,2928 1860,2928 1905,2928 1949,2928 1994,2928"/>
                <TextEquiv>
                    <Unicode>cessarium et contingens. ⁋ Item infra probat. p. quod nec ars neque pru</Unicode>
                </TextEquiv>
            </TextLine>
            <TextLine id="r3l141" custom="readingOrder {index:62;}">
                <Coords points="1097,2968 1925,2989 1995,2980 1996,2940 1098,2935"/>
                <Baseline points="1103,2964 1147,2963 1191,2963 1235,2963 1280,2964 1324,2964 1368,2964 1413,2966 1457,2966 1501,2967 1546,2969 1590,2969 1634,2970 1678,2972 1723,2972 1767,2972 1811,2973 1856,2973 1900,2973 1944,2972 1989,2972"/>
                <TextEquiv>
                    <Unicode>dentia est scientia: quia scientia est circa necessaria: prudentia vero</Unicode>
                </TextEquiv>
            </TextLine>
            <TextLine id="r3l143" custom="readingOrder {index:63;}">
                <Coords points="1098,3016 1998,3029 1998,2989 1888,2977 1098,2978"/>
                <Baseline points="1104,3005 1148,3005 1192,3006 1237,3006 1281,3008 1326,3008 1370,3009 1414,3009 1459,3011 1503,3011 1548,3012 1592,3012 1636,3014 1681,3014 1725,3015 1770,3015 1814,3015 1858,3016 1903,3017 1947,3017 1992,3017"/>
                <TextEquiv>
                    <Unicode>et ars circa contingentia. videtur igitur velle. vtrobique. p. quod</Unicode>
                </TextEquiv>
            </TextLine>
            <TextLine id="r3l145" custom="readingOrder {index:64;}">
                <Coords points="1100,3069 1995,3067 1995,3031 1951,3025 1101,3016"/>
                <Baseline points="1106,3051 1150,3051 1194,3051 1238,3051 1282,3052 1326,3053 1370,3053 1415,3054 1459,3054 1503,3056 1547,3056 1591,3057 1635,3059 1679,3059 1724,3059 1768,3060 1812,3060 1856,3060 1900,3060 1944,3060 1989,3060"/>
                <TextEquiv>
                    <Unicode>speculatiua scientia est de rebus necessariis: practica ve¬</Unicode>
                </TextEquiv>
            </TextLine>
            <TextEquiv>
                <Unicode>actus est finis habitus. Unde. p. 9. meta. finis autem est actus.
et huius gratia potentia sumitur. Non enim vt visum habeant vi¬
dent aialia: sed vt videant: visum habent. Similiter aut et edifican¬
di scientiam: vt edificent: et theoricam vt speculentur. Et paulo
post. opus enim inquit finis supieite scientie. actus autem opus. ⁋ Ex
quibus euidenter apparet quod secundum. p. tam actus elicitus quam opus
quod est actus directiuus scientiae vel artis est finis eius: et similiter quod
scire speculationum est finis theorice. consequentia autem clara est: quo
niam practici duplex actus est finis: licem vnus alteri subordi
net scilicet proprium scire et operari. speculatiui vero tantum scire.
⁋ Praeterea actus directus ab vno habitu practico esset actus
elicitus ab alio habitu speculatiuo: vt satis est possibile.
verbi gratia. Si quis haberet habitum prudentie vel alium quo sci
ret in qua facultate speculatiua et quo tempore et quando esset stu
dendum vel meditandum: et mediante habitu illius faculta
tis meditaretur et studeret iuxta dictamen iam dicti habi¬
tus: vtique talis meditatio esset actus directus ab habitu pra¬
ctico et elicitus a speculatiuo: et per consequens finis vtriusque ve¬
rum: quia non esset eodem modo finis amborum: sed practici tanquam actus
directus. speculatiui vero non vt directus: sed vt elicitus tantum
adhuc habitus isti possent aliquo modo differre quo ad finem
vtrique communem. ⁋ Ista conclusio est vtique de intentione philosophi et commen
tatorum suorum in pluribus locis. Ait enim p. 2o meta. quod theorice
finis est veritas. practice vero opus. Et Commentatoris. ibi. scientie inquit at¬
tribute philosophie due sunt: quarum vna est cuius finis est scire tantum:
et altera operari. ⁋ Ite 3o de anima. inquit. ph. capitulo de motore.
tellectus qui propter aliquid rocinatur et practicus est differ
a speculatiuo fine. vbi Commentators. operatiuus inquit differt a
speculatiuo in participatione et fine. Finis enim specula¬
tiui est scire tantum: operatiui operari sup. non tantum scire.
vtriusque enim finis est scire. iuxta illud. p. 6. ethico. hoc enim
omnis intellectiui opus: sed vltra scire non est alius finis
speculatiui. practici autem vltra scire finis est operari. quod si
de fine vltimo proprio tantum sit sermo: tunc vtique tantum ope
rari est finis practici. Nam suum scire ad operari finaliter ordi¬
natur: et sic intelligenda sunt dicta philosophi circa materiam istam. Istud
declaratur ex dicto eustracii. 6. ethic. super illo vero. electionis
principium appetitus et ratio: quem gratia alicuius. vbi ait sic. do scicet prio quoniam
electionis principium appetitus et ratio est inducens que gratia ali¬
cuius ostendat rationem et veritatem in operationibus congruen¬
tem que est non vsque ad veritatem stans conclusionis: sed syllogiçans
gratia actionis et eius qui secundum ipsam finis. Et subdit. scientifi
caenim mens. id est speculatiua non gratia alicuius alterius apud 
ipsam verum demonstrat. Item infra. scientifica quidem mens
finem habet inuenire veritatem: et vltra nihil apponit. practica autem
inuenit quidem et ipsa verum non autem vsque ad hoc stat: sed opus
est et ipsi operare vt attingat appetibile de quo et rotiocina¬
ta est. hec que de mente practica et speculatiua dicta sunt
consequenter etiam suo modo sunt intelligenda de habitu practico
et speculatiuo. ⁋ Contra primam conclusionem et probationem videtur inten
tio philosophi. 6. meta. ibi enim dicit sententialiter quod scientie actiue vel
factiue sunt de his rebus: quarum principium est in sciente
Speculatiua vero de his quarum principium non est in sciente
primpossibile est autem eiusdem rei esse et non esse principium in sci
ente. ergo secundum intentionem philosophi impossibile est eandem rem esse
subiectum practice et speculatiue scientie. ⁋ Secundo idem. p. 6. ethi¬
volens ostendere que sit differentia intellectus speculatiui a practi 
co. supponantur inquit duo rationem habentia. vnum quidem quo spe¬
culamur talia entium quorum principia non contingunt aliter se
habere. vnum autem quo contingentia. Et eustracius ibi dicit quod
scientificum et rtiocinatiuum differunt penes obiecta que sunt ne¬
cessarium et contingens. ⁋ Item infra probat. p. quod nec ars neque pru
dentia est scientia: quia scientia est circa necessaria: prudentia vero
et ars circa contingentia. videtur igitur velle. vtrobique. p. quod
speculatiua scientia est de rebus necessariis: practica ve¬</Unicode>
            </TextEquiv>
        </TextRegion>
    </Page>
</PcGts>
