2437 3521
216 238 1112 321 propter se. ⁋ 2o ad idem arguit alius. Contingit hominem dilige¬
201 310 1110 358 re aliquod bonum creatum: vt scientiam et virtutes: non referendo illud
210 348 1115 400 actu in deum: nec estimando illud esse in aliud non referibile:
203 390 1112 447 nec figendo se ad non referendum. igitur possibile est actus medius qui non
207 426 1119 495 sit vsus nec fruitio. Antecedens patet. consequentia probatur. Nam talis actus si est:
210 474 1113 537 non est vsus: quia actu non refert: nec est fruitio: quia non estimat
204 513 1110 577 irreferibile: nec figit se ad non referendum. Fruitio autem vltra
207 558 1117 625 complacentiam addit ex parte intellectus estimationem. et ex parte volun
191 598 1104 665 tatis fissionem de non referendo ad aliud: sed in illo finaliter
196 646 1117 718 consistendo. ⁋ 3o alius sic. aliquid potest amari non tanquam finis sim¬
215 690 1105 753 liciter: et tanquam summum sibi possibile praesentari: nec esse propter aliud:
195 737 1110 794 igitur aliquis actus medius inter fruitionem et vsum est possibilis. consequentia
204 783 1116 843 patet. quia talis actus: cum non sit referens non est vsus. Item non est
195 824 1112 885 fruitio: quia illud non acceptatur tamquam vltimus finis et summum si¬
188 862 1106 932 bi possibile praesentari. Antecedens probatur. Nam secundum philosophum primo ethi. quoddam est
195 913 1107 974 eligibile propter se tantum: et non propter aliud: vt felicitas. quoddam propter
195 953 1109 1017 aliud: et non propter se: quadam vero propter se: et propter aliud: qualia sunt ho
198 994 1114 1064 nor voluptas et virtutes. talia enim vt ait. eligimus propter seipa:
186 1045 1094 1109 nullo enim alio adueniente eligeremus horum vnumquodque ipsorum.
196 1083 1106 1139 Eligimus autem et felicitatis gratia per hoc suspicantes felices fo¬
182 1131 1094 1186 re. et sic patet quod talia possunt amari propter se et non propter aliud. et tamen non
195 1167 1109 1223 tanquam finis vltimus. ⁋ hoc potest confirmari: quia si talis actus esset
192 1211 1098 1273 fruitio esset viciosus: quia esset fruitio vtendorum. Sed non videtur ratio¬
188 1256 1096 1314 nabile dictum. igitur. Constat autem quod etiam non est vsus. igitur medius.
204 1296 1086 1370 ⁋ 4o ad idem arguitur ab aliis: quis potest dare elemam pauperi natura
178 1337 1100 1406 li pietate non referendo illum actum ad deum quo fruendum est: nec ad
192 1384 1091 1459 aliud quao fruendum est: quia nullo antio a deo fruendum est. vt patet per Aug.
189 1427 1094 1491 imo de doc. christia. ergo iste actus non est fruitio: nec vsus: quia tunc esset
185 1475 1091 1533 peccatum: quia cum sit respectu alterius a deo: si esset fruitio esset
192 1516 1091 1576 pctatum: et cum non sit propter deum non esset vsus ordinatus: consequens vt videtur est
179 1564 1085 1620 falsum. ⁋ 5o possibile est rationem alicui erronese dictare quod aliquod
180 1600 1091 1675 est diligendum: non propter se: nec propter aliud: ponatur ergo quod sic dictetur
176 1652 1101 1710 alicui autem voluntas potest se conformare huic dictamini: et tunc
183 1689 1088 1746 habentur propositum: quia actus quo diligit aliquid: nec propter sex
180 1733 1094 1797 nec propter aliud: nec erit fruitio: nec vsus. Aut non potest: et tunc
183 1772 1082 1838 sequitur: quod voluntas necessario erit difformis rationi. et per consequens necessario
179 1822 1089 1880 peccabit: quia tunc necessario agit: vel murmurat contra conscientiam. omne
176 1867 1067 1932 aut quod est contra conscientiam: siue rectam siue erroneam est peccatum. ⁋ Ad primo
177 1904 1086 1967 concedo: quod aliquid potest absolute ostendi voluntati vt bonum: et
168 1953 1083 2008 quod voluntas habere potest actum circa illud . non tamen actum qui non sit
176 2000 1076 2053 circa illud. vel propter se: vel propter aliud: licet non dictetur a ratione ipsum
180 2039 1079 2092 esse diligendum propter se. nec est ipsum esse diligendum propter aliud. sicut
173 2077 1082 2141 etiam aliquid potest absolute apprehendi absque dictamine quo dictetur
177 2122 1073 2185 ipsum esse diligendum vel odiendum. et tamen voluntas non potest habere
179 2176 1085 2230 actum circa illud: nisi diligendo vel odiendo. Item potest absolu
168 2208 1070 2271 te apphendi: absque dictamine: quod ipsum sit diligendum: vel quod
161 2252 1076 2321 non sit diligendum: et tamen voluntas non potest: nec diligere nec non
161 2301 1078 2355 diligere. sed necessario diliget vel non diliget. Si illud autem dili
176 2351 1073 2402 gat propter se: sic quod non propter deum actualiter vel habitualiter profecto
182 2388 1070 2445 peccabit. ⁋ Ad 2m nego consequentia. Ad probationem cum probatur quod
171 2435 1074 2486 non sit vsus. quia non refertu. si intelligatur quod non refert actu nec
164 2470 1077 2541 habitu. concedo. sed tunc dico quod est fruitio. Cum probatur quod non:
171 2523 1082 2578 qui non estimat illud non referibile: nec figit se ad non refe¬
177 2569 1062 2623 rendum scilicet nolendo referre: dico quod probatio nulla est: quia neut
170 2601 1072 2662 horum requiritur ad fruitionem: sed sufficit hoc solum scilicet nec actu nus
168 2645 1080 2708 habitu referre: et hoc est diligere rem propter seipam. Et quod talis esti
179 2696 1076 2745 matio non sit necessaria in intellectum probatur ex hoc quod non omnis peccans
185 2732 1071 2794 fruendo creatura habet talem estimationem alias quilibet talis
179 2775 1064 2839 haberet errorem in ratione et falsam estimationem de fine et principio agi
173 2816 1073 2873 bilium. quod falsum est. vt de incontinente: et patet per quotidianam experien
179 2864 1074 2922 tiam. multi enim sunt qui diligunt honores et pecuniam eis fruen¬
176 2904 1076 2964 do sicut omnes superbi et auari: et tamen non estimant ipsa non esse refe¬
170 2946 1071 3011 ribilia in deum. Item nec est necessium quod in voluntate: sit actus vo
176 2990 1073 3049 lendi referre: pauci enim sunt peccatores qui talem actum volendi
168 3034 1076 3118 habeant: sicut experientia docet: qui tamen fruuntur creatura: vt
1169 273 2078 334 dictum est de superbis et auaris. Si vero talis non referat actualiter:
1173 318 2077 381 referat autem habitualiter: tunc est vsus. ⁋ Ad 3m dico quod ali¬
1165 363 2077 427 quid appeti tanquam vltimus finis: et summum sibi possibile praesentari potest
1176 413 2076 453 intelligi dupliciter. Uno modo sic. quod illud sit iudicatum esse vltimus
1169 445 2061 509 finis: et summum etc. vel appetendum esse tanquam vltimus finis: et
1167 489 2065 553 sic aliquid appetere tanquam summum bonum: et vltimus finis non est
1175 538 2069 596 necessium ad hoc vt quis fruatur: vt proxime dictum est. Alio modo quod
1173 578 2059 638 appetatur sicut vltimus finis etc id est sicut appetitur vltimus fi¬
1157 626 2062 682 nis. retenta similitudine: quantum ad hoc quod est non appeti propter
1161 671 2061 730 aliud amatum: et hoc bene necessium est ad fruendum aliquo: et sufficit
1164 711 2068 774 etiam. Et si in 2o sensu sumatur antecedens neganum est. Si vero in primo ne
1163 755 2063 812 ganda est consequentia. ⁋ Ad confirmationem dico quod si talia appetan
1169 802 2070 855 tur: et non propter aliud actu vel habitu: talis est appetitus vitiosus
1163 840 2058 905 et peccatum. nec obstat quod illa secundum se bona sunt: quoniam vt dicit Aug.
1160 879 2069 947 2o de libedo arb. Neque illa bona quae a peccantibus appetunt.
1170 927 2055 990 vllo modo mala sunt: neque ipsa voluntas libera: quam in bonis
1164 971 2060 1033 quibusdam numerandam esse coperimus. Sed malum est auersio volumn
1161 1019 2055 1072 tatis ab incommutabili bono: et conuersio ad commutabile bonum:
1158 1061 2060 1116 auertitur autem voluntas. ab incommutabili bono: et conuertitur ad
1161 1103 2055 1156 commutabile. cum non propter deum aliud bonum diligit. vnde quamuis
1149 1141 2049 1206 talia sint secundum se diligibilia: non tamen sunt propter se diligenda: et qui
1162 1188 2059 1245 ea propter se diligit peccat. vt patet per Aug. 10. de ci. dei. vbi ait.
1158 1228 2052 1290 Licet a quibusdam tunc vere honeste putentur esse virtutes: cum
1148 1272 2057 1330 referuntur ad seipsas: nec propter aliud expetuntur etiam tunc in¬
1145 1319 2054 1371 flate atque superbe sunt: et ideo non tunc virtutes: sed vitia iudi¬
1149 1365 2054 1421 causada sunt. ⁋ Ad 4m concedo quod actus dandi elemosvnam si non
1149 1408 2046 1467 referatur in deum: nec actu nec habitu: est peccatum. et patet hoc per
1146 1450 2057 1502 Augm lib. 4o contra Iulianum vbi expresse determinat: quod opera
1149 1492 2053 1553 misericoria facta ab in fidelibus: quia non propter deum fiunt eis pecca
1149 1537 2049 1590 ta sunt. Et antea valde prolixe probat: necnon declarat omnia
1145 1576 2042 1639 eorum opera quae videntur esse virtutes: eo quod non propter deum fiunt esse
1159 1619 2056 1684 pctam. vnde ait. quicquid boni fit ab homine: et non propter hoc fit: propter
1146 1671 2058 1720 quod debere fieri vera sapientia praecipit: et si officio videatur bonum:
1157 1712 2055 1758 pso nec recto fine peccatum est. Et paulo ante dicit: quod in infide
1146 1746 2048 1801 libus nulla est vere virtus: quia cum non ad suum referuntur auctorem
1142 1790 2039 1844 dona dei hoc ipso male vtentes efficiuntur iniusti. Et infra hoc
1151 1832 2042 1893 peccantes quod homines sine fide non ad eum finem ista opera retu¬
1150 1880 2041 1943 lerunt: ad quem referre debuerunt. Item infra. Non erit igitur in
1146 1924 2036 1973 eis vera iustitia: quia non actibus: sed finibus pesantur officia¬
1155 1961 2055 2026 qutem in enchiridion. Quia ita fit inquit vel timore pene vel aliqua
1148 2013 2039 2054 intentione carnali vt non referatur ad illam charitatem quam dif¬
1140 2050 2036 2113 fundit oimpotens dominus in cordibus nostris: nondum fit quemadmo
1139 2091 2040 2154 do fieri oportet: quamuis fieri videatur. Si autem non fit vt oportet: con¬
1136 2136 2036 2191 stat quod est peccatum. et ista est expressa sententia Aug. per magnam partem
1145 2178 2051 2241 illius quarti lib. contra Iui. ⁋ Ad 5m dico quod quamuis intellectus pos¬
1133 2221 2032 2290 sit dubitare de aliquo vtrum sit diligendum propter se: vel propter
1137 2274 2028 2327 aliud: quod tamen possit iudicare determinate: vel dictare ali¬
1133 2311 2033 2363 quid esse diligendum: et tamen nec propter se: nec propter aliud: mihi dif¬
1134 2351 2027 2405 ficile est loquendo de homine sane mentis: sicut difficile mi¬
1139 2393 2027 2460 hi est: quod aliquis posset iudicare aliquid esse diligendum:
1136 2442 2030 2490 et non esse diligendum. Si tamen detur ita cotingere: dico quod impos¬
1128 2484 2030 2541 sibile est voluntatem se tali iudicio conformare: nec ei sen
1136 2531 2022 2588 non conformando peccabit. Et verbum quod adducitur intel¬
1136 2571 2033 2625 ligendum est: vbi talis est conscientia cui se voluntatem
1137 2612 1679 2670 conformare non sit impossibile etc.
1115 2659 2045 2746 Quantum ad 2m articulum. Utrum scilicet onnis vsus sit
1408 2699 2034 2761 fruitio: est opinio vna dicens quod vsus si
1140 2751 2043 2806 ue actus vtendi potest accipi tripliciter. Uno modo pro omni actu qui
1134 2795 2044 2847 non est fruitio. Alio modo pro actu terminato ad aliquod obie¬
1128 2830 2022 2883 ctum causato ex actu fruendi respectu alicuius. 3o modo pro
1130 2879 2021 2929 actu qui existens vnus tendit in aliquid propter aliud: hoc 3a
1124 2918 2028 2978 modo strictissime accipi dicit actum vtendi. Et omnem talem di¬
1122 2966 2026 3023 cit esse actum fruendi: licem non respectu eiusdem obiecti: sed
1137 3002 2022 3058 respectu finis: et propter quod aliud appetitur: est fruitio: respectum
1136 3052 2039 3114 vero eius quod est ad finem: seu quod appetitur propter aliud
