2444 3524
224 278 1115 353 nec magis reputari impossibile deo debet: quod quis velit inco¬
215 347 1123 404 gnitum: quam quod quis videat non existens. ⁋ Ad 3m dico: quod maior
217 390 1109 444 et minor sunt false: et quia neutra probat non est opportunum ali
233 428 1107 488 qud dicere. ⁋ Ad 4m dico quod illud dictum non facit pro opinio
221 474 1109 531 ne cum sit disiunctum: faceret autem si esset copulatum. ⁋ Ad 5
212 513 1116 571 dico negando consequentia. Nam quamuis voluntas non sit cognitiua per
215 554 1116 613 volitionem: est tamen cognitiua per intellectionem: cum ipsa sit intel¬
214 597 1125 653 lectus secundum te. Si aut poneretur distincta ab intellectu: aut
218 641 1106 709 si consequens intelligeretur sic id est voluntas non esset apprehensiua inquam
209 689 1110 742 tum voluntas consequens concederem: nec esset inconueniens et de facto
213 727 1121 784 concedo hoc 2m scilicet quod non inquantum voluntas est cognitiua: sed
221 772 1108 830 inquantum est intellectus. ⁋ Ad 6oum nego consequentia: quia ad beatitudi
215 815 1109 871 nem per se et essentialiter requiritur visio. ⁋ Ad 7m concedo antecedens
213 859 1114 927 de potentia naturali et propria: non autem de potentia dei absoluta: nec opositum
216 901 1120 968 probatur. ⁋ Ad 8m si per vltimum fine homnis intelligatur beatitu
213 951 1102 1008 do: sicut prosequendo videtur argumentum accipere: maior est falsa:
200 986 1108 1051 quinimmo talis finis ad minus duas operationes includit scilicet vi¬
209 1038 1102 1098 sionem et fruitionem: quamuis vna illarum sit principalior: quae si ideo so¬
197 1077 1100 1132 la vocet vltimus finis. concedo quod est vna operatio: et quod illam
198 1129 1108 1183 posset deus conseruare sine altera: sed si sic fieret illa vtique
205 1172 1115 1223 esset operatio qua nunc est: non tamen esset beatifica nec pars beanti
203 1211 1104 1265 tudinis: sicut nunc: quia beatitudo non esset: et loquor de beati¬
199 1256 1113 1318 tudine perfecta: que sola proprie dicitur beatitudo. ⁋ Ad primam
200 1300 1109 1350 auctoritatem Aug. dicendum sicut in eisdem capitulis patet ibi. Sa¬
200 1342 1109 1390 pientia et cultus ille de quo loquitur non est vnicus actus sim¬
201 1389 1095 1446 plex: sed includit tres actus trium virtutum theologicarum: quarum
197 1432 1105 1488 principalior est amori: et propterea ipsa sapientia dicitur amor: ex hoc
196 1475 1105 1530 autem non sequitur quod amor sit notitia: sicut nec sequitur quod sit fides
204 1516 1095 1574 vel spes. ⁋ Ad alias duas respondeo sicut ipsemet qui eas alle
191 1554 1102 1619 gat vidit et scripsit posse dici. ideo secundum veritatem ad mentem san
192 1604 1098 1659 ctorum esset dicendum: quod auctoritates intelligi debent per concomitan
194 1644 1104 1705 tiam id est omnis amans intelligit. et contra istam responsionem ipse nihil dicit
201 1689 989 1746 videns eam non posse tolli sufficienter. Et hec de isto.
184 1738 1113 1817 Quantum ad 2m articulum pono. 4. conclusiones Prima
484 1779 1101 1829 est: quod omnis delectatio est operatio. 2a est: quod
194 1818 1106 1865 omnis delectatio est dilectio. 3a non omnis dilectio est delecta¬
201 1863 1104 1910 tio. 4a non omnis dilectio est desiderium vel delectatio: sed est
200 1903 1104 1956 aliqua que non est hec nec illa. ⁋ Prima conclusio probatur primo auctoritate
194 1949 1104 2001 philosophi. 7. ethic. vbi delectatione diffiniens dicit: quod est eius
192 1996 1104 2040 qui secundum naturam habitus non impedita operatio. Ex qua diffinitione patet:
191 2037 1104 2091 quod operatio genus est delectationis. Et per consequens omnis delectatio
191 2081 1103 2130 est operatio. ⁋ 2o Damascens lir 3. diffiniens energiam que latine
195 2119 1095 2176 dicitur operatio ait. Energia. id est operatio aut actio est operatiuus et
202 2160 1094 2223 substantialis naturae motus. Et eust. dlo ethi. iuxta principium. Dpera
198 2206 1104 2260 tio inquit est vniuscuiusque subiecte id est essentie innatus motus. sumi
186 2247 1099 2300 tur autem motus generaliter pro omni actu 2o seu pro vsu virtutis
194 2298 1091 2344 operatiue. ⁋ Unde. p. 9. meta. dicit: quod hoc nomen actus primo
191 2342 1098 2386 venit a motu: cum sit manifestior. Et determinaturus de
191 2382 1086 2443 actu dicit: quod non potest manifestari per diffinitionem: sed magis prio
195 2425 1092 2472 exempla. Et deinde declarato per exempla quid est actus: diuidit
185 2474 1095 2522 ipsum in actum qui est forma et actu qui est operatio. Et hoc per
197 2512 1091 2566 similitudinem. vnde ait. Dicuntur autem actu non omnia similiter: sed aut vt
187 2557 1090 2614 hoc in hoc: aut ad hoc. Et declarans primo 2m. 2o primum ait. hoc quidem
194 2603 1094 2647 enim vt motus ad potentiam et hoc vocatur actus 2s. illa vero vt sub¬
197 2645 1088 2695 stama id ist forma ad aliquam materiam: et iste vocatur actus primus. Similit
197 2690 1100 2741 2o de anima dicit. actus primus est vt scia. 2 vero sicut considerare:
196 2733 1092 2787 cuius primus est principium. ⁋ Ex hoc patet quod omnis actus 2o siue motus
200 2775 1091 2825 operatiue potentie est operatio: omnis delectatio est huiusmodi: nam est mo¬
200 2820 1089 2874 tus voluntatis. igitur. Minor patet: tum quia non minus delectari et
192 2863 1094 2913 gaudere dolere et tristari sunt motus voluntatis: quam odire et
191 2906 1098 2954 amare timere vel desiderare prout satis cuilibet apparet. Tum
191 2950 1091 2994 qui Aug. expraesse. 14. de ci. dei. vocat delectationem et tristi¬
187 2987 1090 3048 tiam motus voluntatis: sicut etiam amorem dicit esse motum. 83 q.
200 3030 1088 3081 Tum est per. p. o reth. dicit quod delectatio est motus quidam anime et
192 3080 1099 3148 constitutio simul tota sensibilis in existentem naturam id est in rem existem
1177 283 2080 371 tem. id est praesentem secundum naturam id est conuenientem secundum inclinationem naturae
1187 347 2073 414 vel habitus aut alterius inclinantis per modum naturie: et per consequens
1171 399 2074 449 commodam delectanti: et si bene aduertatur sententialiter: ista non dif
1175 436 2082 490 fert aut parum ab illa quae posita est. 7. ethic. et supra allegata:
1172 487 2070 534 nisi quod hic ponitur sensibilis. corrigit ibi. p. dicens: melius di¬
1176 524 2082 580 ci non impedita. ⁋ 3o omnis volitio est operatio: omnis delectatio est
1169 567 2083 631 volitio: igitur. Maior et minor patent expresse ab Aug. 14. de
1170 617 2064 669 ci. dei. vbi loquens de illis. 4. affectionibus: cupiditate leti¬
1167 655 2061 712 tia metu et tristitia ait. Uoluntas quippe in omnibus est: immo omnes
1168 699 2067 760 nihil aliud quam voluntates sunt: voluntates vocans actus quos
1170 746 2083 810 volitiones vsitatius moderni appellant. ⁋ 2am conclusionem probo
1170 783 2076 839 sic. Primo. omnis operatio seu actus voluntatis est dilectio vel
1167 828 2063 882 odium non distinguo pro nunc inter amorem et dilectionem) et nn
1165 875 2072 928 dilectio est odium. igitur omnis delectatio est dilectio. consequentia patet. quia
1176 917 2058 980 omnis delectatio est actus voluntatis: vt patet ex principia conclusione. Antecedens qui ad
1166 958 2061 1018 secundam partem notum est. Prima pars probatur. Nam omnis actus volun¬
1166 1009 2064 1061 tatis est nolle vel velle secundum omnes: seu consensio vel dissensio
1158 1044 2083 1108 secundum sententiam Aug. 14. de ci. dei. seu prosecutio vel fuga secundum quod
1172 1089 2083 1150 inuit. p. 6. ethi. et omnia hec idem significant: omne autem velle est dile
1162 1132 2061 1194 ctio et econverso et omne nolle est odium et econverso sumendo generaliter istos
1170 1174 2082 1233 terminos odium et dilectio. ⁋ 2o omnis complacentia est dilectio.
1154 1219 2063 1275 omnis dilectio est complacentia. igitur etc. Maior patet per Aug. diffi
1155 1268 2083 1321 nientem complacentiam. e.t de tri. Placitum inquit quieta mens seu est
1167 1305 2060 1363 voluntas placitum et complacentia idem: est autem voluntas quieta
1156 1357 2063 1402 id est volitio qua mens seu appetitus quiescit: nullo autem actu vo¬
1158 1394 2057 1453 luntatis appetitus quiescit: nisi amore et dilectione: quamuis non
1148 1442 2064 1496 omni amore quiescat. Minor probatur ex eodem dicto. Nam cum
1145 1487 2054 1536 diffinitio sit conuertibilis vniversaliter cum diffinito: et omni delectatio
1152 1523 2051 1587 ne appetitus quiescat. Unde et communiter dicitur quod delectatio importati
1163 1570 2083 1624 quietem voluntatis. Et Aug. 10 de tri. ait. Fruimur cognitis est
1152 1612 2060 1666 in quibus voluntas ipsis propter se ipsa delectata conquiescat: se¬
1151 1659 2082 1702 quitur quod omnis delectatio est complacentia. ⁋ 3o omne deside¬
1158 1701 2070 1753 rium est amor. igitur omnis delectatio est amor. consequentia patet. quia secundum omnes
1152 1739 2047 1801 sicut se habet desiderium ad amorem non habiti: sic delectatio ad
1151 1788 2082 1838 amorem habiti et praesentis. Antecedens probatur per Augu. 9. de tri. vbi est
1155 1824 2058 1882 sententialiter dicit: quod appetitus cognoscedi aliquid ignotum est quidem
1148 1870 2061 1935 de graesentie amoris. et probat: quia est quadam inquisitio: et omnis inquisiuo vo¬
1163 1909 2056 1971 luntas. Nam omnis qui querit: inuenire vult: ex qua sententia patet: quod
1150 1956 2063 2015 omnis appetitus seu desiderium est amor: et patet etiam vnum supra
1157 2000 2054 2055 assumptum scilicet quod omnis volitio est amortis alias probatio Aug. nul¬
1158 2041 2066 2101 la esset: qui per hoc quod inquisitio seu appetitus ille est voluntas:
1152 2087 2082 2153 concludit quod est amor. ⁋ 4o idem probatur auctoritate Augu. 14. de
1157 2127 2083 2190 ci. dei. vbi ait sic. Quid est cupiditas et letiua nisi voluntas co
1150 2167 2053 2232 in eorum consensione que volumus: et quid est metus atque tristitia:
1158 2217 2051 2268 nisi voluntas in dissensione ab his que nolumus: Sed cum con¬
1154 2256 2047 2319 sentimus appetendo ea que volumus cupiditas est: cum autem con
1158 2301 2042 2364 sentimus fruendo his qua volumus letitia vocatur. Itemque cum
1155 2344 2045 2398 dissentimus ab eo quod accidere nolumus: talis voluntas metus
1152 2388 2057 2447 est. cum autem dissentimus ab eo quod nolentibus accidit: talis volumn
1149 2434 2052 2492 tas tristitia est. Uocat autem Aug. omnem actum voluntatis volun¬
1148 2482 2045 2529 tatem: licem forte strictiori locutione actus ille quem vocamus lo
1158 2526 2051 2586 cutionem: et Aug. dissensionem: potius dicendus esset noluntas: quam
1151 2566 2054 2616 voluntas: sed non est fienda vis in vocabulo: vbi sensus no
1155 2606 2049 2665 latet. Dicit quoque omnes praedictas affectiones esse voluntatis: dif¬
1156 2648 2049 2705 ferunt tamen: quia due earum scilicet cupiditas et letitia sunt consensiones. id est
1164 2696 2046 2753 volitiones. Reliqua vero scilicet metus et tristia sunt dissensiones seu
1160 2738 2042 2788 nolitiones iuxta vsum modernum. cupiditas autem est consensio
1157 2784 2058 2842 non habiti: in quod appetendo mouemur. Letia vero consensio in
1145 2820 2046 2882 eo quo fruimur: et accipit frui communiter pro quiescere per amorem
1160 2866 2046 2926 in aliquo bono adepto et praesente. Ex quibus patet letitiam quae non est aliuda
1152 2910 2052 2962 quam delectatio esse amorem: quae in aliquo quiescimus et complacemus. Cui
1146 2958 2041 3006 concordat quod in sequenti caprio ait. Amor igitur inhyans habere quod
1148 3002 2070 3048 amatur cupiditas est: id aut habens eoque fruens letia. ⁋ huic
1145 3042 2069 3095 auctoritati respondent aliqui dicentes illam praedicationem intelligendam esse perl
1155 3088 2068 3143 causalitatem et non per identitatem: quia scilicet amor fruens causa delectationis
