2494 3548
377 236 1287 310 sio que non est propositio: quin immo etiam et vna propositio
374 294 1293 349 falsa: et tamen nec prima principia nec apprehensio incomplexa nec
373 331 1301 405 propositio falsa scitur scientia: de qua nunc loquimur. ergo etc.
380 374 1292 444 ⁋ Si dicatur quod conclusio apprehenditur apprehensione iudiciaria
377 418 1287 483 et enunciatiua: hoc erit vt videtur: apprehensione qua cognosci¬
384 458 1299 523 tur ipsa conclusio esse conformis rei seu esse vera. Nam nul
390 508 1301 568 la alia videtur esse ad propositum. sed certum est quod non quili
382 547 1299 611 bet demonstrans habet talem noticiam de suam conclusione. Unde
384 590 1289 654 nec geometer demonstrans latera trianguli descripti se¬
377 637 1300 703 cundum doctrinam prime conclusis primi euclidis esse equalia considerat
386 683 1300 745 vel apprehendit: quod conclusio qua enunciat illa esse equalia est vera. nec
375 724 1301 789 medicus concludens tali morbo talem debere dari medici¬
387 769 1300 832 nam cogitat quod sua conclusio est vera quamuis vterque cognoscere fa
386 805 1299 870 cillime possit. ⁋ Praeterea sicut aliud est querere vtrum latera hu¬
393 854 1292 913 ius trianguli sint equalia: et aliud vtrum hec propositio latera hu¬
380 899 1295 958 ius trianguli sunt equalia. sit vera. sic aliud est scire hoc
387 940 1304 1000 et aliud est scire illud. Et certum est quod primum scire vel solum
391 982 1292 1043 vel maxime est geometre: et tale acquiritur in eo per demonstra¬
383 1028 1301 1087 tionem ergo eius obiectum non est conclusio illa. ⁋ Praeterea nec secundi scire
384 1068 1298 1134 illa conclusio est obiectum totale. nam per ipsum scitur quod illa conclusio est
390 1111 1296 1173 vera. et per consequens si aliqua propositio debeat dici obiectum eius. erit hec
393 1164 1291 1213 latera huius trianguli sunt equalia: est propositio vera: et eius pars est
386 1203 1301 1259 illa prima contra vt patet. ⁋ Item et ipsa non est conclusio demonstrationis per
391 1244 1298 1311 quam aquiritur ipsum secundum scire. et per consequens nullius scientie obiectum
381 1290 1299 1344 est contra demonstrationis per quam acquiratur. ⁋ 2o ad principa¬
392 1332 1299 1389 le suppono quod sic esse vel non sic esse. non est propositionem enun
380 1377 1294 1440 ciantem sic esse vel non sic esse veram. et hec suppositio nota
384 1418 1301 1484 est: et patet etiam per philosophum in postpraedicamentis. capitulo de priori. vbi
386 1466 1301 1528 vult quod quamuis illa adinuicem conuertantur secundum consequentiam: nihilo¬
381 1506 1298 1566 minus tamen sic esse est causa quod propositio sit vera et non est conclusio. et per consequens:
386 1549 1289 1607 sic esse non est propositionem enunciantem sic esse veram. ⁋ Item sup
385 1592 1302 1661 pono: quod sic esse non est propositio enuncians sic esse: et hoc etiam dicit philosophus
384 1638 1291 1692 in postpraedicamentis. capitulo de oppositis. Non est autem inquit quod sub
378 1690 1302 1736 affirmatione et negatione iacet affirmatio a negatio. et pro¬
383 1726 1296 1777 bat. affirmatio namque est oratio affirmatiua et negatio oratio ne¬
388 1764 1295 1829 gatiua: horum vero que sub affirmatione et negatione sunt nul
389 1809 1299 1866 lum est oratio. Suppono etiam 3o quod propositio aliqua non est ipsam
384 1853 1301 1919 esse veram. hoc patet. nam alias quicuque apprehenderet propositio¬
387 1898 1289 1956 nem: apprehenderet ipsam esse veram. Item quia contingit eam¬
381 1945 1293 1995 dem propositionem esse veram et falsam successiue. his super¬
384 1985 1291 2043 positius arguo sic. per demonstrationem cuius conclusio est. super quamli
383 2026 1297 2080 bet lineam finitam rectam contingit triangulum equilaterum
393 2070 1283 2132 collocare. acquiritur scientia qua precise scitur quod super quamlibet
390 2120 1287 2168 lineam finitam rectam contingit etc. igitur illius scientie non est obie¬
379 2155 1287 2214 ctum ipsa conclusio. Antecedens patet: quia si aliquid aliud sciretur: non videretur
384 2199 1286 2261 quod aliud quam quod illa contra est vera: sed hoc est falsum. nam licet hoc
383 2251 1299 2305 sciatur hoc est per alium discursum. quo ex eo quod super quamlibet
386 2293 1289 2343 lineam etc. infertur quod propositio illud enuncians est vera. et per
380 2342 1286 2393 consequens per aliam scientiam. ⁋ Confirmatur: quia sicut non idem est sic
384 2379 1281 2432 esse. et propositionem enunciantem sic esse: esse veram. vt patet ex post¬
383 2421 1289 2481 praedicamentis et ex prima suppositione: sic non eodem actu sciendi
388 2466 1285 2515 scitur vtrumque. consequentia nota est: quia super quamlibet lineam etc. non
373 2505 1283 2567 est ipsa conclusio vt patet ex secunda suppositione: sed per ipsam significa
389 2554 1293 2605 tur: et sicut de illa conclusione argutum est: ita et de qualibet respectu
382 2595 1278 2653 scientie acquisite per demonstrationem: cuius ipsa est conclusio: argui potest. ⁋ Praterea
381 2638 1293 2693 arguo quod nullius scientie contra demonstrationis sit obiectum: quia si
380 2683 1284 2732 esset alicuius vel illius qua scit sic esse sicut ipsa significatt: vel
384 2728 1281 2776 illius qua scitur. quod ipsa est vera: non enim apparet cuius alterius: sed
378 2774 1289 2822 neutrius: quia neutrum dictorum scibilium vel scitorum ipsa est obie
380 2810 1281 2865 ctum vt patet ex 2a et 3a suppositionibus. ⁋ 2am conclusionem probo primo
384 2856 1283 2907 quia si res extra esset obiectum multe scietie essent de contingenti¬
386 2903 1284 2954 bus aliter se habere tamquam de obiectis: consequens est falsum accipien
396 2944 1290 2991 do scientiam proprie. Nam vt ait philosophus 6o ethicorum. Omnes suspica¬
395 2987 1290 3037 mur quod scimus non contingere aliter se habere et ex hoc con
390 3026 1287 3095 cludit quod scibile est eternum et ex necessitate et eandem sententiam po¬
1344 222 2259 291 nit primo posteriorum. consequentia tenet. Nam omnis res corruptibilis potest
1355 289 2261 331 aliter se habere secundum philosophum. et secundum veritatem: omnis res preter de¬
1359 326 2260 373 um est contingens et non necessaria. Si vero res ex sint obiecta
1347 362 2256 421 scientiarum multe scientie et physice et geometrice et alie plures esent
1354 414 2249 462 de rebus aliis a deo a contingentibus. Et pro certo ad nullum
1364 461 2253 506 verum sensum saluari posset quod huiusmodi essent de necessariis
1349 493 2256 549 et impossibilibus aliter se habere et eternis et alia his similia dictis
1345 543 2256 601 philosophorum si res extra scirentur seu essent scientiarum obiecta. ⁋ 2o si res
1351 590 2249 639 ex essent obiectum totale scientie: vt nunc de obiecto loquimur: ea¬
1361 626 2249 681 dem ratione res extra essent obentum opinionis et fidei et erroris. et per consequens
1346 668 2262 724 contingeret quod idem homo idem sciret et opinaretur et crederet et etiam
1353 708 2256 773 ignoraret ignorantia contrarie dispositionis quae error nominatur: que
1351 761 2248 816 omnis sunt absurda: patet consequentia Nam contingit eundem scire quod
1359 806 2256 856 deus est eternus: opinari quod solus et immediate moueat ce¬
1350 842 2253 899 lum: credere quod sit trinus in personis: errare putans quod sit in
1355 886 2250 945 vigore finitus. ⁋ 3o si res esset obiectum scientie esset et obiectum
1356 930 2256 984 assensus scientialis. Nam eidem assentimus quod scimus. et simi
1358 973 2255 1030 li ratione esset obiectum fidei. et vlterius sequitur ex hoc quod ali¬
1356 1017 2259 1078 quis fidelis licite ita firmiter crederet diabolo sicut deo.
1363 1057 2264 1118 Nam fidelis licite eque firmiter credit quod dyabolus non est
1353 1101 2258 1160 omnipotens sic quod deus est omnipotens. sequitur est quod eidem assentiret simul et
1359 1150 2253 1207 dissentiret sic in confirmatione rationis opposite recitate declarabatur. Omnia
1356 1192 2259 1249 hec autem sunt absurda. quare etc. ⁋ 3a conclusio probatur. primo quia vel
1362 1239 2250 1292 obiectum scientie totale est conclusio vel tota demonstratio vel res
1354 1276 2246 1336 extra vel significatum totale conclusionis. seu significata totalia prae¬
1353 1331 2261 1385 missarum et conclusionis. sed non conclusio vt prius probatum est. nec etiam tota de¬
1355 1360 2256 1423 monstratio sicut eisdem probari potest. nec etiam res extra: vt patet ex
1355 1407 2259 1465 2a conclusione. nec significata omnium propositionum demonstrationis: quia vt
1357 1455 2246 1513 infra patebit: non eodem actu omnia cognoscuntur. igitur significatum
1361 1497 2261 1550 totale conclusionis. ⁋ 2o idem est obentum scientie et assensus scientialis siue as¬
1365 1541 2256 1603 ensus sit scientia siue distinguatur. Nam ei quod quis scit assentit: sed
1356 1583 2250 1639 obiectum assensus scientialis est significatum conclusionis: ei enim assentit quis
1364 1636 2255 1684 habens demonstrationem quod significat contra demonstrationis. Unde habens de¬
1352 1666 2265 1725 monstrationem quod super lineam rectam finitam etc. assensu scientiali
1361 1715 2252 1773 assentit et credit id ipsum quod significat illa conclusio et idem est de quocum
1365 1764 2255 1820 que alio assensu siue fidei siue opinionis. Nam per illum
1361 1804 2261 1854 id creditur quod complexum conforme significatur. Unde sic per istam. deus
1347 1847 2252 1896 est omnipotens. significatur deum esse omnipotentem: sic fidelis credit deum esse
1350 1890 2252 1944 omnipotentem: et ita de aliis consimilter. ⁋ Ex hoc vlterius patet: quod est
1358 1946 2258 1988 obiectum theologicum. Nam idipsum quod est significatum totale pro¬
1361 1978 2252 2030 positionis theologice. ⁋ Contra istud argui potest primo: quia vel
1353 2021 2255 2076 significatum totale propositionis est aliquid. vel nihil. si nihil ergo nihil est
1344 2073 2250 2119 obiectum scientie: et sic scientie nullum habet obiectum: cuius oppositum Si aliquid: vel ens
1344 2105 2241 2164 in anima: vel ens ex animam. si ens in anima: vel complexum: vel incomplexum
1356 2159 2247 2206 non incomplexum vt patet. ergo complexum: quod est contra primam conclusionem. ⁋ Item per
1349 2192 2247 2246 rationes prime conclusionis probari potest quod non sit ens in anima complexum
1351 2246 2247 2293 vel incomplexum. Si ens extra animam hebentur contra secundam conclusionem. ⁋ 2o de
1344 2288 2255 2339 talibus significatis propositionum videtur nullo modo posse dici quod sint eter
1349 2330 2248 2382 na et ex necessitate a non contingentia aliter se habere. ergo non sunt
1343 2372 2243 2424 obiecta scientiarum. Assumptum patet: quia sicut supra tangebatur: nihil
1350 2413 2253 2468 aliud a deo est necessarium. hec autem significata non sunt deus.
1343 2456 2247 2509 ergo etc. ⁋ 3o ex 3a conclusione argui potest contra 2am. Nam significatum
1359 2501 2247 2552 istius propositionis scibilis. deus est. est deum esse. hoc enim ipsa
1350 2545 2252 2600 significat. et hoc potest esse obiectum alicuius scientie a assensus: sed deum
1353 2587 2247 2634 esse non est aliud quam deus. quod probatur. quia omni alio a deo circumscri
1352 2630 2258 2680 pto deus est. ergo cum deus sit vera: immo verissima et summa res extra
1346 2676 2246 2726 animam aliquod obiectum scientie est res extra animam: quod est contra conclusionem 2am.
1346 2723 2256 2773 ⁋ Ad primum dicendum: quod hoc nomen aliquid. sicut et ista alia sibi syno¬
1349 2762 2245 2818 nima ens et res possunt accipi tripliciter. vno modo communissime. secundum quod omne
1347 2809 2240 2862 significabile complexe vel incomplexe et hoc vere vel false: dici¬
1347 2853 2246 2904 tur res a aliquid: isto modo philosophus in postprodicamentis. capitulo de opposi¬
1350 2895 2250 2949 tis significata propositionum contradictoriam vocat res: vt ibi patet. et eodem
1350 2935 2262 2987 modo accipit re ibidem. capitulo de priori. cum ait. dum res est vel non est
1356 2980 2247 3033 oratio vera vel falsa necesse dicitur esse: non enim quia homo non est aut quia
1356 3024 2253 3083 asinus non est ista oratio. homo est asinus. est falsa: sed quia homo non
