2446 3541
344 263 1255 334 dico quod illa maior non est vniversaliter vera si similitudo intelliga¬
351 316 1264 379 tur quo ad omnia vniversaliter: et hoc oportet eum met dicere qui sic ar¬
362 359 1260 431 guit: quod patet: alias oporteret dicere quod in appetitum animali et ra¬
352 403 1262 466 tionali etiam non sunt plura quam duo genera actuum scilicet fuga et deside
350 444 1256 514 rium: cuius oppositum dicunt. Assumptum patet. nam appetitus naturalis
357 500 1269 556 cum non habet alium actum: quam moueri ad locum proprium et recede¬
358 532 1256 600 re a loco non proprio siue inconuenienti: quiescere enim in loco
355 578 1271 649 proprio nullus omnino actus est: et sic est inquietari in loco ali¬
344 627 1262 684 quo: vt patet consideranti: nec fingere conuenit cuiusmodi actus
356 666 1263 733 sit aliquod illorum. et amplius si verum sit quod idem esset motus nume
356 709 1267 771 ro quo receditur a termino a quo: et acceditur ad terminum ad
364 754 1263 822 que: sicut. p. velle videtur. et verum est: saltem de motu locali qui
353 797 1263 860 magis facit ad propositum: sequitur quod idem actus sit fugere a lo
349 838 1262 904 co innaturali: et moueri vel accedere ad locum naturalem et si similitu¬
351 887 1267 952 do illa vniversaliter capiatur solus actus vnus secundum rem: et in appe¬
362 927 1269 990 titu animali: et etiam in appetitu rationali. potest tamen similitudo aliqualiter
352 973 1273 1041 concedi. valet. quod sicut in naturalibus est aliquod principans motum: vt
362 1018 1256 1083 grauitas et leuitas: que non sunt tales motus sicut in aliis at
353 1063 1268 1128 petitibus est aliqua inclinatio ad motum desiderii vel dele¬
349 1109 1259 1166 ctationis: et illa est amor rei prius desiderate vel delectan¬
356 1145 1262 1212 tis. iuxta illud Aug. 13. confessionum. amor meus pondus
349 1190 1260 1251 meum: eo feror quocumque feror: quamuis nec illud semper opor¬
353 1234 1269 1291 teat intelligi de amore actualiter elicito. et secundum hunc modum
355 1276 1264 1338 similitudo praedicta esset magis pro conclusione praemissa quam contra. ⁋ Ad
358 1319 1274 1378 2am dico quod intelligendo distinctione illam de amore amici¬
357 1365 1264 1424 tie vel concupiscentie: quemadmodum ostendit prosecutio argu¬
364 1408 1265 1463 menti: quo tamen modo non intelligunt alii doctores communiter: sicut
364 1458 1271 1514 patet in. Si Tho. Scoto a in aliis etiam scripturis posteriorum
357 1505 1271 1557 doctorum: accipiendo inquam sicut ipse accipit. dico quod illa ma¬
370 1541 1268 1594 or est falsa. nam est aliquis amor qui non est alicuius boni opta
362 1584 1266 1642 ti sibi: vel amico: nec quo delectatur amans in bono: quia ipse
355 1632 1268 1683 vel eius amicus habet: sicut patet de amore quo quis amat absci
365 1676 1274 1726 sionem propriam digiti: vel proiectionem diuitiarum in mare: aut
371 1721 1263 1773 virtutem aliquam in generali vel etiam in speciali. quam nec ipse nes
353 1754 1266 1812 aliquis amicus habet: aut aliquod bonum in se et absolute. ⁋ Ad
363 1811 1272 1862 3m posset negari primo consequentia. Nam non omnis amor alius a delecta¬
357 1846 1268 1901 tione et desiderio incitat desiderium vel facit delectari: vt
354 1886 1272 1946 satis ex dictis potest patere. 2o dico quod nec omnis amor incitans
359 1931 1275 1987 desiderium est delectari. Et si omnis complacentia secundum te est dele¬
364 1973 1275 2032 ctatio. Dico est quod non quaelibet talis est complacentia. Si tamen com
358 2026 1265 2079 placentia vniversalius sumatur scilicet pro omni velle: tunc quilibet talis amori
363 2061 1266 2119 est complacentia: sed non quaelibet complacentia est delectatio. ⁋ Ad
364 2108 1259 2162 probationem dico quod non est idem apud me dicere. tale quod de
363 2151 1271 2203 lectat iue: et tale quid amo vel in tali delector: sumendo ver¬
357 2192 1277 2241 bum amandi in sua communi significatione: sicut nec idem est dictu.¬
371 2236 1275 2286 tale quid volo: et tale quid me delectat: sumendo ver bum amandi:
362 2281 1265 2337 vt patet in multis suprapositis exemplis. ⁋ Ad 4m dico quod
365 2329 1272 2375 Aug. non facit pro eis: quia posito quod non faceret mentionem de
371 2374 1275 2418 aliquo amore distincto a desiderio et delectatione: nec de
365 2409 1280 2465 aliquo odio distincto a timore et tristitia: non tamen dicit vllum
368 2456 1282 2511 alium amorem: vel aliud odium esse praeter illa: et locus ab aucto
369 2496 1275 2549 ritate negatiue est infirmus. 2o dico quod si subtiliter attendam
362 2541 1280 2594 tur verba eius. apparebit quod facit mentione de aliquo amore et
377 2589 1274 2634 de aliquo odio. Nam cum ait. amor inhians habere quod amatur
378 2629 1274 2678 cupiditas est: duplicem notat amorem. vnum quao illud in se ama
369 2670 1284 2727 tur: et alium quo illi habendo inhyatur: ideo quis enim inhyat
379 2712 1271 2769 aliquid habere quia illud amat. Et propterea dicit amor inhyans
377 2754 1275 2807 esse desiderium habere quod amatur. ecce amor rei cupite quam
380 2802 1277 2854 praesupponit desiderium. Similiter cum addit. id autem habens eoque
374 2844 1273 2893 fruens leticia. id est amor fruens eo quod amatur habito leticia
369 2887 1281 2940 est: etiam duplicem notat amorem. vnum quem dicit fruentem et leti¬
368 2935 1291 2984 ciam: et alium quem innuit eius quod amatur. Similiter patet de metu et
372 2982 1269 3029 trsticia: respectu odii quod praesupponit: et illud significat Aug
376 3028 1269 3078 per illud verbum aduersatur. Idem etiam patet in verbis prioribus
371 3063 1280 3135 quibus ait. Cum consentimus appetendo ea quae volumus: cupi¬
1319 248 2239 317 ditas est: cum autem consentimus fruendo his que volumus: le
1310 298 2232 360 ticia vocatur. Appetitus igitur eius quod volumus: est cupidi
1321 346 2232 409 tas. vbi expresse duo actus amoris alterius rationis notan¬
1326 390 2234 455 tur. alias idem esset ac si diceret. appetitus eius quod appetimus
1328 438 2246 490 cupiditas est: et fruitio eius quo fruimur leticia est: quae dicta
1321 475 2235 542 quamuis essent vera: inutiliter tamen et superflue talis fieret replicatio.
1310 527 2241 625 spro articulo 3o pono conclusiones quatuor. Prima est. quod¬
1692 565 2234 622 onis fruitio est actus siue operatio so¬
1321 606 2243 671 lius voluntatis. 2a quod non omnis fruitio est delectatio. 3a quod
1316 660 2228 715 non omnis delectatio est fruitio. 4a aliqua fruitio est delecta¬
1316 693 2241 752 tio. ⁋ Prima conclusio sic. probatur. Dis amor est actus solius volun
1325 738 2241 796 tatis: omnis fruitio est amor. igitur. maior patet: quia sola voluntas
1319 788 2249 845 susceptiua est amoris et odii. minor probatur. ex auctoritatibus Aug.
1324 824 2244 888 diffinientis fruitionem. primo de doc. christiana. et habet in litte
1328 869 2262 928 ra. ⁋ Secunda conclusio probatur. nullum desiderium est delectatio: aliquod
1324 913 2252 978 desiderium est fruitio. igitur aliqua fruitio non est delectatio.
1318 962 2246 1017 maior est clara. minor probatur. eo quod aliquod desiderium est amori
1325 1007 2237 1058 alicuius propter se: vt cum quis desiderat beatitudinem vel sa¬
1317 1044 2245 1101 nitatem: aut honorem: aut aliquid tanquam finem: et non propter vlte¬
1321 1091 2262 1149 riorem finem alium. ⁋ Tertia conclusio probatur sic. SDins fruitio est amor
1319 1132 2235 1193 alicuius propter se: non omnis delectatio est amor alicuius propter
1318 1173 2241 1232 se. igitur. maior probatur ex diffinitione fruitionis. minor probat: quia sicut
1322 1217 2234 1275 aliquando desideramus aliquid propter aliud: sic et eo habito dele¬
1315 1265 2262 1328 ctamur in eo propter aliud. probatur etiam per Aug. primo de doctores s
1321 1308 2234 1368 christiana. Cum enim adest quod diligitur: etiam delectationem neces¬
1331 1358 2240 1406 se est secum gerat: per quam si transieris eamque ad illud vbi per¬
1327 1398 2235 1449 manendum est retuleris: vteris ea: et abusiue non proprie dice
1322 1436 2245 1496 ris frui. ecce quod aliqua delectatio non est proprie fruitio. ⁋ 4a
1331 1477 2243 1541 primo probatur sic. Dis amor rei propter se est fruitio. aliqua delecta
1331 1524 2248 1581 tio est amor rei propter se. igitur etc. minor probatur. Nam delecta
1318 1570 2250 1622 tio beatifica est amor dei propter se. Item in multis aliis
1325 1609 2242 1671 desideratis propter se delectatur aliquando voluntas propter se: quamuis
1321 1657 2263 1713 non recte. hoc etiam patet per verba Aug. qui immediate sequuntur ea
1325 1708 2262 1766 quae proxime allegata sunt. Ait enim si vero inheseris et permanse
1332 1753 2237 1800 ris finem in ea ponens leticie tue: tunc vere et proprie frui di
1333 1793 2262 1843 cendum est. hic apparet quae delectatio proprie sit fruitio. Item
1327 1829 2243 1887 io. de tri. Fruimur inquit) cognitis: in quibus ipsis voluntas
1319 1873 2263 1940 propter seipsam delectata conquiescat. Item. 83. q. Frui di
1330 1920 2238 1983 cimur inquit) ea re de qua capimus voluptate: sup. pro¬
1328 1963 2262 2023 pter seipsam. Item primo de tri. hoc enim est plenum gaudium no¬
1334 2004 2247 2059 strum quo amplius non est frui trinitate deo. hic patet: quod bea¬
1322 2044 2246 2112 tifica fruitio est gaudium: omne autem gaudium est delectatio.
1302 2087 2263 2191 Ad argumenta quaestionis. Rrespondeo. ⁋ Ad primum
1754 2140 2262 2200 potest negari vtraque propositio: et
1337 2180 2240 2236 cum probatur maior: quia quelibet cognitio est operatio alicuius
1337 2223 2255 2278 potentie cognitiue. concedo: sed ex hoc non sequitur: quod quelibet
1333 2270 2246 2328 sit alterius potentie a voluntate. Nam non quelibet potentia.
1343 2311 2255 2371 cognitiua est distincta a voluntate: vt patuit in 2o Cum vero
1334 2350 2251 2420 probatur minor: quia omnis volitio est quedam noticia: nego. ⁋ Ad
1330 2396 2241 2462 probationem Aug. dico primo: quod si intelligatur sicut sumit argu¬
1337 2447 2243 2499 mentum: sequuntur duo falsa: et contra doctorem illum qui tbet conclusionem
1337 2491 2255 2540 illam pro qua probanda auctoritas inducitur. Primum est.
1333 2531 2253 2590 quod nec noticia: nec amor sit res distincta a mente. Quod patet:
1345 2575 2243 2635 qui loquitur ibi Aug. de mente: sicut de noticia et amore. vnde
1339 2618 2256 2670 ait in fine quinti capostoli. Miro namque modo inseparabilia sunt ista
1337 2668 2246 2719 tria a semetipsis: et tamen eorum singulum quodque subiecta est: et simul omnia
1349 2710 2247 2761 vina subiecta vel essentia. Secundum est. quod ibi non est aliqua
1349 2750 2246 2805 noticia distincta ab amore: cuius oppositum etiam iste doctor
1339 2794 2244 2845 vult. Dudendm igitur: quod Aug. ibi loquitur de noticia non actua
1343 2839 2258 2891 li: sed virtuali seu (quod idem est dictu) accipit ibi noticiam
1340 2890 2249 2932 pro vi cognoscitiua: cum connotatione tamen actualis noticie: et
1334 2922 2262 2980 similiter amorem pro vi amatiua cum connotaptivie amoris actualis seu
1342 2977 2259 3021 actualiter inherentis: ita quod illa tria mens: amor: noticia: po¬
1328 3013 2250 3068 nantur vice horum trium mens: noscens: amans: et tunc dictum
1340 3058 2259 3128 est verum. Nam ipsa essentia anime est vis cognitiua: et amatiua:
