2443 3520
200 228 1118 309 scientiam: sed et scientiam ipsam quam non habet et ita de aliis rebus: et in
201 291 1109 349 proposito secundum istum quis potest desiderare visionem dei et non
204 337 1104 401 solum habitationem dicte visionis. ⁋ Confirmatur istud per Com
197 377 1116 443 mentatorem. 12. meta. dicens quod res extra est finis desiderii. mi¬
201 419 1115 478 nor etiam est simpliciter falsa. ⁋ Ad probationem dico quod delecta¬
203 463 1106 530 tio beatifica non est de habitatione vel actu quo deus ha¬
191 504 1103 564 betur: sed de ipso deo habito tanquam de obiecto delectante. ipsa tame
204 553 1104 616 visio qua deus habetur partialis est causa talis delectationis: no
193 590 1112 661 nego tamen quin aliqua delectatio bene possit esse de ipsa visio¬
191 641 1104 707 ne obiectiue: cum ipsa sit summe delectabilis: sed talis delecta
201 680 1107 745 tio si detur non est fruitio: quoniam nec illa visione delectatur bea¬
193 727 1104 784 tus propter se ipsam: sed propter deum. ⁋ Ad 2am primo potest dici ad¬
188 772 1105 836 minorem quod respectu dei etiam est desiderium non solum respectum
192 813 1104 882 visionis eius. 2o ad maiorem potest dici quod fruitio patrie po
198 855 1101 922 tius succedit fruitioni vie id est amori et charitati quao deus in
195 895 1102 966 via diligitur propter se: que dilectio causa est desiderii quo via¬
189 944 1102 1008 tor desiderat deum seu habere ipsum. ⁋ Ad 3m dicendum quod ma¬
198 981 1104 1053 ior est falsa. ⁋ Ad probationem dicendum quod quamuis delectatio cau
184 1029 1102 1100 setur ex coniunctione etc. ipsa tamen coniunctio seu actus coniungens
187 1078 1092 1134 non est obiectum talis dilectionis: vt dictum est. ⁋ Ad 4m nego
179 1120 1100 1182 maiorem. ⁋ Ad probationem: cum dicitur: quod voluntas sequitur tan
180 1163 1089 1227 tummodo compositionem vel diuisionem intellectus. dico dupliciter. prio
183 1204 1092 1263 qui hoc est dubium et a multis reputatum falsum. Nam frequen¬
183 1248 1089 1309 ter voluntas: vt dicunt sequitur simplicem apprehensionem et ma¬
189 1292 1101 1354 xime intuitiuam et experimentalem: sic patet cum quis per tactum imme¬
180 1341 1091 1402 diate apprehendit aliquod disconueniens et contristans aut aliquod
183 1377 1101 1443 delectabile: voluntas immediate et naturaliter absque alia compo
177 1417 1082 1486 sitione illius delectatur vel tristatur. Et istud dictum satis al
171 1461 1096 1528 parenter iudicio meo confirmari potest. Nam si aliquam affirma
180 1513 1082 1571 tionem in tali casu praesupponeret: esset vt videtur aliqua qua iu
173 1554 1095 1615 dicaretur illud sensatum esse bonum vel malum: seu conueniens vel
173 1598 1089 1657 disconueniens: sed istud non praesupponit: quanio talem apprehensionem
174 1642 1100 1698 vel iudicium non habet nec habere poest: vt videtur nisi ex prceptione
174 1683 1088 1746 tristicie vel delectationis causate. Unde enim nouit quis: quod
168 1722 1091 1785 ignis aut aliquid aliud vehementer calidum sit disconueniens
162 1767 1094 1824 nisi quia tangendo perceperit quod tristatur in illo: 2o dico quod
179 1809 1085 1876 esto quod illud dictum assumptum esset verum: non tamen probat propositum.
180 1854 1088 1907 Nam non sequitur: voluntas non amatr nisi praehabito iudicio
174 1896 1094 1953 quod illud est bonum vel amandum aut alio quouis iudicio vel
168 1948 1070 2006 actu complexo. igitur complexum vel etiam significatum per complexum est ama
172 1983 1077 2039 tum vel obiectum amoris: quinimmo eius obiectum potest esse illud quod iudicatur
175 2033 1079 2090 esse bonum vel esse amandum: et sic est de odio respectum rei quae iudi¬
168 2072 1089 2133 catur esse mala. ⁋ Ad 5m dico quod non est vanum delectari in deo
157 2119 1074 2174 et in perfectione ac bonitatem eius: quo enim diceret scriptura: de
161 2153 1082 2218 lectare in domino. et iterum. Letamini in domino ea exultate iusti:
165 2200 1088 2256 immo certe vana est opinio huius oppositum estimantis. concedo bene
158 2246 1070 2305 tamen: quod vanum et inordinatum est deo desiderare aliquod bonum: sed
161 2288 1080 2349 tale desiderium non pono in beatis: nec certe in aliqui iusto via¬
167 2331 1085 2396 tore. Nec obstat si dicatur quod deus non delectat nisi habitus: quia sicut
158 2381 1083 2437 nihil amatur nisi cognitum: et tamen talis cognis: non amatur amore
165 2425 1074 2478 quo cognitum illud amatur: sic licem deus non delectet btantum nisi ha¬
174 2471 1070 2529 pitus seu visus: non tamen visio est obiectum delectationis illius. ⁋ Con
171 2514 1067 2568 tra opinionem 2am arguo. Et primo quia vt probatum est q. id est distinctionis husmos
174 2552 1080 2615 ritulo primo Nullus actus voluntatis potest esse secundum intentionem Aug. qui
158 2596 1067 2647 non sit fruitio vel vsus: ita quod omnis dilectio alicuius non relata in
167 2638 1079 2693 aliud est fruitio secundum ipsum: nec est necessirum ad rationem fruitionis
170 2682 1071 2744 (vt ibidem probatum est) quod dilectum estimetur esse vltimus finis et
174 2729 1076 2784 tanquam talis finis non referibilis acceptetur. Quia et adhuc con¬
170 2764 1078 2828 firmatur per eundem. 83 q. vbi dicit quod frui cibo et qualibet corporali
170 2812 1070 2872 voluptate non a deo absurde estimantur et bestie. et tamen constas
167 2860 1067 2909 quod bestia nullam rem estimat esse taliter irreferibilem in alium fi¬
173 2904 1077 2951 nem cum tali noticia et iudicio careat. Sic etiat Aug. vbi de frui
161 2937 1074 3004 loquitur omnem dilectionem non relatam actu vel habitu vocat frui
163 2986 1061 3048 sed in eisdem locis dicit quod nullo alio a deo est fruendum. ⁋ 2o
144 3024 1071 3100 si taliter loquendo de frui posset quis licite frui aliquo alio a
1169 246 2099 337 deo: sequitur quod aliqua dilectio ordinata et laudabilis pote¬
1166 313 2090 377 rit in nobis esse non relata actualiter vel habitualiter in deum tan¬
1172 353 2079 420 quam in finem: patet. sed consequens est falsum: sicut bene patet per Aug. contra Iulianum
1182 403 2081 469 libro 4o ante medium. vbi ait. Noueris itaque non officiis: sed finibus
1172 443 2083 506 a vitiis discernendas esse virtutes. osesentum est autem quod faciendum
1170 493 2082 556 est: finis vero propter quod faciendum est: cum itaque facit homo aliquid vbi
1179 526 2077 597 peccare non videtur si non propter hoc facit propter quod facere debet: pec¬
1181 576 2079 633 care conuicitur. Ex quo patet quod si quis aliquid diligat: et non diligat
1173 619 2073 683 propter illud propter quod debet diligere: peccat. et per consequens viciose
1172 666 2082 723 et non recta est. ⁋ Sed constat quod omne diligendum aliud a deo est
1176 701 2075 765 diligendum propter deum secundum omnium sanctrum doctrinam. igitur etc. ⁋ Con¬
1166 742 2085 810 firmatur per illud quod paulopost subdit: absit inquit vt virtutes
1176 799 2070 854 vere cuiquam senuiant: nisi illi vel peper illum cui dicimus deus virtu¬
1169 832 2082 893 tum conuerte nos. Et subdit: quae aut nulli rei senuire volunt: nec
1161 871 2075 942 ipse vere sunt. vere quippe virtutes deo seruiunt in homnibus et deo
1160 919 2067 991 seruiunt in angelis a quo donantur homnibus et angelis. quicquid
1158 969 2071 1023 autem boni fit ab homine: et non propter hoc fit propter quod fieri debere vera sa
1166 1002 2070 1068 pientia praecipit: et si officio videatur bonum: ipso non recto fine
1158 1056 2070 1114 peccatu est. sec Aug. et multa alia pro eadem sententia ibi ponit contra il¬
1158 1097 2075 1156 lum hereticum Iulianum. Ex quibus euidenter coliliter secundum intentionem
1160 1132 2075 1201 Aug. omnem actum dilectionis circa aliquid aliud a deo elicitum
1158 1180 2076 1235 non habentem actualiter vel habitualiter deum pro fine esse peccatum: et per consequens
1151 1222 2062 1285 non est laudabilis neque rectus. ⁋ Praeterea omnis amor creature non
1153 1272 2060 1325 relatus in deum est cupiditas: non charitas: et per consequens viciosus
1166 1314 2090 1370 et illicitus. Antecedens et consequentia patent per Aug. 9. de tri. dicens non quo non sit
1161 1357 2060 1414 amanda creatura: sed si ad creatorem referatur: ille amor non iam
1158 1398 2067 1464 cupiditas: sed charitas erit: tunc enim est cupiditas: cum propter se
1155 1441 2061 1505 amatur creatura: tunc non vtentem adiuuat: sed corrumpit fruen¬
1161 1485 2060 1541 tem. ⁋ Praeterea virtutibus et omni alio a deo est vtendum: vt. supra probatum
1151 1533 2065 1590 est. igitur nec virtutibus nec aliquo alio a deo est fruendum. consequentia
1160 1575 2067 1638 patet: quia secundum Aug. humana peruersio est vtendis frui. ⁋ Praeterea
1157 1617 2062 1673 secundum Augu. primo de doctri. christiana. Quod etiam propter se diligen¬
1157 1657 2054 1712 dum est: in eo constituitur vita beata: sed in nullo alio con
1146 1699 2057 1767 stituitur vita beata. igitur nullum aliud est propter se diligendum¬
1151 1740 2063 1809 et per consequens nullo alio est fruendum. ⁋ Praeterea seund Aug. 13. de tri.
1152 1788 2084 1836 et habetur in littera ipsas virtutes non amamus: nisi propter
1142 1821 2047 1888 beatitudinem: quam si amare desistamus scilicet actu et habitu il
1138 1870 2084 1938 las etiam non amamus. ⁋ Item. 10 de ciui. dei. virtutes quas
1152 1917 2064 1980 mens habere sibi videtur: per quas imperat corpori et vitiis ad
1149 1959 2055 2018 quodlibet adipiscendum vel tenendum nisi retulerit ad deum:
1140 2002 2054 2060 etiam ipse potius sunt vitia quam virtutes. Nam licem a quibusdam
1147 2047 2052 2105 tunc vere atque honeste putentur esse virtutes: cum referuntur
1139 2088 2055 2144 ad seipsas nec propter aliud expetuntur: etiam tunc inflate ac¬
1143 2129 2055 2194 superbe sunt: et ideo non virtutes sed vitia iudicanda sunt.
1140 2179 2043 2244 ⁋ Praeterea homo non potest licite frui seipso: sicut probat Aug. primo
1137 2219 2080 2271 de doctri. christiana. igitur nec virtutibus suis. patet consequentia. tum quia o
1142 2258 2054 2329 eadem est ratio et vtrobique: quod scilicet vtrumque diligendum est propter
1143 2310 2059 2359 deum et neutrum propter sec per hoc enim ibi probat Aug. quod di
1140 2350 2047 2415 ctum est) tum quia homo debet magis diligere se quam virtutes:
1143 2391 2055 2448 immo nec illas diligit nisi propter se: sed non vltimate: quia et se
1136 2438 2078 2496 debet diligere propter deum. ⁋ Ad auctoritates inductas est
1143 2480 2077 2531 pro opinione respondeo. ⁋ Ad primam dico quod aliquid esse propter a
1127 2529 2076 2585 se diligendum potest dupliciter intelligi. Uno modo per negationem si
1128 2572 2039 2631 cause finalis: et tunc idem est dictu quod aliquid est diligendum
1130 2611 2042 2673 propter se id est non propter alium finem: et solo eo quod sic est diligen
1142 2657 2045 2711 dum propter se est fruendum. sic autem non sunt diligende virtutes:
1131 2695 2047 2757 nec sic intelligunt Ambr. et magitur: quod patet: quia immediate post
1142 2741 2045 2802 verba allegata pro opinione. ait ma. sic. ideo Aug. dicit quod
1139 2783 2044 2846 eas diligimus propter beatitudinem solam: non quin eas propter
1127 2826 2030 2878 se diligamus: sed quia id ipsum quo eas diligimus referimus
1140 2878 2042 2929 ad illud summum bonum: cui soli inherendum est: et in eo perma¬
1140 2914 2036 2971 nendum: finisque leticie ponendus: quare virtutibus non est
1127 2956 2046 3015 fruendum. hec ipse. Ex quibus patet quod ipsa conclusio sit
1147 3003 2041 3059 vera scilicet quod virtutibus non est fruendum. et etiam quod di¬
1143 3044 2033 3103 cebatur. scilicet quod virtutes non sunt propter se diligende id est non re¬
