2458 3529
192 238 1094 296 ligere: sicut vltimum finem et summe acceptum. Confirma¬
184 290 1089 341 ri potest per auctoritatem praes. Inclinaui cor meum ad facien¬
182 327 1086 376 das iustificationes tuas propter retributionem. ⁋ 2o Contra eam
182 368 1091 424 dem partem potest argui hoc tamen argumentum ipse non fa¬
184 415 1093 474 cit) sic. voluntas potest deo abuti: igitur et vti. Antecedens patet ex
184 454 1095 511 prima conclusione huius articuli. consequentia probatur: quia vsus et abusus eius¬
183 503 1095 556 dem obiecti sunt opposita. et per consequens nata fieri circa idem.
188 544 1080 598 ⁋ Contra secundam partem conclusionis: scilicet quod qualibet creatura volum
182 588 1086 645 tas vti potest. Arguitur primo sic. Non qualibet creatura
178 636 1096 688 voluntas potest abuti: igitur nec qualibet vti. Antecedens patet per illud
178 672 1093 732 Aug. 2. de li ar. virtutibus nemo male vtitur: ceteris autem
179 715 1080 765 bonis. id est mediis et minimis. non solum bene: sed etiam ma
178 759 1086 817 le quilibet vti potest. Ex quo patet quod virtutibus nemo potest
172 810 1097 861 male vti. et per consequens nec abuti: consequentia probatur sicut et praecedens.
179 848 1081 898 ⁋ 2o odium dei non potest licite in deum referri: igitur eo non
174 895 1078 948 potest voluntas licite vti. consequentia patet. Antecedens probatur. Nam si pos¬
166 941 1089 990 set licite referri posset licite esse: sed hoc est falsum: quia impos¬
169 979 1083 1035 sibile est odium dei esse sine peccato. consequentia assumpta proba
170 1023 1087 1073 tur. Nam sequitur odium dei refertur: ergo odium dei est: igitur
165 1066 1081 1115 eodem addito vtrobique valebit consequentia per. p. igitur sequitur odi¬
163 1107 1077 1169 um dei potest licite referri: ergo odium dei poest licite esse. vel sic
159 1156 1089 1211 sequitur. odium dei refertur: ergo est: sed non potest esse libere ab
158 1206 1077 1253 aliqua voluntate sine peccato: igitur non potest in deum refer¬
170 1241 1086 1293 ri ab aliqua voluntate sine peccato. Et per consequens non potest volun¬
171 1284 1087 1336 tas tali odio licite vti. ⁋ 3o arguitur contra descriptionem datam
170 1330 1087 1379 de vti vt distinguitur immediate conclusio abuti qua dicitur quod vti est assu¬
165 1375 1083 1420 mere aliquid in facultatem voluntatis propter aliud quo fru
158 1419 1078 1474 endum est. Nam ex hoc sequitur quod quicumque assumit aliquid in facul
167 1462 1072 1511 tatem voluntatis propter aliud quo fruendum non est: abutim
158 1505 1083 1553 tur. et per consequens peccat. consequens est falsum. Nam nulla pececatasa praemiat
158 1548 1079 1597 deus praemio aliquo etitm temporali: sed strenuos actus gentilium
164 1594 1065 1638 romanorum (quos non propter verum deum quem igno: abant: sed
154 1636 1062 1685 cpro mundi gularia ac libertate patrie et exaltatione reipublice
154 1679 1065 1732 gesserant: temporaliter praemiauit. dicens Aug. 5. de ciui. dei in principio quibus
157 1721 1077 1775 ergo non erat daturus deus vitam eternam cum sanctis ange¬
167 1762 1083 1818 lis etc. si neque hanc terrenam eis gloriam excellentissimi im
152 1808 1080 1857 perii concederet: non redderetur merces bonis artibus eorum id est
164 1844 1077 1900 virtutibus quibus ad tantam gloriam peruenire nitebantur. ⁋ Ex
160 1900 1079 1945 quibus et ibi sequentibus verbis apparet: quod deus pro remunera
164 1933 1077 1980 tione virtutum illorum gloriam imperii tribuit. ⁋ Ad primum contra
158 1978 1062 2029 primam partem conclusionis dico: quod omnis actus quo quis diligit deum propter
154 2023 1081 2070 seipum diligentem: vel propter aliquid aliud a deo: est illicitus et abu
149 2064 1062 2117 sus. quod patet. primo quidem. quia vt dicit Aug. contra Iul. et allegati est in primo
152 2108 1078 2156 articulo. Quicquid boni fit ab homine: et non propter hic fit: propter quod fie
145 2152 1062 2203 ri debere vera sapientia praecipit: et si officio videatur bonum:
149 2192 1072 2249 ipso non recto fine peccatum est: sed talis vsus non fit eo fine quae debet:
145 2243 1065 2295 quoniam actus omnes nostri debent fieri propter deum. vnde vt ibidem dicit: vere
154 2283 1065 2331 virtutes deo seruiunt. id est in deu finaliter ordinantur. Quod est con¬
153 2328 1066 2379 firmatur per Aug. 10 de. ci. dei praeallegatam articulo praeceden¬
145 2372 1062 2423 ti. et virtutes quas mens habere etc. ⁋ Praeterea vt supra frequen
150 2410 1071 2466 ter habitum est per eundem primo de doc. christiana. deus diligen¬
149 2452 1066 2505 dus est propter se: et homo propter deum: et per consequens cum deus di¬
158 2502 1069 2555 ligitur propter hominem: et homo diligitur propter se: talis
157 2551 1068 2595 dilectio vel dilectiones si plures sunt: non habent rectum finem: ac¬
163 2587 1072 2643 per hoc sunt peccata. ⁋ 2o quia omnis actus rectus et licitus: vel est
168 2640 1065 2684 caritas vel ex caritate procedens: sed talis vsus nec est ca
170 2680 1066 2729 ritas nec ex caritate procedens. maior patet per augnum euch.
178 2717 1068 2772 quod fit inquit: vel timore pene vel aliqua intentione carnali
178 2771 1067 2814 vt non referatur ad illam caritatem: quam diffundit spiritus sanctus
161 2803 1075 2853 in cordibus nostris: n ondum fit quomo fieri oportet: quamuis fieri vi¬
170 2847 1064 2903 deatur: si non fit vt oportet non rectum: sed vitiosum est. ⁋ Item¬
165 2892 1065 2947 in de spiritu et anima. Non est inquit fructus bonus qui de ca¬
161 2934 1058 2989 ritatis radice non surgit. minor probatur per eundem. 9. de tri¬
160 2980 1059 3031 vbi sententia eius est quod amor quo amatur creatura: si refe¬
155 3020 1074 3092 ratur in deum est caritas: si vero propter se amatur cupiditas est
1149 239 2062 307 non caritas: que cupiditas non vtentem adiuuat: sed fruen
1155 295 2055 341 tem corrumpit. Nunc autem cum quis diligit deum propter se: ipse
1156 341 2046 393 diligit se sine eodem actu quo diligit deum: vt vult doc. con
1148 375 2050 433 tra quem arguo: nec refertur in deum ista dilectio sine alio
1148 427 2059 477 actu secundum me: et tunc etiam ille actus non refertur in deum: et
1150 463 2055 525 sic sequitur quod sit cupiditas: et iterum alius actus quo propter
1149 507 2058 560 se deum diligit: non est caritas nec ex caritate: quia ex cu¬
1157 553 2055 616 piditate procedit scilicet ex dilectione dei non relata in deum. ⁋ Praeterea
1148 599 2055 648 secundum istum doctoremmet in eadem. q. in solutione cuiusdam obie¬
1148 639 2058 688 ctionis: omnis dilectio respectu creature ex caritate procedens
1142 684 2057 729 est amor relatus illius in deum sicut in finem: sed vsus iste non est
1145 727 2055 774 amor taliter relatus. igitur. ⁋ 3o nulla dilectio quae deus diligitur.
1151 772 2044 823 qualiter non est diligendus est ordinata: sed talis est dilectio
1157 819 2059 868 qua deus diligitur propter aliud et non propter se tantum vltimate.
1142 855 2058 913 igitur: maior patet: et minor probatur auctoritate Aug. li. 5. contra
1137 901 2050 951 iul. quando inquit. deo donante ex vera viuitur fide etc. sequitur. hoc to
1135 944 2055 991 tum recte fit quando fit propter ipsum. id est quando gratis amatur ipse.
1135 984 2049 1039 hoc nota. et propter ipsum et gratis. ⁋ Item in de vera innocen¬
1136 1032 2051 1080 tia. propositione. 10. hoc affectu et desiderio colendus est deus:
1142 1074 2051 1120 vt sui cultus ipse sit merces. Nam qui deum colit vt ali¬
1145 1117 2056 1161 ud quam ipsum magis promereatur: non deum colit: sed illud quod
1130 1163 2043 1221 assequi concupiscit. ⁋ Item ber. de diligendo deum: non sine
1142 1200 2057 1259 praemio inquit diligitur deus. Et si abque praemii intuitu diligen¬
1137 1249 2042 1294 dus sit: vacua enim vera caritas esse non potest: nec tamen mercena
1139 1291 2053 1339 ria est. Et subdit. verus amor seipso contentus est: habet praemium scilicet
1139 1335 2050 1383 quod diligitur. Ex his euidenter patet: quod deus est propter se gratis:
1130 1380 2049 1420 et non mercenarie: seu propter aliquid aliud diligendus. ⁋ 4o
1129 1419 2049 1471 qui nullus amor quo plus amatur: quod minus est amandum: est
1125 1461 2050 1511 licitus. iste est huiusmodi igitur: maior de se clara est. Et probatur etiam au
1130 1508 2052 1553 ctoritate Aug. primo de doctores christia. dicens quod ille recte et sancte viuit cap. 9.
1129 1551 2044 1603 qui rerum integer estimator est: ipse autem est qui ordinatam habet dile¬
1117 1599 2049 1651 ctionem: ne aut diligat quod non est diligendum: aut non diligat
1129 1632 2035 1681 quod diligendum est: aut amplius diligat quod minus est diligen¬
1120 1681 2040 1732 dum: aut eque diligat: quod aut minus vel amplius est diligen¬
1130 1720 2043 1780 dum: aut minus vel amplius quod eque diligendum est. ⁋ Ex
1133 1761 2047 1814 his patet: quod ordinata dilectione: non pius diligitur quod minus est
1124 1811 2031 1857 diligendum: nec minus quod plus est diligendum: et per consequens inordi¬
1124 1848 2032 1897 nata est omnis qua diligit plus quod minus diligendum est: vel
1121 1898 2042 1941 econtra. sed minor per eudum ibidem patet. Subdit enim omnis ho
1121 1942 2040 1996 mo inquantum homo est diligendus propter deum: deus vero propter
1127 1981 2032 2035 seipsum: et si deus omni homini amplius diligendus est: quisque
1113 2024 2043 2071 diligere debet deum amplius quam seipsum. et 8. de tri. nec illa capostolo. 8.
1118 2063 2022 2114 inquit questio moueat quantum caritatis fratri debeamus
1127 2109 2032 2163 impendere: quantum deo: incomparabiliter enim plus quam nobis deo:
1127 2151 2041 2221 fratri autem quantum nobis. ⁋ 5o quia talis actus et vsus fruendorum: 5om
1118 2198 2026 2248 ad sensum in quo Augu. dicens quod est humana peruersio: sicut patet
1127 2243 2031 2284 ex prima ratione cotra hunc doc. met facta in praecedenti articu¬
1120 2285 2028 2331 lo: nec valet quod dicitur: non est repugnantia huius amoris ad
1130 2330 2029 2373 deum: quo deus debet diligi tamque vltimus finis: est summe ac¬
1124 2371 2028 2421 ceptus: quia siue sic siue non: iste amor non est rectus: secundum se: sed vi¬
1124 2415 2023 2468 tiosus. ⁋ Ad confirmationem dicendum: quod ly propter in auctori¬
1125 2461 2021 2501 tate. praes. non tenetur causaliter: ita quod retributio sit causa fina¬
1121 2499 2025 2555 lis: sed consecutiue: quoniam iustificationes illas consequitur eterna
1115 2547 2032 2595 retributio: quia iuxta verbum bernardi: vbi supra praeallegatum:
1133 2589 2025 2635 vacua caritas esse non potest: nec sine praemio diligitur deus:
1133 2630 2025 2679 debet tamen diligi sine intuitu praiemii. huc est sensum praetendit
1126 2674 2022 2730 glosa: que ait sic. Ista opera sine dilectione facta non sunt
1133 2719 2025 2765 iustificationes: ipsa autem dilectio eterna est eique eterna para¬
1123 2762 2023 2807 ta est retributio: et ipsa ineternum diligens ineternum me
1120 2804 2007 2854 retur habere que diligit. ⁋ Ad secundum nego consequentiam. Aod
1117 2850 2025 2905 probationem cum dicitur quod vsus et abusus eiusdem obiecti sunt
1118 2900 2026 2945 contraria: concedo: dico tamen quod non cuiuslibet obiecti abusus
1126 2934 2026 2989 contrariatur vsui eiusdem: accipiendo vsum stricte vt
1124 2980 2013 3024 in proposito scilicet ordinatum qui non est abusus: quia non cu¬
1118 3022 2026 3078 iuslibet obiecti est possibilis aliquis vsus talis. quia non
