2465 3537
405 222 1292 299 praedicatum est 2o adiagens. ⁋ 2o nulla propositio nota per se indi
399 290 1301 345 get notitia alicuius alterius propositionis ad hoc vt sit nota: sed quaelibet
398 334 1296 385 propositio in qua praedicatur est de diffinitione huius nominis deus indi¬
398 376 1294 426 get notitia alterius propositionis ad hoc vt sit nota: igitur nulla te
393 418 1302 474 lis est per se nota. maior patet: ex articulo primo et minor probatur:
401 465 1305 509 ad hoc enim vt sciatur esse vera hec. ens primum est: necesse est hanc
399 500 1305 559 esse notam. ens est primo modo: siue hec. aliquod ens est primum. ⁋ Ad
397 547 1297 599 hoc etiam vt hec sit nota: causa incausbilis est. necesse est hanc
398 593 1293 647 esse notam. aliqua causa est incausabilis. Et sic generaliter numquam aliquod
395 634 1296 686 praedicatum est notum de aliquo subiecto complexo: nisi vna pars
398 680 1301 726 illius complexi sit nota de alia: vt non potest vere affirmari ali¬
399 722 1293 769 quod praedicatum de subiecto complexo: nisi vna pars illius su
398 765 1295 813 biecti sit nota de alia: verbi gratia: impossibile est hanc esse veram. homo
387 811 1290 858 asinus est animal: nisi hec sit vera. homo est asinus. ⁋ Ad ratione
393 851 1295 906 primam opinionis dicendum: quod cogitare potest accipi dupliciter. Uno mod
386 897 1295 954 Irca pro actuali noticia et consideratione: sicut cum dicit praes. Cogi
405 941 1286 986 vias meas et conuer. petrus m. in. t. tua. Alio modo pro quadam estima
390 987 1285 1032 tione: sicut consuetum est dici. cogitaban te hoc aut illud fecit
384 1025 1290 1073 se id est estimabam vel putabam. ⁋ Si igitur maior illius rationis
393 1072 1293 1124 accipiat cogitare primo modo vt sit sensus quod non potest cogitari non
400 1115 1296 1162 esse etc id est quod non potest cognosci non esse: est notitum esse: ipsa est
387 1159 1299 1203 falsa. non enim potest sciri aut cognosci corpus christi non
389 1201 1300 1253 esse sub sacteo dum est: nec mundum non incepisse: cum vtrumque sit
382 1243 1290 1298 falsum: et tamen non est per se notum corpus christi esse in sacato: nec
387 1290 1296 1334 mundum incepisse. Et vlterius si illa maior esset vera sequere
387 1331 1286 1383 tur quod omne verum necessarium esset per se notum: cum suum oppositum non
383 1375 1277 1425 possit cognosci aut sciri. si vero maior illa sumatur in aliqui
387 1419 1289 1469 sensu id est omne quod non potest estimari aut putari non esse: est per se
381 1466 1280 1510 notum esse. quidquid sit de ista: nego minorem. Nec valet proba
373 1510 1280 1552 tio qua dicitur quod esse est de quiditate dei. sNam hoc non
374 1547 1281 1597 obstante potest clibet false) ab aliquo cogitari deum non esse
378 1593 1280 1641 Et ad probationem qua dicitur quod esse est de quiditate dei non est ad
374 1640 1280 1691 propositum. ⁋ Ad 2am patet: quod minor est falsa ex dictis antea
427 1679 1283 1729 Ad 3am nisi illa maior sit copulatiua: sed de copulato
381 1723 1281 1782 subiecto. concedatur. et tunc nego minorem. Dico enim quod non quilibet
377 1764 1287 1816 sciens quid dicitur per hoc nomen deus eo modo quo scimus siue
380 1807 1286 1858 alia noticia assentit huic propositioni: immo dico quod nullus assen
375 1854 1281 1903 tit ei propter solam terminorum noticiam. Si autem sit copula
372 1900 1274 1948 tiua tam maior quam minor est falsa. cum vtriusque aliqua pars sit
381 1936 1275 2001 falsa scilicet prima: vt patet ex primo articulo. ⁋ Alii vero dixerunt quod
377 1982 1284 2041 propositio enuncians esse de deo est duplex. Una que communiungit
372 2032 1280 2077 ista extrema esse et essentiam diuinam vt est hoc siue deum et esse si¬
374 2070 1284 2125 bi proprium: hec autem est in qua conceptus quo concipitur esse dei
365 2114 1274 2176 sub proprussima ratione qua sibi competit esse enunciatur de conceptu pro¬
368 2165 1280 2211 prio dei qui ipse concipitur: vt hec essentia quo nec deus nec eius esse
368 2198 1275 2250 a nobis concipitur. sed tantum a beatis. Alia est in qua conceptus ipsius esse
372 2240 1270 2299 di quem nos habemus in via enunciatur de aliquo conceptu quem possumu
372 2288 1280 2340 habere de deo non communi sibi et creature: puta necesario ens vel ens
369 2330 1265 2392 infinitum aut summum bonum. si igitur accipiatur hec propositio deus est prim scilicetusr
372 2374 1265 2425 conceptus quas de ipsa habet beatus. est propositio per se non. si vero 2o non est per se non
373 2419 1265 2476 ⁋ Prima conclusio probatur: quia omnis proportio cuius extra sunt nata facere euiden¬
372 2467 1277 2523 tiam veritatis ipsius cuilibet eam apprehendenti est per se non: sed illa propositio
371 2510 1268 2556 quam format beatus est huiusmodi dicendo deus est: igitur. minor probatur: quia il¬
365 2545 1266 2596 la propositio non est per se 2o o q. praedicatum sit extra rationem subiecti: sed per se
369 2589 1269 2643 primo modo et immediata. ⁋ hanc conclusionem alius doc. sic confirmat. omnis
362 2640 1274 2686 propositio cui terminos eius apphendens necessario sibi assentit est
360 2683 1274 2731 per se nota: hec est huiusmodi: igitur. assumpta probatur: quia ibi ponitur idem de se
363 2724 1269 2770 scilicet ese de esentia: sed de re simplici non potest intellectus apphendens
359 2767 1269 2815 eam dubitare quin praedicatio eiusdem de eodem sit va. Aliam est conclusione
365 2810 1271 2861 probat: sed non curo recitare probationes: quia ipsam credo esse veram
368 2856 1259 2901 et supra probaui eam. ⁋ Prima autem conclusio huius opinionis non videtur m
362 2892 1259 2946 hi vera. Quod probo sic. non cuilibet potenti vti ratioe potest absque alterius
360 2940 1256 2993 extrinseci notitia esse naturaliter notum deum esse: igitur deum esse non est per se no
360 2983 1253 3030 tum. Antecedens patet: non enim homini potest naturaliter esse notum deum esse: nisi ex
354 3028 1256 3105 notitia creaturarum: si tamen hoc etiam sit naturaliter possibile tali modo nosse
1366 234 2262 295 consequentia patet: quia cuiuslibet propositionis per se notem enunciabile est per se notum.
1356 289 2265 339 2o non cuilibet potenti vti ratione illa propositio quam format beatus vel
1365 330 2252 376 alia sibi equivualens significando potest absque alterius extrinseci no
1365 374 2259 433 ticia esse naturaliter non. igitur illa non est per se non. consequentia patet ex dictis in prim¬
1365 417 2268 466 articulo. Antecedens probatur: quia nec illa nec aliqua sibi equivalens potest
1365 461 2265 509 naturaliter homini viatori esse non: sine notitia extrinseci. ⁋ Confir¬
1356 505 2255 550 matur: quia propositiones per se note naturaliter veniunt homini in metem: vt. supra
1359 548 2252 601 dictum est. Illa aut quam beatus habet non naturaliter: sed supernaturaliter et gratuite
1358 594 2256 644 causautr in mente eius. sic igitur videtur dicendum quantum ad istum articulum: quod hec
1349 641 2248 691 propositio quam nos formamus in voce: vel concipimus in mente dicendo
1356 681 2262 729 deus est: non est per se non: nec est illa quam format beatus: licet illa sit si
1355 722 2249 772 bi euidens et certa: tam immediate per noticiam intuitiuam: sicut no
1346 767 2252 815 bis euidens est id esse quod intuitiue siue per sensum siue per intellectus vt
1358 811 2252 856 demus. et illa tanto magis quanto illa visio est certior et clarior vt
1359 855 2272 901 sione intuitiua: quam habemus in via. ⁋ Ad prima rationem opi. respondeo quod
1362 892 2272 952 portet maiorem ad hoc vt sit vera intelligi: quod cuilibet non solum apprehen¬
1355 944 2250 998 denti: sed etiam potenti vti ratione: ipsa vel sibi equivalens facere possit
1350 986 2262 1038 nauturaliter talem euidentiam: et tunc nego minorem. ⁋ Ad probationem illius
1357 1035 2248 1081 minoris quando dicitur quod illa est in primo dicendi per se: et praedicatum est de ratione
1364 1071 2249 1119 subiecti: dicendum quod non ex hoc sequitur quod sit per se nota: non enim omnis propositio in
1346 1117 2253 1172 primo est per se non. vt supra patuit. et vt vult iste doc. in eadem quaestio
1349 1169 2251 1206 non omne praedicatum quod est de ratione subiecti: est per se notum de subiecto: immo
1352 1204 2253 1249 secundum eundem ibidem aliquod praedicatum potest est notum de ipsa ratione subiect scilicet
1344 1247 2272 1294 dominte quid rei: quod non est notum de subiecto: sed demonstrabile de ipso. ⁋ Ad
1350 1292 2272 1340 2am dico: quod maior non est vera nisi intelligatur seu suppleatur: vt di¬
1352 1334 2262 1382 ctum est de maiore praecedentis rationis: aliter enim neganda est et in illo sensu
1346 1379 2253 1425 minor est falsa. Et cum probatur: quia idem praedicat de se. Dicendum quod probo¬
1344 1423 2255 1473 non valet. sic enim hoc esset per se non. albedo est: et hoc angelius est: cum secundum hunc
1338 1468 2250 1515 doctores essentia non sit disticta ab esse est in istis. quamuis igitur praedicatio
1340 1509 2250 1562 eiusdem de eodem sit vera: non tamen omnis talis est per se non. quod est roboratur ex
1340 1555 2252 1597 dictis eius qui vniversalte quod non omnis praedicatio eiusdem de eodem sit necessaria.
1355 1596 2252 1649 ⁋ Unde hoc potest esse falsa. albedo est albedo: et per consequens non est per se non.
1340 1642 2250 1693 ac per hoc est dubitabilis quantum est de se. sic dico in proposito: quod quamuis
1349 1687 2240 1734 essentia dei non sit disticta a suo esse: et hec sit vera et necessaria. deus
1343 1727 2237 1775 est: non est tamen bto per se non. sed per notitiam intuitiuam qua intuetur ipsam dit
1343 1773 2253 1819 tem: qua stante intellectus de veritate dicte propositionis dubitare non potest.
1347 1815 2272 1869 ⁋ Ad primam rationem factam in principio dico: quod antecedens est falsum quae dicitur quod hac est
1341 1861 2234 1911 per se non. necesse esse est et cum probatur. oppositum praedicati infert oppo
1350 1904 2255 1950 subiecti. Dico quod licet ex hoc probaretur quod consequentia inter praedicatum et subiectum
1347 1948 2243 1991 est necessaria: verbi gratia: dicendo. si aliquid necesse esse et: ipsum est: quia oppositum
1352 1989 2242 2042 praedicati repugnat subiecto: non tamen probat quod cathegorica in qua
1341 2031 2250 2078 illud praedicatum affirmatur de subiecto sit per se non. immo nec quod sit
1341 2076 2253 2131 vera. alioquin hec esset vera. corpus actu totum occuperins est: quia sequitur
1337 2122 2244 2172 non est: igitur non est totum actu occupans. similiter hec
1346 2165 2243 2217 esset per se vera et per se nota. homo irrationalis est ho¬
1343 2212 2243 2258 mo: quia oppositum predicati fpugnat subiecto. et tamen con
1346 2251 2248 2306 stat quod vtraque est falsa. ⁋ Ad 2am potest negari primo consequentia
1336 2297 2252 2354 tum quia non est per se notum quod deus sit veritas: tum quia adhuc
1335 2341 2247 2386 non sequitur aliquam veritatem esse est per se notum: ergo illam que
1335 2377 2238 2428 deus est esse: est per se notum. ⁋ 2o dico quod antecedens est falsum si
1338 2427 2237 2480 per veritatem res seu essentia aliqua determinate et non
1344 2478 2237 2523 vniversaliter alibet intelligatur sicut oportet si argumentum debeat conclu¬
1334 2513 2243 2560 dere ad propositum illius. ⁋ Et cum probatur quod negans veritatem esse po¬
1335 2561 2231 2606 nit eandem esse. Dico dupliciter. ⁋ Primo quod hac concessa non
1335 2598 2237 2656 habetur quod veritatem esse sit per se notum. sicut non sequitur quod aliquem
1332 2644 2241 2695 loqui sit per se notum: et tamen negans se loqui loquitur. ⁋ 2o potest dici: quod
1339 2688 2238 2738 assumpta est falsa. Ad probationem si nulla veritas esset
1332 2733 2239 2788 verum esset nullam veritatem esse: intelligendo per ve¬
1333 2778 2244 2822 ritatem aliquam entitatem vt prius: neganda est conse¬
1326 2822 2233 2870 quentia. Nam oppositum consequentis stat cum antecedem¬
1332 2862 2243 2912 te: quin imo et sequitur ad ipsum: sequitur enim: nulla veritas
1335 2909 2228 2953 est: igitur non est verum nullam veritatem esse. nec ex hoc vlte
1329 2953 2226 3000 rius sequitur: igitur nulla veritas est. nec etiam sequiu
1335 2990 2228 3041 tur: igitur verum est aliquam veritatem esse: ita quod da¬
1319 3036 2240 3098 to consequente neutrum contradictoriorum enucia.
