2468 3529
181 241 1098 312 bilium esset verum. Et si dicatur quod hoc est impossibile concedo: sed ex
193 309 1100 359 hoc libet sequatur quod antecedens est impossibil scilicet nulla veritas est: non tamen
192 353 1091 404 sequitur quod illa consequentia valeat. et procedit ista solutio supposito
196 397 1103 449 quod enunciabile denominetur verum a veritate iuxta primum aut secundum
194 442 1112 490 modum positos de hoc supra. q. prima prologi. arti. primo: sed si te¬
196 483 1099 533 neretur tertius modus ibi positus. valet. quod enunciabile dicitur verum:
193 527 1108 573 qui sicu est: tunc posset concedi consequens scilicet quod verum esset nullam veritatem
191 573 1102 621 esse: et neganda vlterior consequentia quae infertur: igitur veritas esset intelli¬
199 614 1098 666 gendo per veritatem aliquam entitatem vt prius. Et videtur negandum
187 658 1099 702 esse illud assumptum pro probatione consequen scilicet nihil est verum nisi veri¬
189 698 1100 751 tate. vnde sicut dicitur quod falsum non est falsum falsitate: intelligendo
187 742 1106 794 per falsitatem aliquam entitatem: sed quia non sic est si illud sit affir¬
190 784 1103 840 matiuum: vel non sic nons sit negatiuum. sic secundum illum modum exponen
187 830 1101 884 di. verum non dicitur verum aliqua entitate scilicet qua sit veritas: sed quia sic est etc.
480 872 1113 936 ⁋ Distinctionis. I. Questio. I
445 916 1104 1009 Apposito ex dicti in distinctione praece¬
732 958 1111 1013 denti non esse nobis per se no¬
436 1002 1107 1055 tum deum esse: restat in praesenti inquirere: vtrum hoc sit
436 1048 1112 1095 nobis noscibile per naturam. Et quia apostolus dicit et ma¬
423 1089 1095 1148 sgister allegat quod inuisibius dei a creatura mum¬
427 1132 1117 1182 di id est homine: per ea quae facta sunt intellecta conspiciuntur:
182 1172 1117 1228 videndum est qualiter quae facta sunt intelliguntur a nobis. eorum aut quae facta sunt:
187 1221 1110 1270 quaedam sunt sensibilia: quadam insensibilia. Et de vtrisque oportet inqui¬
189 1263 1102 1312 rere: vt videmus an et qualiter deus et omnes res cognosci possunt
190 1307 1096 1354 a nobis. ⁋ Primo igitur queritur: vtrum res sensibiles intelli¬
190 1347 1107 1407 gantur a nobisis naturaliter. ⁋ Et arguitur quod non. primo auctoritate
193 1397 1116 1451 philosophi 3o de anima dicentis: quod anima est quodam modo omnia: quod declarat:
190 1444 1097 1492 qui omnia aut sunt sensibilia: aut intelligibilia. anima autem per sensum
184 1485 1090 1539 quaedam modo est sensibilia: per intellectum vero intelligibilia. Ex o
181 1525 1093 1585 patet. quod anima per intellectum non apphendit sensibilia: alioquin per solum
183 1575 1094 1622 intellectus esset tam sensibilia: quam intelligibilia: et per consequens omnia entia.
181 1618 1094 1665 et per consequens superflue distinctionem illam fecit. P. ⁋ 2o nullum singu
187 1654 1105 1709 lare appreheditur per intellectum: omne sensibile est singulare: igitur etc.
180 1696 1104 1751 minor est nota: et maior probatur per differentiam quam in pluribus locis
191 1735 1107 1792 philosophie assignat. P. inter sensum et intellectum. dicens quod sensus est singu
198 1786 778 1853 larium: intellectus vero vniuersalium.
159 1823 1098 1916 Sppositum probatur per eundem 3o de anima. dicens quod intellecu
517 1868 1090 1927 intelligit omnia. et ideo oportet eum immixtum esse
186 1910 1098 1965 Et Commentator ibi dicit. quod intellectus recipit omnes formas materia¬
181 1962 1094 2011 les: et per consequens sensibiles. ac per hoc sequitur quod intelligit sensibilia.
193 1998 1099 2059 ⁋ 2o ratione: quia si intellectus non intelligeret sensibilia: intellectus omnino
191 2041 1101 2095 nihil intelligeret: consequens est falsum. consequentia probatur: quia nullum insensibi¬
194 2083 1092 2141 le potest intellectus apprehendere: nisi quia prius factus fuit in actu et
189 2134 1093 2190 apprehenderit sensibile aliquod: vt satis haberi potest. ex 3o de anima: et
191 2172 1095 2230 ex sequenti quaestione patebit. ⁋ 3o quia de sensibilibus multas
174 2213 1090 2273 habemus scientias: vtputa physicas: igitur illa apprehendimus per
175 2263 1008 2316 intellectum: cum scientia proprie dicta ad solum intellectu pertineat.
199 2296 1088 2399 ec questio duobus articulis declarabitur. In prim
529 2342 1094 2399 praemissis distinctionibus quibusdam po
178 2385 1096 2445 nentur alique conclusiones quas probabo: quarum probationibus probabuntur simul
179 2427 1088 2491 distinctiones praemisse. 2o mouebuntur dubua circa praedictam: et soluentur.
154 2473 1091 2569 Est utem prima distinctio quod noticiarum: alia est sim¬
476 2518 1095 2578 plex: alia est complexa: quae dicitur affirmatio et
173 2560 1091 2622 negatio. ⁋ Item eorum quae simplici noticia cognoscuntur aliqua
174 2602 1078 2664 sunt ad quae huiusmodi noticie immediate obiectiue terminantur: quaedam vero
193 2645 1080 2705 ad quae non immediate terminantur sue noticie: sed ad eorum species
187 2689 1094 2747 seu imagines in anima existentes. ⁋ Item quadam noticia est sensualis:
186 2735 1095 2799 quadam intellectualis. Uoco autem sensualem omnem noticiam ad quam
191 2778 1084 2831 causandam per se concurrit virtus aliqua sensitiua: aut aliquid existens in il¬
193 2823 1084 2877 la. Intellectualem aut omnem noticiam intellectus: siue omnis notiti¬
182 2862 1075 2920 cia sensualis homnis sit intellectualis: fiue non: de quo videbitur.
186 2902 1086 2966 secundo: vbi de distinctione et identitate potentiarum anime inquiretur.
184 2949 1085 3009 Quibus praemissis pono aliquas conclusiones. ⁋ Prima conclusio est
188 2995 1078 3055 de rebus sensibilibus habemus vel habere possumus naturaliter no
182 3040 1089 3111 ticiam sensualem: tam simplicem quam complexam. ⁋ 2a quod de seu
1146 238 2051 313 sibilibus possumus habere naturamliter noticiam sensualem sim¬
1159 313 2044 362 plicem immediatam rei in se: et noticiam qua cognoscitur mediam¬
1157 358 2050 406 te alio cognito. ⁋ 3a quod de sensibilibus possumus habere no¬
1161 397 2062 451 ticiam intellectuale: et simplicem et complexam. ⁋ 4a quod etiam
1153 443 2056 492 possumus de eis habere noticiam intellectualem immediatam: ac est
1157 486 2066 534 mediatam etc. ⁋ Prima conclusio quantum ad primam partem probatur scilicet quod de
1154 531 2051 582 sensibilibus habemus noticiam sensualem simplicem: ex eo quod ex¬
1153 568 2064 625 perimur frequenter nos aliqua sensibilia apprehendere. verbi
1156 618 2055 666 gratia audire sonos: et videre colores nihil affirmantes: aut
1147 658 2055 709 negantes de ipsis. quod vero est complexam sensualem habeamus:
1151 701 2056 754 patet: quia multa euidenter enunciamus de ipsis sensibilibus: dum
1163 743 2064 796 presentia sunt sensibus nostris: que talibus sensibus carentes:
1163 788 2056 840 aut quorum sensibus species et res sensibiles praesentes non sunt: scien¬
1158 833 2067 883 ter enunciare non possunt. ⁋ Sed hic satis congrue quaeritur. vtrum
1160 875 2061 925 animalia irrationabilia habeant aliquam complexam noticiam de
1157 918 2052 968 sensibilibus: quia quod simplicem habeant non est dubus. Et hic
1162 960 2055 1006 dico quod quamuis istud non possit nobis naturaliter esse plere no¬
1162 1005 2067 1060 tum. probabiliter tamen ex eis quae de eis percipimus possumus ar¬
1159 1052 2055 1100 guere quod talem noticiam habeant. quod potest conuinci: quia sicut vide¬
1147 1093 2058 1147 mus aliquando brutum aliquod apphendit sensibile: vtputa
1152 1134 2065 1185 panem et mouetur ad ipsum. Aliquando vero apphendit idem et
1154 1177 2060 1222 non mouetur ad illud. igitur motus iste cum sit per appetitum anima¬
1166 1220 2061 1267 lem: et talis appetitus sequatur apprehensionem: presupponit prae¬
1156 1263 2051 1315 ter simplicem apprehensionem sensibilis iudicium: quo iudi¬
1156 1301 2066 1353 cat illud vtile vel necessarium aut tale vel tale. ⁋ 2o quia
1148 1352 2055 1400 animal appetens dulce aut aliter aliquale secundum sapore appre¬
1151 1391 2054 1442 henso colore alicuius rei determinate mouetur ad illam: hoc
1146 1436 2053 1486 autem vt videtur non contingeret nisi iudicaret rem illam esse dulcem.
1151 1480 2052 1532 ⁋ Confirmatur. illud ex eo quod si postea gustans non reperiat
1145 1524 2056 1576 esse talem qualem quarebat: fugit ab illa. hanc rationem ponit Auicem.
1148 1570 2047 1618 6. naturali. vbi probat in animalibus esse sensum communem. vnde ait quod
1150 1607 2051 1660 si non coniungerentur in imaginatione animalium que carent in¬
1154 1654 2053 1696 tellectu: cum inclinantur desiderio proprio ad dulcedinem scilicet quod res
1151 1695 2058 1745 que est huius forme est dulcis: cum viderent eam non appeterent ad
1153 1737 2048 1789 comedendum. Et subdit concludens postea. quod si non esset talis
1160 1779 2057 1825 virtus in animalibus difficilis eis esset vita si olfatus non osten¬
1154 1822 2058 1867 deret saporem etc. ⁋ 3o probatur idem experientia: que de cani¬
1156 1866 2060 1917 bus venaticis fertur. valet quod cum feram fugientem sequuntur: si
1155 1916 2056 1966 ad biuium veniant odorant vnam viarum: in qua si non percipiant
1155 1955 2040 2003 odorem fugientis subito absque alterius vie odoratione per alte¬
1150 1998 2047 2043 ram pergunt: quod non videtur aliunde contingere: nisi quia iudicant feram
1150 2041 2049 2088 non transiuisse per illam: quam odorati sunt: ex hoc quasi arguentes
1144 2080 2066 2130 iudicant transiuisse per aliam viam. ⁋ 4o quia disciplina sine no¬
1144 2127 2049 2172 titiis complexis non fit: sed quaedam animalia sunt disciplinatia vt expe
1151 2162 2067 2218 rientia docet. Ad hoc etiam est auctoritas Auic. 6. natuam dicens vbi er
1150 2214 2066 2261 loquens de estimatiua dat exemplum: sicut inquit vis quae est in oue est
1152 2252 2047 2304 diudicans quod ab hoc lupo est fugiendum: et quod huius agni est miseren
1141 2298 2066 2344 dum. constat autem quod omnes tales noticie sunt complexe. ⁋ Nec va¬
1146 2341 2065 2397 let ratio doctoris vnius dicentis quod secundum hoc in talibus animalibus esset
1144 2386 2065 2430 intellectus praticus: et deberent animalia talia vocari rationa¬
1139 2426 2066 2485 bilia. Non enim hoc sequitur loquendo de huiusmodi ad sensum: in quo l
1152 2472 2045 2523 dicimus hominem esse rationabilem: et habere practicum intellectum: quia homo
1141 2515 2038 2566 non tantum singularia: sed et universalia: nec tantum circa sensibilia: sed
1137 2562 2050 2613 et circa insensibilia habet iudicia. et ex talibus ratiocinatur et pro¬
1147 2601 2045 2650 prie rationalis appellatur. Similiter intellectus practicus non
1137 2645 2042 2694 solum ex singularibus: sed ex altera vniuersali quandoque consi¬
1147 2690 2051 2741 liatur. ⁋ Item confert praeterita praesentibus et futuris: et multiplex
1140 2733 2043 2782 alia differentia posset assignari: propter quam talis consequentia non tenet.
1153 2773 2066 2839 ⁋ Quod etm confirmatur per Commentatorem 3o de anima. Uir¬ 5
1144 2816 2042 2864 tus cogitatiua habet talia iudicia particularia: et tamen dicit quod ex
1137 2865 2038 2915 hoc non sequitur eam esse virtutem rationabilem propter causam assignatam vt
1135 2904 2044 2960 patebit in prirobatione conclusionis tertie. Si tamen velis vocare etiam
1137 2953 2046 2999 illa rationabilia potes: quia vocabula sunt ad placitum.
1140 2994 2031 3041 Sic etiam alius volens omnia cognoscentia vocare ra¬
1131 3035 2046 3101 tionabilia: posset negare omium: noticiam etiam simplicem
