2474 3524
450 207 1336 277 liter plus haber e potest aliquam causalitatem: seu quam
441 269 1341 320 cunque habitudinem ad ipsam visionem datam: quam aliquis
449 316 1337 361 alius habeat: nec est deus in casu tali pius supplet causalitates
446 359 1340 410 vnius illorum specialiter causando scilicet eandem noticiam: qua ipsum causaret si
446 405 1338 457 existeret: quam ceterorum: cum ponatur talis visio naturaliter et cum
454 457 1347 498 ola dei influentia generali causari: non igitur erit ratio aliqua quare vnus et
449 486 1343 540 non alius: et per consequens non quilibet videatur. ⁋ Eodem modo modo probari potest
447 531 1334 584 de futuro: et est de possibili non futuro: quoniam tunc scilicet simul viderentur omnia
446 573 1340 622 talia similia scilicet futura vel possibilia. Sed vt dicebatur hoc non est dicendum.
447 618 1328 670 ⁋ Confirmatur. quia constat quod si omnia talia praeterita reponerentur
450 664 1338 711 a deo in esse non viderentur omnia per illam visionem: nec aliquod deter¬
451 708 1331 754 minate plus quam cetera: igitur nec dum non sunt omnia simul videri pos¬
451 752 1338 801 unt: nec vnum determinate plusquam cetera: igitur nullum. ⁋ 3o secundum
438 789 1325 842 hoc nulla haberetur certitudo euidentie de rerum existentia sensi¬
442 837 1329 888 bilium. nec per consequens de actionibus et operationibus earum: et sic periret
437 885 1328 932 omnis scientia quae acquiritur per viam experientie sensitiue. Et iterum quod to¬
431 926 1328 972 ta humana conuersatio hominumque conuictus non plus procedit ex ex
441 972 1325 1019 perientia seu euidentia: quam opera somniantium qui ex: quibusdam vi¬
445 1012 1338 1067 sis in somniis loquuntur corporaliter: et alia exterius operantur: quae omnia
438 1057 1338 1105 nimis absurda sunt. consequentia patet. quia ex quo naturaliter est aliquando sensatio: non
449 1099 1332 1153 existente obiecto non est possibile mihi fieri euidens quando obiectum existats
442 1147 1329 1202 vel non existat: quando enim putabo ipsum existere forte non existet.
443 1190 1328 1241 et per consequens quando putabo me loqui cum alio homine et ipsum mihi: forsi¬
434 1232 1331 1280 tan nullus erit qui mecum loquatur: et cum quae ego loquar: et sic de
433 1275 1338 1320 aliis sequitur suo modo. ⁋ Istius sententiae indubitanter fuit. p. vnde
436 1318 1343 1368 2o de anima ipse supponit pro certo quod et sine sensibilibus quae sunt
443 1363 1338 1407 extra non contingit sentire: et tunc quaerit causam huius. et respondet quod. sensi¬
434 1405 1337 1451 tiuum est tantum in potentia non actu. ⁋ Item infra. eodem capitulo ait. Senti¬
441 1450 1329 1496 re secundum actum similiter dicitur ipsi considerare. differt aut: quia huius quidem
438 1494 1321 1546 actiua operationis ex sunt visibile et audibile. Similiter aut et re
431 1536 1328 1584 liqua sensibilium: et subdit: intelligere autem est in anima cum velit: sen¬
434 1582 1331 1632 tire autem non est necessarium in ipsa aut esse sensibile. ⁋ Item Com¬
425 1626 1336 1675 menta. 2o de anima. inquit. Sensus sper est cum praesentia sensibilis. ima¬
426 1673 1332 1720 ginatio autem non. multe auctoritates possent adduci: sed iste
438 1712 1328 1760 sufficiant pro nunc. ⁋ 2am conclusionem probo sic. Si destructo sensi
434 1753 1335 1800 bili posset fieri visio ea remanere: sic quod per eam ipsum destru¬
436 1797 1329 1847 ctum videretur: pari ratione vel potiori possibile esset ipsum quantumcumque
430 1844 1331 1898 occultum existens videri per illam: consequens repugnat experientie. Expe
434 1883 1322 1930 rimur enim quod simul dum occultatur nobis visibile cessat videri: et
431 1927 1327 1971 si successiue: suctuo. et si subito occultaretur non est dubium quod su¬
434 1969 1317 2021 bito cessaret videri. ⁋ Confirmatur: quia alias interposituo cor
432 2014 1330 2068 poris oppaci non prohiberet nos videre. ⁋ 2o nos experi
428 2063 1320 2111 mur quod cum intuemur candelam ardentem si extinguatur simul desinit
431 2103 1310 2156 videri: nec per aliquam morulam quantumcumque paruam videtur exticta. ho
419 2146 1317 2193 autem non contingeret: vel saltem non semper: si distructum obiectum videri.
431 2187 1313 2245 foret possibile naturaliter. ⁋ Praeterea suppono vnum certum apud omnes. valet quod
437 2233 1316 2281 vel est dare maximam distantiam in qua determinatum visibile a
429 2278 1325 2330 determinato vidente potest videri per determinatum medium: vel mi¬
422 2322 1328 2376 nimam in qua non potest: et hoc est euidens: cum in aliquanta distantia pos¬
433 2361 1332 2407 sit videri: et non in quantacumque: quo presupposito arguo sic.
421 2407 1319 2459 Est dare maximam vel minimam distantiam etc. modo dicto: igitur
425 2450 1319 2503 non est naturaliter possibile quod non existens videatur. consequentia probatur: quia quae ratione
428 2497 1317 2543 videretur du non esset: videretur est si esset et distaret ab oculo
433 2539 1314 2589 plus quam per distantiam maximam in qua potest videri: vel plusquam per
418 2583 1323 2634 minimam in qua non potest videri: et per consequens non esset dare aliquam
419 2625 1319 2674 talem maximam vel mimam distantiam: quod repugnat antecedenti. ⁋ Con¬
416 2668 1317 2719 firmatur. quia posito quod a. sit in tanta distantia visibile ab oculo
419 2711 1317 2767 b. in quanta est visibile ec. ab oculo d. et econverso tunc si detur maxima
425 2759 1314 2805 distantia in qua potest videri: tunc pono quod vtrumque sit in tali sua ma
419 2808 1316 2852 xima distantia a suo oculo: et in instanti est corrumpatur visibile c.
419 2840 1319 2891 et visibile a. incipiat elongari ab oculo b. motu continuo.
420 2883 1314 2933 Si igitur per quantumcumque paruum tempus videbitur c. pari ratione vel
422 2929 1313 2987 maiori videbitur a. et sic in maiori distantia videbitur quam sit
425 2970 1313 3021 sua maxima in qua potest videri. Si vero non detur maxima in qua sic: sed
415 3017 1313 3077 minima in qua non: pono quod vtrumque sit in distantia in qua videa¬
1413 204 2307 281 tur: et incipiant simul elongari a suis oculis: et quod in instanti in quo a. primo
1411 271 2309 328 erit in sua minima distantia in qua non potest videri: corrumpatur.
1407 313 2298 372 c. ipsum autem a. non corrumpatur: sed vlterius continue moueatur: et sit
1404 362 2307 411 illud instans est. si igitur post instans est. aliqua tempore videbitur c. eodem to
1403 405 2186 456 to tempore videbitur a. et sequetur idem quod prius.
1379 441 1766 504 ⁋ Praetereatunc abeuntibus sensi¬
1398 484 1776 541 bilibus a nostris sensibus pos¬
1395 533 1770 591 semus de eis scire an es¬
1394 578 1758 637 sent et vbi essent: et alias
1388 619 1817 682 ptingetes veritates: quales de per
1386 663 1760 721 eis sciebamus dum adessent:
1388 709 1761 768 cuius oppositum philosophia excla¬
1379 731 2301 802 mat et experientia manifestat: aut econtra numquam per intuitiuam noti¬
1388 788 2288 849 ciam possemus certificari de existentia alicuius sensibilis: sicut supe¬
1397 845 2290 888 rius arguebatur. ⁋ Ad hoc etiam est Aug. qui expresse. st. confes. dicit quod
1391 874 2289 932 quae non sunt videri non possunt: et non solum de sensuali: sed etiam de non
1398 919 2309 981 ensuali noticia loquitur: vt ibi patet. Ueruntnmon de visione dunta
1394 968 2281 1024 cat naturaliter haberi possibili: nam de alia quae singulari dei operatione et do
1391 1009 2306 1061 non haberi potest: vt sunt visiones prophetarum: non est ibi sermo eius: vt
1387 1055 2287 1110 expresse patet immediate capitulo sequinti. ⁋ Contra conclusionem istam et alia
1392 1097 2292 1147 dicta in probatione eius videtur posse argui. Nam quamuis impossibile sit natura
1392 1136 2307 1192 liter cari visionem absque praesentia rei vise: quin tamen possit naturaliter
1394 1170 2306 1241 coseruari absque praesentia illius: ita est vt non existens aut abesens ali si
1397 1225 2295 1288 quando videatur non videtur inconueniens: immo hoc aliquando de facto videtur contin¬
1397 1268 2301 1331 gere: supposito quod sit dare minimum visibile: vel absolute:
1391 1313 2279 1368 aut in certa distantia a determinato visu: et per determinatum medium
1394 1356 2298 1408 cum determinatione est aliorum requisitorum ad visionem causandam.
1397 1401 2295 1460 Et hoc probatur: quia si hoc detur necesse est vel dare vltimum instans esse rei
1388 1445 2285 1506 primanentis: post quod nihil eius sit: quod est contra p. 8. phy. vel quod aliquid
1395 1496 2303 1540 minus minimo visibili: aut distans plus: quam per maximam di¬
1395 1531 2292 1584 stantiam: in qua potest videri: videatur: et pari ratione videri poterit ali
1397 1580 2297 1636 quid iam corruptum: et non existens. Declaratur consequentia. Nam si sit mini¬
1398 1625 2286 1670 mum visibile oppositum visui in sua maxima distantia in qua potest naturaliter
1391 1667 2288 1720 causare visionem et actualiter videatur: et deinde incipiat in aliqui instan¬
1394 1708 2282 1762 ti remitti vel diminui extensiue: aut elongari a visu motu
1392 1751 2292 1801 continuo: quodcumque praedictorum detur: constat quod in instanti illo erit vi¬
1395 1793 2295 1843 sio eius: cum ipsum sit adhuc integatum intensiue vel extensiue et in distan¬
1392 1840 2285 1893 tia debita. Aut igitur prius illud instans dato casu praedicto: erit aliqua
1382 1886 2275 1935 pars illius visionis: aut nulla: si nulla. igitur illud est instans vltimum
1391 1927 2279 1982 sui esse: sic quod post ipsum nihil visionis est: si aliqua: igitur illud adhuc
1391 1979 2277 2025 videbitur: cum quaelibet pars visionis sit visio. ⁋ Sed quia forte ne¬
1379 2012 2279 2071 gabitur tale minimum: ac est maxima distantia in qua aliquid possit
1385 2065 2273 2113 videri ideo illud probatur. ⁋ Et primo de minimo visibili ex inten¬
1377 2099 2297 2150 tione philosophiprum celi. et commenta. periter enim ambo volunt quod cuiuslibet
1388 2135 2297 2193 virtutis actiue: vel passiue magnitudo seu vigor estimandus i¬
1382 2188 2292 2236 est secundum vltimum sui. Differenter tamen. Nam quia illa virtus actiua dicitur m
1386 2228 2282 2285 ior quae potest maius age re. ideo ipsa estimanda est secundum maximum quod potest
1384 2281 2289 2333 agere: quia vero passiua dicitur virtus illa maior quae a miori potest pati.
1392 2322 2290 2375 vnde visus: qui a minori visibili potest immutari ceteris paribus dicitur
1379 2368 2291 2416 vigorosior: ideo talis est estimanda secundum mimum a quae potest moueri:
1389 2406 2273 2453 Unde Comenta. ibi. Sis inquit potentia aut actiua est: aut passiua
1392 2444 2294 2505 Si aut actiua terminanda est per vltimum finem eius quod agit. Si
1385 2497 2285 2547 passiua per mimum eius a quae patit. ⁋ De distantia est patet expresse
1382 2538 2276 2600 per. p. in fine libri de sensu et sensato. vbi praemittens quod visibile non
1379 2581 2273 2638 potest videri in infinita distantia: sed finita tantum: concludit. Est itaque
1382 2629 2274 2678 aliquid vltimum distantie: vnde non videtur: et primum vnde videtur: hoc itaque necesse est
1375 2669 2275 2721 insensibile esse quod in vlteriori: quod non contingit sentire: existens in ex.
1383 2714 2282 2763 teriori aut necesse sentire. ⁋ Item perspectiui idem ponunt. vnde. 8a.
1382 2758 2275 2816 propositio. 4. lib. magne perspectiue vitelliois est ista. vnumquodque
1390 2810 2280 2855 disorum longitudinem habet spacii vltra quod non videtur. illud aut
1379 2848 2273 2899 vltra quod non videtur est maxium a quae: vel in qua videtur: et ad hunc intellectum
1380 2895 2278 2943 probatur ibi praedicta propositio in commento ⁋ Ratione est probatur id ipsum:
1385 2935 2271 2985 quoniam quantum ad hoc idem iuditum est de omnibus agentibus mere naturaliter: vide¬
1377 2974 2271 3027 mus aut quod aliquod actiuum naturale. vbi gratia. corpus luminosum illui¬
1374 3018 2285 3086 nat medium secundum maximam distantiam a se quam potest illu¬
