2445 3519
203 202 1103 277 praedictorum conceptuum communis est etiam subiectis separatis: et pro eis vif
204 272 1125 329 cabilis de ipsis: nullus autem est sibi proprius: et quilibet proprius pro¬
210 306 1120 374 batur diuisim de ente quod concludimus mouere celum: et sic in quolibet
206 353 1103 407 talium prius cognoscuntur subiecte separate: quam in conceptu complexo proprio eis
200 394 1115 474 unc secundo mouenda sunt quadam ditia: et pim contra illud
559 438 1120 501 dictum in pria conclusione valet. quod intellectus et species ac¬
200 470 1115 544 intellectones et volitiones cognoscunt immediate in seipsis. Nam cum ta
204 518 1104 587 lis cognitio videatur esse intuitiua eius: quod sic immediate cogno
201 563 1107 630 scitur per ipsam: et omnes huiusmodi notitia sint reflexe: sequitur quod aliqua no
200 605 1103 674 ticie intuitiue sint reflexe: quod videtur inconueniens. ⁋ 2o contra idem
207 657 1098 712 qui tunc videtur sequi: quod similiter actualiter sint in intellectum infinite intellectiones
197 704 1097 751 qui qua ratione vna intellectio cognoscitur immediate in seipsa: ea
200 737 1107 802 dem ratione illa noticia: qua prima cognoscitur: cognoscetur in seipsa: cum equa
189 788 1097 848 praesens sit intellectui: sicut et prima et 3a: et sic deinceps in infinitum ⁋ Con¬
203 821 1112 885 firmatur: quia talis agit naturaliter ad noticiam sui: et intellectus est naturaliter
200 864 1100 924 patitur: positis autem actiuo et passiuo naturaliter agente et patiente: et
198 907 1100 973 in dispositione debita ad agendum necessario sequitur actio. ⁋ 3o ad
191 951 1097 1013 idem. quaecumque intuitiue cognoscuntur: si distincta sunt euidenter cogno¬
189 995 1097 1054 scunt esse distincta: et per consequens si praedictam quae sunt in intellectum naturaliter co
184 1039 1099 1106 gnoscuntur intuitiue: et etia intellectus tunc esset nobis euidens quod actus
180 1096 1106 1147 intellectus distinguitur ab intellectum: et a specie et ab actu voluntatis: et
189 1135 1098 1187 rectus a reflexo: et similiter intellectus a voluntate: si omnia hec adinuicem
183 1170 1091 1228 distinguuntur: aut si aliqua de illis: maxime esset notum quod distinguum
185 1214 1095 1271 tur. Et quae distincta non sut notum esset illa non distingui: quod tamen fal
192 1257 1098 1324 sum est: cum de quolibet praedicititorum diuerse sint estimationes et opinio¬
194 1305 1091 1360 nes magnorum doc. ⁋ 2m dubium potest esse. vtrum habitus existentes in
186 1339 1098 1410 intellectum vel voluntate cognoscantur immediate in seipsis: sed de hoc alias.
189 1390 1098 1449 ⁋ 3m dubium potest esse de subiecta: quo cognoscatur an scilicet in se immediate:
185 1436 1095 1498 vel in sua specie tantum: vel tantum in conceptu formato per intellectum.
195 1474 1092 1540 ⁋ 4m dubium an et quo quis cognoscat quadam insensibilia: quorum nullum
186 1516 1101 1575 immediate nouit in seipo: sicut verbi gratia. homo qui nunquam fuit iustus:
170 1568 1097 1628 et per consequens qui nunquam immediate intuitus est iusticiam aliquam singula¬
182 1605 1091 1674 re potest noscere iusticiam: quod autem aliquis potest huiusmodi cognoscere iusti¬
186 1648 1086 1708 ciam patet: quia aliquis talis potest desiderare et velle esse iustus: quod non
182 1696 1073 1746 posset nisi nosset quid est iusticia: et quid est esse iustum. ⁋ Ad primo
187 1735 1083 1799 dubium concedo talia intuitiue cognosci. Et vlterius concedo quod aliqua
183 1774 1092 1839 notitia intuitiue sunt reflexe eo modo: quo licet improprie) dicitur noticia ali¬
185 1816 1082 1884 qua reflexa. ⁋ Ad 2m articum dico primo quod hoc articulm est contra omnem opinio¬
174 1866 1083 1924 nem. Nam qualitercumque intellectio intelligat scilicet abstractiue vel intui¬
177 1909 1088 1962 tiue: constat tamen ipsam intelligi et esse sufficienter praesentem: sicut requiritur.
181 1949 1089 2016 ad ipsam intelligendam: et quod non minus numeraliter agit ad eius noticiam si¬
182 1995 1079 2058 abstractiue intelligat: quam si intuitiue: supposito quod agat vtro¬
171 2031 1074 2088 libet modo intellectam: et sic oportebit si argumentum valeret: quod sint intel
177 2077 1089 2146 lectiones infinite simul. Quia si dicatur. quod illud quod abstractiue cogno¬
170 2120 1071 2191 scitur: non agit noticiam suam: non minus sequitur quod dictum est: quia quid
182 2170 1089 2229 quid sit actiuum illius notitia non erit magis liberum: quam actiuum noti¬
168 2222 1083 2273 cie intuitiue. ⁋ Dico igitur quod non sequitur. notitia est praesens intellectui:
167 2255 1087 2321 igitur intelleiter: loquindo de praesentia essentiali: non autem obiectiua. Et quod
174 2295 1080 2360 ista consequentia non valeat patet in aliis consimilibus. Nam vt experimur: et dicen
165 2338 1082 2399 Aug. xi. de tri. quamuis in memoria multe sint spes: et omnes eque
171 2386 1074 2444 praesen tes aciei cogitantis essentialiter: non tamen omnes simul acies anim contue
171 2433 1073 2493 tur. Similiter vt idem libro 14. dicents Momiens nunquam est absens sibi: sed smpen
183 2478 1074 2536 consequens si aliquid sibi praesens dici possit: et similiter conspectui suo: cum con
173 2518 1074 2572 spectus nihil aliud sit quam ipsa: et tamen non semper actualiter se cogitat nec
166 2563 1077 2623 est semper obiectiue in conspectu suo id est vt exponit: non seper de seipsa
172 2597 1070 2656 suus formatur obtuitus. Que autem sit causa huius ibidem. dicens Aug. se inue
174 2642 1070 2702 nire sufficienter non posse. ⁋ Sic dico quod non omnis spes aut in
180 2687 1085 2744 tellectio existens in intellectum actualiter cognoscitur ab intellectum. Et di¬
185 2735 1083 2796 co quod non solum aliqua reflexa: sed etiam intellectio recta: quae cogitat
188 2773 1072 2832 alia: aliquando non cognoscitur ab intellectum: et hoc experientia probat: et suf¬
182 2811 1073 2881 ficit probatio experientie: esto quod causam huius assignare nesciremus:
173 2861 1070 2921 de hoc tamen dicet in 2o dici. i. ⁋ Ad 3m articum dico quod assumptum non
176 2907 1070 2967 est verum. Nam videmus intuitiue lucem solis: et sic intuitiue vide
173 2947 1077 3005 mus quantitatem lucis: et tamen non est euidens quod lux illa sit res di¬
179 2987 1076 3069 stincta a quantitate illa: nec euidens est et: quod non sit res distin
1163 225 2087 289 cta. ⁋ Ad 3m dubium pro nunc potest dici: sicut. dicens vnus doc. quod subiecta co
1166 281 2088 351 gnoscitur in aliquo conceptu proprio negatiuo: qualis est ens naturaliter priro
1172 329 2072 392 existens quem conceptum de ente particulariter probat quis: vel ex eo
1168 370 2069 435 quod non est processus in infinitum in entibus: quorum vnum in altero sit sub¬
1169 412 2063 477 iectiue: vel aliquo modo: alio. Utrum autem talis conceptus sit simplex
1167 460 2087 521 aut compositus: alias poterit discuti. ⁋ Ad 4m dubium dicendum: sic
1176 497 2088 565 ab Aug. potest haberi. 8. de tri. vbi difficultatem praedictam prolixe per¬
1173 543 2087 607 tractat: quod talia cognoscuntur in propriis conceptibus: quos quis
1167 579 2076 655 habet apud seipsum. vnde quaerens quo qui nodum iustus fuit: diligit: et per
1170 631 2074 695 consequens nouit quid est animus iustus: tandem determinans ait. cu
1163 673 2076 732 enimd dicens et sciens dico: iustus est animus: qui scientia atque ratione in vi¬
1164 708 2078 779 ta ac moribus sua cuique distribuit: non aliquam rem absentem co
1163 758 2076 825 gito: sed praesens quidem cerno: et cerno apud me: et si non sum ipse quod
1163 805 2072 861 cerno: et multi si audiant approbabunt. Et quisquis me audit
1167 845 2057 907 atque scienter approbat apud se: et ipse hoc idem cernit etiam si non
1164 883 2079 953 sit: et ipse quod cernit. Ex quibus patet quod iustum animum nouit quis est:
1164 930 2066 987 qui per nullum tale vidit in ratione propria seu conceptu significante quid
1161 976 2064 1031 est animus iustus. valet. qui scientia atque moribus in vita et ratione etc.
1151 1017 2062 1076 quem conceptum quilibet qui scienter id. dicens apud se habet et cognoscit: est si
1161 1068 2052 1123 lusticiam non habet: nec ipse talis sit vt praedictus conceptus de eo vri¬
1148 1097 2064 1161 ficari possit. ⁋ Sed vnde huiusmodi conceptu habet in mente: et cognoscit
1152 1142 2064 1208 ipsum esse alicuius conceptum: is qui nunquam aliquam rem vidit cui
1151 1196 2067 1255 conueniret ille conceptus: Duend sicut idem Aug. tradit. 2. de liber.
1161 1239 2062 1299 rbitr. in fine et in multis etiam aliis locis: sicut naturaliter impressi¬
1146 1272 2064 1343 sunt nobis quidam appetitus. verbi gratia. beatitudinis et sapientie: sic
1143 1323 2064 1385 etiam talium sunt nobis naturaliter impresse notitie: sine quibus talia
1145 1359 2056 1429 appetere non possemus: vnde btitudinis noticiam habet etiam qui non
1147 1402 2048 1472 est beatus nec vnquam aliquem beatum vidit. Similiter appetitum et no
1154 1448 2051 1511 ticiam sapientie habet qui non est sapiens: nec sapientem quempiam no¬
1142 1499 2057 1557 uit. Unde sicut ibidem. dicens antequam beati simus mentibus tamen no¬
1146 1534 2054 1599 stris impressa est beatitudinis noticia: per hanc enim scimus fi
1155 1577 2059 1639 denterque et sine vlla dubitatione dicimus nos beatos esse
1149 1624 2044 1681 velle: ita etiam priusquam sapientes simus sapientie notionem in
1136 1668 2060 1730 mente habemus impressam: per quam vnusquisque si interroge¬
1136 1713 2049 1773 tur: velit ne esse sapiens: sine vlla caligine dubitationis se
1146 1748 2048 1811 velle respondet. ⁋ Ite. 8. de tri. neque inquit in omnibus his bonis
1149 1795 2060 1859 vel quae commemoraui: vel que alia cernuntur: vel que cogitan
1146 1836 2048 1901 tur diceremus aliud alio melius: cum vere iudicamus nisi nobis
1146 1878 2042 1940 esset impressa noticia ipsius boni: secundum quam et probaremus aliquid
1143 1925 2046 1976 et aliud alii praeponeremus: sic etiam naliter nobis impressa est noti¬
1143 1967 2042 2024 cia boni et mali iusti et iniusti: siue recti et praui: per quam cum
1148 2009 2044 2074 aliquod opus aspicimus: statim ipsum bonum aut prauum censemus.
1145 2052 2042 2119 ⁋ Ex hac igitur noticia habituali naturaliter insita: per quam quis
1142 2100 2046 2159 nouit hoc et illud: cum illa considerat esse bona et recte factar
1149 2135 2067 2197 illud vero ea illud non recte. q. naturaliter etiam format sibi conce
1148 2188 2046 2243 ptum generalem boni et iusti: et bonitatis et iusticie: in quo genem
1145 2232 2046 2288 rali noticia iusticiam cognoscit: qui nec in seipo iusticiam ha
1145 2264 2037 2329 bet: quam immediate in se cognoscat: nec alicuius alterius iusti¬
1142 2313 2047 2376 ciam in seipsa cognouit. Cui quoque facile est cognoscere quid
1143 2359 2043 2413 est animus iustus: eo quod animum suum nouit: et quid est iusticia
1146 2403 2052 2458 nouit: non sic autem faciliter cognoscitur quaelibet alia res insensibilis
1143 2442 2056 2508 quam in seipsa nullus nouit: vt medicinam qui nunquam medi¬
1134 2488 2043 2548 cus fuit: aut liberalitatem qui numquam liberalis fuit: quamuis et ista
1143 2526 2033 2585 in propriis quibusdam conceptibus complexis: aut connotatis possit ali
1146 2579 2045 2637 quo modo cognosci vnde habens notitiam communem habitus vel artis: et noti¬
1139 2617 2045 2682 ciam sani et egri: et videns aliquem sanare prompte et expedite
1138 2657 2034 2723 ad modum quo alii artifices agunt potest concludere: hunc habere ali¬
1134 2701 2039 2760 quem habitum qua rationabiliter sanat: et sic habere conceptum medicie: quamuis
1140 2749 2043 2811 nullam medicinam singuliter immediate apprehenderet in seipsa: huc tamen
1136 2792 2036 2850 conceptum est non habet nisi praehabitis pluribus aliis noticiis: vt patet.
1138 2839 2043 2896 ⁋ Ex dictis igitur in praecedenti ac praesenti quaestionibus possumus colli
1143 2884 2046 2933 gere quod omnis res creata: quam per intellectum cognoscimus: aut
1140 2928 2033 2977 cognoscitur a nobis immediate in seipa: sic quod noticia illa ad
1136 2964 2037 3027 nullam rem vel repraesentatiuum medium terminatur: aut cognoscitur in specie
1137 3012 2048 3082 propria a se causata: aut in conceptu aliqua proprio aut communi ficto: seu
