2447 3516
363 256 1289 330 communis pluribus rebus: aut forte signum aliquod exterius ad placi¬
367 315 1285 383 cum institutum eo modo quo dicet in 3o ⁋ Quo supposito proba
372 358 1280 419 tur propositum primo sic. antequam vniversale fingat seu formetur: aliquod sin¬
367 403 1275 469 gulare est cognitum. igitur singulare prius est cognitum quam vniversale.
373 446 1271 510 Antecedens probatur: quia impossibile est naturaliter abstrahere et fingere com¬
368 485 1283 549 ceptum aliquem ab aliquibus rebus nisi ille res: vel alique earum
371 533 1281 595 sint prius apprehense: quoniam de rebus omnino ignotis nullus conce¬
370 576 1280 643 ptus formari potest: vt supra patet in. q. de noticia sensibilium:
375 627 1286 679 et experientia idem docet. Aut igitur res de quibus conceptus
371 664 1289 722 vniuersalis formatur: sunt note in seipsis: et habetur propositum: quia
368 716 1274 767 quaelibet talis est singularis: aut sunt note aliqua specie recepta
371 751 1286 813 a rebus: et adhuc habetur propositum: quoniam omne cuius recipi
371 794 1274 860 tur species sic: et quod per eam cognoscit: est in se precognitum:
367 847 1280 896 vt ibi supra patet: aut est cognitum in aliquo coceptu ficto: et
366 880 1283 939 tunc vt pus arguitur: quoniam et antequam ille fingeretur necesse fuit
361 923 1280 987 precognosci aliquam rem singularem: aut procederetur in infinitum
372 966 1289 1025 inconceptibus a parte ante: quod est impossibile. consequentia probatur. quia vniversale
361 1014 1279 1071 intelligi id ipsum est: quod ipsum fingi: vel ipsum simul fingitur et in¬
362 1052 1280 1106 telligit: aut prius fingitur quam intelligitur. Nam impossibile est quod
368 1094 1278 1164 prius intelligatur quam fingat: quodcumque autem illorum detur. patet consequentia.
367 1151 1277 1207 ⁋ Forte diceretur ad hoc quod verum est quod ante formationem
377 1192 1290 1244 vniversalis aliquod singulare est notum: sed per sensum: non autem per in¬
373 1233 1287 1285 tellectum. Contra hoc est intentio. P. et Commen. 12o meta. dicens quod
371 1273 1280 1332 apud Arum. vniversalia sunt collecta ex particularibus in intellectum:
368 1316 1280 1374 qui accipit inter ea similitudinem: et facit ea vnam intentionem.
380 1366 1280 1419 ⁋ Intellectus igitur secundum Commentatoris. et vt di. secundum Aru. etiam faciens
366 1403 1289 1461 intentionem vniversalem: accipit id est considerat: atque cognoscit consimi¬
377 1443 1285 1507 litudinem inter particularia: et constat quod non potest eorum consimili¬
377 1495 1292 1542 tudinem cognoscere: nisi cognoscat illa. ⁋ Idem vult Eustra.
376 1535 1283 1585 super primo ethi. vbi ait. quod post subsistentiam multorum anima in seipa
368 1585 1286 1633 subsistere facit vniversalia propter hoc et animal vniversale nihil aut poste
372 1632 1281 1677 rius. ipse Arum. in his quae de anima dici nihil autem quoniam secundum se quidem
369 1672 1290 1717 non subsistit: posterius autem quoniam ad multorum existentiam et con¬
381 1711 1283 1766 prehensionem ipsius consequitur intellectus. ⁋ Ex quibus patet quod fictio
375 1750 1290 1809 vniversalis praesupponit comprehensionem particularium: nec est imagi¬
372 1794 1277 1845 nandum quod vna virtus comprehendat singularia et conuenien
378 1846 1284 1896 tiam eorum. et alia formet vniversale: non plus quam quod vnus homo appre
366 1887 1293 1939 hendat singularia: et alius abstrahat eorum vniversalem conceptum.
392 1926 1285 1987 ⁋ Confirmatur per Commentatoris primo phy. quod licet indiuiduum non sit
380 1969 1286 2027 principium in scientia demonstratiua: est tamen principium acquisitionis vniversalis:
369 2017 1292 2067 quod est principium doctrine demonstratiue. Cum enim demonstratio¬
373 2067 1289 2117 sit ex vniversalibus propositionibus: ideo noticia alicuius singularis de¬
369 2105 1280 2151 terminati: siue complexa siue incomplexa: non est principium de
383 2153 1290 2199 monstrationis: nec demonstratiue doctrine. Est tamen principium ac¬
378 2194 1290 2252 quisitionis noticie vniversalis: sicut patet primo meta. et 2o poste. ita quod no¬
377 2229 1286 2281 ticia singularis precedit noticiam vniversalis. ⁋ Praeterea primum cognitum
381 2273 1276 2327 ab intellectu non est aliquid factum ab intellectu. igitur sing
386 2318 1283 2369 lare est primo cognitum ab intellectu. consequentia tbet. et antecedens probat: quia
374 2361 1292 2421 primum cognitum ab intellectu precedit tempore vel natura
380 2411 1287 2458 noticiam intellectus: quod autem factum est ab intellectu est poste¬
381 2451 1287 2509 rius natura prima noticia intellectus et non prius. ⁋ Praeterea vniversale
380 2494 1282 2545 esset primo cognitum: aut prima noticia illius esset prima notitia
380 2531 1286 2594 qua cognosceretur vt signum rerum extra: aut qua cognosceretur
380 2578 1286 2625 vt quedam res secundum se: sed impossibile est vt prima noticia in¬
375 2624 1280 2678 tellectus sit alicuius vt signum: cum noticia talis presuppona
382 2665 1284 2721 noticiam rei alicuius in se cuius est signum: vt supra patet. ⁋ Si
381 2713 1284 2764 dicatur 2m tunc cum vniversale secundum se sit quedam res singularis: vt pa
383 2752 1292 2802 tebit in 3o libro libet vt est signum plurium sit vniversale: sequitur quod prima
381 2798 1299 2853 noticia intellectus erit alicuius singularis: vt singulare.
396 2841 1289 2898 ⁋ Praeterea noticia non deseruiet aliquo modo ad noticiam
384 2890 1290 2934 singularium habendam: nec noticia communioris vniversalis ad no¬
393 2929 1295 2975 ticiam vniversalis minus communis: cuius tamen oppositum intendunt po¬
381 2970 1292 3017 nentes vniversale prius cognosci singulari. ⁋ Praeterea prius cognoscitur singulare
381 3016 1295 3069 mere intelligibile. vbi gra. intellectio a volitio quam vniversale pre¬
387 3053 1299 3114 cise illis commune. igitur prius intelligitur singulare sensibile quam
1338 244 2246 318 vniversale talibus singularibus commune. igitur singulare prius intel
1341 297 2231 362 ligitur quam vniversale. Antecedens patet. quilibet enim quantumcumque grossus et rudis
1341 342 2243 403 mox cum incipit habere vsum rationis nouit et non nisi per in¬
1335 388 2258 447 tellectum determinate suam volitionem: qua vult aliqua rem
1334 427 2237 489 singularem determinate. Et tamen constat: quod non statim quilibet
1334 473 2241 536 talis habet conceptum specificum vel alium vniversalem illis singulari¬
1338 515 2252 576 bus proprium: nec omnium est tales conceptus abstrahere. Com
1332 559 2240 621 sequentia prima patet: quia cum singulare sensibile intelligibile sit
1327 604 2246 665 ab intellectu: vt supra patet eadem ratione de eo respectu vniversalis sui
1342 647 2246 716 qua de aliis. patet etiam quoniam ratio que videretur ab aliis assigna¬
1327 704 2254 753 ri. valet. de processu nature ab imperfecto ad perfectum: et noticia
1334 747 2253 797 confusa ad determinatam non plus in his locum habet quam in illis.
1340 785 2268 844 ⁋ hoc potest etiam probari ex intentione Aug. 8. de tri. et libro modo
1340 822 2267 883 vbi vult quod noticia vniversalis siue secundum speciem siue secundum genus col¬
1338 864 2246 927 ligitur ex plurium similitudine singularium visorum in se: sicut
1327 912 2268 966 etiam. P. et Commentatoris. dicunt: vt supra patet. ⁋ Dico igitur: quod cuiuslibet i
1342 959 2268 1021 vniversalis noticiam. praecedit notitia singuaitoa ipsius in intellectu: quamuis non cu¬
1329 996 2261 1055 iuslibet singuationia notitia praecedat in intellectum notitiam sui vniversalis: immo etiam nec
1340 1047 2260 1099 isensu. Nam multi habent conceptum vniversalem homnis qui numquam quemlibet sin
1334 1084 2268 1155 gularem hominem in se nouerunt. Contra istud arguunt ali¬
1345 1128 2268 1195 qui dicentes quod singulare in rebus materialibus non intelligi¬
1329 1172 2268 1228 tur directe ab intellectu nostro: sed indirecte et per quan ergo
1333 1213 2268 1271 dam reflexionem. Cuius ratio est: quia principium singularitatis in rebus ego
1340 1266 2256 1318 materialibus est materia indiuidualis: intellectus autem noster
1333 1313 2252 1366 intelligit abstrahendo speciem intelligibilem ab huiusmodi materia:
1356 1348 2258 1402 qd autem a materia indiuiduali abstrahitur est vniversale. vnde intel
1345 1391 2261 1453 lectus noster directe non est cognoscitiuus nisi vniversalium: per
1343 1434 2261 1501 reflexionem autem cognoscit singularia: quia intellectus etiam
1353 1490 2262 1532 postquam abstraxit species intelligibiles non potest secundum eas actu
1347 1522 2247 1579 intelligere nisi conuertendo se ad fantasmata: in quibus
1349 1572 2258 1630 species intelligibiles intelligit. Conuertendo se ad fantasma¬
1343 1612 2244 1674 ta intelligit singularia quorum sunt fantasmata: et sic prius in
1334 1654 2268 1714 telligit vniversale quam singulare. ⁋ Pro hac opinione inducitur
1340 1704 2267 1753 verbum philosophi 3o de ania. et Commenta. quo videntur dicere quod indiui¬
1341 1741 2255 1796 duum non intelligitur: nisi per lineam circumflexam aut sperica¬
1346 1785 2268 1843 lem: quiditatem autem vniversalem per lineam rectam. ⁋ Item di¬
1335 1830 2268 1883 ctum eiusdem primo phy. vbi ait. quod vniversale est notius secundum intel
1344 1873 2250 1932 lectum: singulare vero notius est secundum sensum: quod autem est no¬
1339 1918 2268 1971 tius secundum intellectum prius cognoscitur ab intellectu. ⁋ Addum
1336 1966 2268 2013 citur etiam ratio ad hoc: quia omne quod procedit de potentia in actum
1339 2012 2267 2066 prius peruenit in actum incompletum qui est medium inter po¬
1343 2043 2268 2102 tentiam et actum: quam ad actum perfectum: intellectus autem non
1340 2090 2252 2146 ster procedit de potetia in actu: et actus eius perfectus est
1350 2132 2259 2186 scientia completa per quam distincte et determinate res cognosci
1340 2177 2258 2235 tur: actus aut incompletus est scientia imperfecta per quam sciuntur
1340 2222 2248 2277 res indistincte sub quadam confusione: quod enim sic cognoscitur
1340 2276 2268 2319 in actu cognoscitur quodam modo in potentia. Unde dicit. P.
1345 2308 2267 2368 primo phy. quod sunt primo nobis manifesta et certa confusa magis.
1352 2349 2256 2407 posterius autem cognoscimus distinguendo distincte princi¬
1350 2397 2264 2447 pia et elementa. Manifestum autem est quod cognoscere aliquid
1340 2445 2252 2497 in quo plura continentur sine hoc quod habeatur notitia cuiuslibet eorum
1346 2484 2256 2539 que continentur in illo: est aliquid cognoscere sub confusione
1352 2528 2255 2590 quadam: sic autem potest cognosci tam totum vniversale: quam totum integrale.
1360 2569 2268 2632 igitur cognitio vniversalis praecedit cognitionem singularis. ⁋ hec
1352 2616 2268 2669 potinent quedam falsa et etiam repugnantia aliis dictis eiusdem
1349 2663 2249 2713 doc. vnde sumo primam intellectionem intellectus: et quero an per
1341 2701 2256 2761 illam cognoscatur ipsa species abstracta vniversalis aut fantasma sin¬
1350 2753 2261 2803 gulare: aut res extra vna vel plures: quarum est species illa ab¬
1353 2789 2268 2840 stracta. ⁋ Si primum manifeste sibi contradicit qui in praeceden¬
1357 2832 2268 2886 ti. q. 85. artitio 2o ex intentie determinatur quod species non intelleiter primo: sed secunda¬
1359 2880 2268 2928 rio tantum et per reflexionem: secundum quam intellectus intelligit: et suum intellecte: et
1344 2923 2256 2978 speciem quam intellect: quod aut primo intellecter est res: cuius species intelligibilis est
1342 2965 2259 3019 similitudo: vt dicunt. Et in prima intellecinum spes non est quod intelliter: sed est
1341 3007 2244 3061 tantum forma secend quam res: cuius species intellecter. ⁋ Praeterea hoc est est siultum secundum se: pro¬
1350 3053 2253 3112 batum enim est supra quod abstractio vniversalis praesupponit priorem notititam in intellectu.
