2457 3520
204 251 1115 306 consequentia probatur. quia causa tota propter quam illa cognoscuntur immediate in
207 305 1106 355 seipsis est. quia per se ipsos praesentes sunt intellectui: sed constat
216 347 1109 401 quod deus non minus est praesens intellectui et cuilibet rei. igitur etc
217 390 1109 445 ⁋ 4o Aug. 8. de tri. dans modum quo deus potest a nobis con
212 436 1113 488 gnosci. dicens Cu itaque audis bonum hoc et bonum illud: quae possunt alias
212 480 1112 525 dici etiam non bona. verbi gratia. bonus angelus et bonus homo etc.
201 518 1109 577 sequitur: si ergo potueris illis detractis per seipsum perspicere
201 560 1107 615 bonum: perspexeris deum: et si amore inheseris continuo btinfica¬
197 599 1106 655 beris. Constat autem quod possumus intelligere bonum secundum se abstra
203 647 1100 705 hendo ab angelo et homine et quolibet alio: quod bonum participa
207 693 1110 742 tione bonum est. Et constat quod illi bono possumus amore inhe¬
203 738 1109 783 rere. igitur et in bono possibili intelligi a nobis possumus btinfi¬
206 779 1103 835 cari. sed non possumus btinficari nisi in deo immediate: et non
203 822 1109 882 in aliquo conceptu eius simplici vel complexo: igitur ipsum pos¬
197 867 1105 914 sumus immediate intelligere. ⁋ Contra 2am conclusionem posset ar¬
200 910 1106 961 gui: videtur enim quod in conceptu simplici proprio deus possit cognosci¬
215 953 1103 1010 Nam conceptus boni secundum se secundum Aug. videtur esse conceptus proprius
195 996 1106 1052 dei. vnde ait: vbi supra. quid plura et plura bonum hoc: et bonum
197 1037 1109 1097 illud: tolle hoc et illud: et vide ipsum bonum: si potes ita deum
204 1084 1103 1134 videbis: non alio bono bonum: sed omnis boni bonum: quod non
198 1129 1103 1182 esset verum nisi conceptus boni secundum se esset illius dei proprius: sed
191 1171 1100 1223 talis conceptus boni naturaliter potest haberi: vt docet experientia.
210 1212 1098 1266 ⁋ Respondeo ad primum quod aliquid cognosci in veritate superna:
209 1257 1100 1305 poest intelligi duius. vno modo quod cognoscatur in ea obiectiue: siue vt
194 1304 1095 1353 in obiecto cognito: sicut res absens cognoscitur in propria specie
198 1342 1094 1394 Alio modo causaliter sicut color dicitur videri in lumine: non quidem quia ipsum
194 1385 1098 1441 lumen videatur in eo tamquam in medio cognito cum color videatur.
188 1433 1096 1479 in seipso immediate vt supra habitum est. sed quia lu¬
189 1480 1091 1530 men est partialis causa visionis: qua color in se videtur: et sic est dicimus
197 1521 1107 1566 quod prima principiom sunt nota in lumie intellectus agentis: non autem
183 1569 1091 1618 aliud est lumen intellectus agentis: quam ipsemet intellectus
192 1604 1086 1656 agens. et constat quod hoc non intelligitur recte: sic quod intellectus agens con
192 1646 1096 1695 scatur et in eo cognito cognoscantur prima principim: sed quia notitia primorum princi¬
187 1694 1094 1740 piorum immediate causatutr ab intellectu agente saltem partialiter quicquid
192 1738 1094 1780 sit intellectus agens. ⁋ Tunc ad propositum dico quod illa de quibus
191 1774 1103 1823 loquitur Aug. cognoscuntur in prima veritate secundo mod scilicet causaliter quoniam
182 1822 1094 1874 ab ipsa causatur illorum noticia: non autem primo scil st obiectiue. et quod
197 1861 1104 1913 ita intelligat Aug. patet per eum. 2o de li ar. vbi de hac mactia lo¬
195 1907 1088 1958 quitur vbi ait. Non ido sequitur vt ipsa sapientia non sit vna communi
183 1951 1091 2004 omnibus: quia ea bona que in illa cernunt et eligunt homines multa
197 1994 1098 2039 et diuersa sunt. Si enim hoc putas: potes et de luce solis dubi
182 2035 1094 2084 tare quod vna sit. quia multa et diuersa sunt: que in ea cernimus:
186 2079 1091 2131 Et post subdit. quod sicut multa et diuersa sunt quae in luce so¬
195 2129 1095 2178 vident homines: lux tamen ipsa vna est: ita lux sapientie in qua
177 2167 1095 2215 ipsa videri possunt: omnibus sapientibus est vna communis. vbi patet: quod sic in
188 2209 1085 2264 luce sapientie et veritatis quae idem est secundum eundem ibidem: aliqua vider
181 2253 1094 2304 dicuntur: sic corpora in luce solis: constat autem vt dictum est: quod in luce¬
170 2296 1094 2348 solis non videntur corpora nisi causaliter. ⁋ Item patet hoc expressius. 14.
175 2340 1083 2389 de tri. vbi dictum est eius expresse: vbi nam sunt regule iste scripter
183 2383 1086 2437 vbi quid sit iustum et iniustum agnscit: vbi cernit habendum esse: quod
173 2423 1085 2473 ipse non habet: vbi igitur scripte sunt: nisi in libro lucis illius quae veritas
170 2472 1098 2523 dicitur vnde omnis lex iusta descendit: et in cor homnis qui operatur iustitiam
177 2514 1099 2566 non migrando: sed tanquam imprimendo transfertur: sicut imago ex anu
186 2558 1093 2604 lo ea in ceram transit et anulum non relinquit. etc. vbi patet: quod ab illa
185 2600 1083 2650 veritate imprimitur anime lex iusta: et regula iustitie: sicut imago ab
185 2646 1081 2696 anulo: et sic notitia eorum quae dicuntur in illa cognosci. ⁋ Sed contra hoc di¬
189 2689 1091 2739 cetur dubius. Primo hanc responsionem non esse ad intentionem Aug. qui in lo¬
192 2727 1082 2775 cis praeallegatis princius intendit ostendere quo possumus cognoscere
188 2772 1084 2822 deum scilicet q. de tri. et quo probari potest deum esse scilicet in 2o de li airo hoc
189 2819 1082 2873 autem non haberetur per ista: si ea de quibus loquitur non cognoscerentur in deo
194 2869 1091 2916 obiectiue: aut saltem notitia eius esset causa notitia illorum: ita quod deus ipse
185 2905 1094 2947 sit cognitus. ⁋ 2o quia si illa principaliter dicuntur nota in prima veritate so
186 2947 1082 2999 lum: quia eorum notitia causatur ab ea: cum et notitia conclusionum causetur ab
188 2995 1078 3049 eo scilicet deo: ita conclusiones possent dici note in primea veritate sicut prima principio
188 3036 1097 3105 quod non dicitur ⁋ Ad primum dico: quod secundum responsionem magis habetur intentio
1173 262 2069 329 Aug. quod patet in 2o de lir ar. volens ostendere deum esse: incipit a quibus
1176 307 2072 357 dam imediate notis: sicut est: quod nos sumus viuimus et intelligimus.
1164 357 2085 404 vt patet ibidem: et deinde per gradus perfectionum: quia scilicet viuentia praestam
1165 401 2079 453 tiora sunt his quae tantum sunt: et intelligentia his quae tantum sunt et viuunt: et tandem
1160 438 2079 486 quod est veritas. quae mentibus nostris est praestantior: procedens concludit fi¬
1173 489 2084 533 naraliter deum esse. ⁋ Ex quibus apparet quod notitia dei non est prior: nec
1170 531 2075 580 ex illa procedit ad notitiam aliorum. Sed econtra ex aliis nobis no¬
1164 575 2081 624 tis probatur esse aliquam veritatem primam incommutabilem: ex qua causaliter nota
1170 613 2069 675 sunt nobis: quaecumque incommutabiliter vera sunt. Et hoc confirmatu ex.
1173 662 2079 721 perientia. Nam multi veritates multas cognoscunt qui deum non cogno¬
1161 706 2072 758 scunt: nec etiam si deus sic immediate cognosceretur: oporteret etiam
1166 749 2072 795 ex aliis notis nobis probare deum esse: sicut oportet proba¬
1158 791 2081 846 re quod viuimus et intelligimus. Et per hoc patet etiam quod datur modus quo
1159 837 2073 887 cognoscitur deus. quia videlicet in illo conceptu composito si
1166 872 2069 934 bi proprio veritas prima: in qua causaliter nota sunt quecumque
1161 919 2067 972 incommutabiliter vera sunt: qui probatur de ente particulariter
1160 963 2070 1019 sumpto. ⁋ Ad secundam dicendum: quod secundum intentionem Augustini¬
1161 1006 2078 1060 vbi supra de li. arbitrio. et. 5. confes. veritas prima non solum
1170 1049 2073 1097 est causa noticie principiorum: sed est conclusionum: et generaliter omnis ve
1160 1095 2064 1147 ritatis. veruntm quia ad noticiam conclusionum cocurrit causaliter
1164 1132 2076 1192 etiam noticia principiorum: et non econuerso: ideo magis dicitur quod principio sunt
1155 1181 2058 1236 nota in prima veritate quam conclusiones: sicut est dicitur de intellectu agen
1161 1224 2078 1277 te: quamuis intellectus agens sit etiam causa noticie conclusionum. ⁋ Ad rationem
1149 1269 2077 1312 nctin supra factam cum dicitur quod omne quod cognoscitur distincte: et in parti¬
1161 1314 2059 1365 culari: cognoscitur immediate inseipso. Dico quod hoc est falsum
1157 1350 2065 1413 libet enim quod in se ipso immediate cognoscitur: cognoscatur in parti
1149 1398 2070 1448 culari: non tamen econuerso: omne quod cognoscitur in particulari et distin¬
1148 1443 2072 1489 cte: cognoscitur immediate in seipso. probatum est enim supra quod
1158 1482 2061 1532 intellectus potest cognoscere singulare absens in particulari et
1161 1526 2066 1573 vt singulare in propria forma et specie illius. Tunc ad probatio
1154 1572 2069 1618 nem cum dicitur quod medium per quod cognoscitur ducit indresponter in
1154 1613 2069 1661 noticiam cuiuslibet sibi similis: et non tantum vnius. hic primo potest
1151 1660 2070 1708 dici quantum spectat ad propositum: quod conceptus proprius deo
1156 1697 2072 1741 nullius alterius est conceptus. nec alicui alteri similis.
1158 1738 2064 1790 quaeuis tales conceptus non sic et eodem: possint dici similes rebus pro¬
1154 1785 2061 1838 quibus supponunt: sicut conceptus immediate a rebus abstra¬
1158 1832 2071 1884 cti: et species est singulares: quomodocumque tamen conceptus
1155 1866 2071 1922 proprius deo possit fieri similis: vel dici repraesentatiuus dei.
1162 1912 2069 1964 Dico quod est sibi sic proprius: quod nulli alteri est communis: nec sunt
1161 1956 2054 2010 plures quibus sit communis. et ideo per ipsum potest in particulari cogrno
1157 2003 2060 2048 sci. ⁋ 2o dico quod illa propositio non est vera etiam in aliis vbi sunt plu
1155 2044 2057 2088 ra eiusdem rationis inter se similia. vnde vt supra probatum est: species
1157 2084 2058 2139 huius albedinis demonstrate sic determinate ducit in noti¬
1158 2128 2055 2182 ciam eius quod non in noticiam alterius: quamuis sint multe omnine
1164 2167 2055 2227 sibi similes: nec talis similitudo speciei ad quamlibet albedinem
1155 2213 2058 2274 similem ei a qua causata est: facit quod ipsa sit repraesentatiua cuiuslibet
1158 2260 2055 2309 talis. sicut et visio albedinis huius demonstrate: est vi¬
1160 2299 2061 2351 sio eius tantum et nullius alterius: et tamen ipsa visio: vel est species
1155 2340 2057 2398 rei aut saltem eius similitudo: non minor quam species: si species ponatur di¬
1157 2386 2055 2443 stincta a visione: sicut ergo visio est visio huius tantum: sic talis
1164 2433 2057 2480 species est huius tantum repraesentatiua: et in eius tantum noticiam ducit.
1165 2478 2057 2526 ⁋ Ad 3m nego consequentia: nec enim omnis praesentia sufficit vt supra
1152 2517 2049 2573 patet: sed praesentia obiectiua: quand scilicet res praesens causat in intellectu no
1159 2564 2048 2608 ticiam: sine autem tali praesentia non est deus nobis praesens: dum su
1146 2610 2057 2660 mus in mundo isto. ⁋ Ad 4m concedo quod possumus intelli¬
1155 2649 2055 2700 gere illud bonum in quo possumus btinficari: et illud vtique
1152 2695 2054 2740 deus est: non conceptus dei: sed non sequitur. btinficabimur
1152 2734 2057 2789 in deo immediate. igitur cognoscimus deu immediate: quamuis
1156 2778 2054 2828 sequatur: igitur cognoscemus deum immediate: et similiter sequitur.
1155 2819 2052 2866 beatificamur in deo immediate. ergo cognoscimus deum immen¬
1143 2864 2061 2920 diate. ⁋ Ad duus contra 2am conclusionem. dico quod conceptus boni
1147 2906 2060 2960 secundum se poest dupliciter intelligi. vno modo: cum praecisione cuiuslibet alteri¬
1146 2956 2040 2997 us conceptus communis: aut speciealis positiui vel negatiui: et talis
1149 2996 2054 3048 conceptus nullius boni est proprius: sed omni bono communis: et ideo in
1146 3039 2047 3111 tali conceptu non cognoscitur determinate et in speciali deus:
