2468 3537
195 259 1095 320 nihilo idem est quod produci potest nihil id est postquam omnino non fuit: et sic
210 309 1098 357 filius non est productus de nihilo: cum eternus sit. Alio modo produ¬
198 346 1088 403 ci de nihilo idem est quod produci et non de aliqua praexistente vel exi¬
206 397 1093 448 stente: ita quod ly de. sit nota principii materialis: et hoc dupliciter contin
200 445 1100 493 git vno modo quod aliquid sic producatur et non de aliquo praeexistente vel
203 488 1104 541 existente: et cum hoc ipsum non fiat aliquid praexistens vel existens: quod illa
197 529 1095 586 productione non capiat esse: et isto modo creatura simplex etiam: si
210 573 1088 621 ab eterno fuisset producta: fuisset producta de nihilo. Alio
197 615 1094 667 quod sit productum non de aliquo in praedicto sensu: tamen ipsum sit produ
192 660 1097 707 ctum aliquid: seu aliqua entitas semper existens et per nullam productionem
211 700 1093 747 accipiens esse: et hoc non est proprie produci de nihilo ad intellectum
203 745 1091 793 quo communiter dicimus creaturam fieri ex nihilo vel creari: lice
204 788 1101 835 sit non de aliquo tamquam ex materia produci. quod si quod taliter producitur vel
194 835 1100 888 lemus dicere produci ex nihilo: quod tamen nec recte nec proprie
206 875 1095 919 dictum est: tunc dico quod de nihilo filius sit productus: nullatenus
203 915 1089 963 tamen in dicto primo sensu. Nam filius licet non sit productus in aliquo quod
197 960 1082 1012 sit intrinsecem eius: cum ipse sit penitus simplex: nec de aliquo quod
191 1006 1091 1062 sit ipse: cum nihil sit illud de quo est: nec econverso vt patet supra. est
192 1049 1098 1103 tamen productus aliquid et si non praexistens: cum ipse sit eternus: tamen exi¬
197 1089 1100 1137 stens et non per productionem illam accipiens esse. Est enim ipse genitus et
200 1135 1092 1192 productus substantia illa quae est subiecta patris: quae per nullam productio¬
192 1185 1094 1235 nem accipit esse: quoniam tota substantia eius erat in patre penitus im¬
212 1222 1085 1270 producta. ⁋ Unde Aug. 5. de tri. dicit quod filius non tantum vt sit fi¬
214 1264 1088 1313 ius quod relatiue dicitur sed omnino vt sit ipsa subiecta nascendo habet: et iseo
212 1306 1085 1358 libo dicit quod a patre habet filius vt sit deus. et 3. lib. contra Max. dicit quod
203 1351 1081 1399 ipse filius natus est vita. sicut igitur ipse genitus filius est et nascende
197 1399 1094 1450 habet vt sit filius: sic ipse est genitus subiecta et deus id est habet nascendo vt
191 1438 1086 1498 sit deitas et subiecta: et constat quod non alia quam subiecta quae est piter que qui
203 1482 1089 1535 dem non accipit per filii productionem vt sit piter: neque vt sit: et ideo
195 1522 1097 1573 filius non est creatura. Et exemplo patet supposito quodam. si enim
192 1569 1090 1615 fieret nunc aliquid simplex quod esset aliqua res que praefuisset non
189 1613 1083 1661 est dubium quod illud non esset creatum: cum tota eius essentia actu prae
192 1657 1094 1702 fuisset: et tamen non esset factum de aliquo praexistente: sed esset factum
191 1697 1085 1749 aliquod praexistens. Utrum autem hoc sit possibile vel non: non est cu
191 1742 1092 1796 ra. quia de filio dei constat hoc esse verum modo qui dictus est. Patet per
192 1783 1094 1840 hoc quid sit dicendum confirmationem. Non enim verum est quod creatio
195 1828 1092 1875 distinguatur a generatione solum: quia non habet subiectum: generatio autem habet:
194 1868 1095 1920 cum sit generatio quaedam per se existens: aut subsistens sine
189 1917 1095 1964 subiecto: vtpote generatio filum dei: que tamen non est creatio:
197 1958 1082 2004 vt dictum est. ⁋ Ad secundum concessa maiore: si accipiantur termi
186 1998 1090 2047 ni generationis priuatio et forma qualiter debet intelligi. Dico
192 2040 1091 2094 quod minor est penitus falsa: cum essentia diuina numquam fuerit
194 2089 1098 2138 sub priuatione filii. Nec probatio cadit ad propositum vt patet.
188 2132 1091 2181 Si vero maior intelligatur de principio productiuo et producto: et illa
185 2173 1091 2219 vocentur termini: neganda est. ⁋ Ad 3m neganda est minor. Et
191 2218 1091 2267 cum probatur quod filiatio est prior filio origine. Dico quod omnino est sicultum
192 2265 1080 2309 cum sit penitus eadem filiatio: nec aliquo modo est simile quod inducitur
182 2308 1084 2356 forma respectum compositi. cum nulla sit ibi compositio: sed summa
194 2348 1079 2400 simplicitas. Quod est assumitur Aug. dicere quod nulla relati¬
188 2388 1085 2442 est per se existens sietum est: sed dicit quod omnis essentia quae relatiue dicitur est
188 2431 1088 2485 etiam aliquid excepto relatiuo id est non solum est aliquid ad aliud
185 2476 1081 2530 sed est aliquid ad se. sed de hoc magis infra dicetur. ⁋ Ad 4m dico
191 2523 1092 2576 quod siue ignis generet alium ignem de parte sue substantie: siue
189 2567 1078 2620 de tota eius subiecta: dummodo nulla alia entitas esset in genito di¬
186 2611 1086 2661 sticta a subiecta illa: sicut in filio nulla est entitas distincta ab essen¬
186 2651 1092 2700 tia: illa subiecta non esset eius materia: sed ipse. ⁋ Ad 5m dico quod cum
199 2699 1080 2748 dicimus hoc est de hoc ly de. denotat consubstantialitatem princi¬
206 2745 1086 2790 pii alicuius. vnde simul importat consubsiectalitatem et distinctionem inter
197 2785 1080 2832 illud de quo est: et illud quod de eo est. hinc est quod non dicimus
192 2823 1082 2877 domum esse de efficiente: nec creaturam de deo: quia non est consub¬
191 2868 1080 2913 stantialitas domus ad edificatorem: nec econverso nec dei ad crea
195 2916 1091 2963 turam: nec econverso vbi enim nulla est dist. non dicimus proprie hoc de hoc.
193 2955 1082 3007 vnde non dicimus ferrum est de ferro: sed bene dicimus cultellus est
179 2998 1073 3045 de ferro: quia inter ferrum et cultellum est distinctio: sicut inter princi
192 3044 1077 3116 piatum et intrinsecum eius principium: et ferrum est de cultel
1155 259 2051 318 li substantia seu esse. Ad propositum dico quod cum sancti dicunt: fi
1167 314 2046 360 lium esse natum de patris subiecta denotatur consubstantialitas produ
1154 359 2052 405 ctiui principii. vnde est sensus: quod est natus a patre: qui est eadem
1164 401 2051 451 subiecta quod ipse subiecta et eius principium. Non autem dicimus quod filius est
1166 448 2054 500 de esentia: quia essentia non est principium eius nec ab ipso distin¬
1170 486 2051 536 cta. Nec dicimus filius est de essentia spiritus sanctus: nec pater est
1157 532 2055 573 de essentia filii: quia licet inter eos sit consubstantialitas et perso¬
1166 577 2038 624 nalis distinctio: non tamen spiritus sanctus est principium filii nec fili¬
1163 618 2051 667 patris principium: quamuis autem non absolute dicamus filius est de es¬t
1167 658 2057 707 sentia: dicimus tamen filius est de esentia patris. quoniam in eo quod dicitur
1168 704 2061 747 patris denotatur et principiatio et distinctio: in eo vero quod dicitur essen¬
1161 746 2057 803 tia. denotatur consubstantialitas: et debet exponi per hanc: est a patre
1157 790 2054 848 cum quo est vna essentia et substantia: et hec est tota sanctorum in¬
1158 831 2058 884 tentio: et sic docet magister ex intentione Aug. exponere de.
1157 874 2049 922 et in praesenti. dis. Quod vero contra inducitur ex argumentatione
1158 921 2055 969 Aug. non tollit quod dictum est. Nam Aug. accipit ibi esse de ni¬
1164 964 2043 1015 hilo eo modo quo supra dictum est. creatura esse de nihilo scilicet quia
1158 1006 2057 1061 non est ex aliquo praexistente: nec tota est eius substantia aliquid
1151 1050 2058 1099 praexistens. Et per oppositum accipit esse de aliquo communiter: tam pro¬
1158 1093 2048 1137 subiecta de aliqua subiecta praexistente vel in alio: non per productionem il¬
1158 1135 2042 1192 lam existente: quam pro esse aliquam subiectam actualiter in alio existentem
1149 1180 2051 1230 improductam. hoc autem modo filius non est de nihilo: sed de aliqua
1161 1220 2051 1271 subiecta: et non est de alia subiecta quam patris. ergo est de eius substanti id estsubiecta quae est
1158 1263 2048 1312 patris: et sic procedit argutio eius: et concludit propositum. Quamuis
1158 1311 2064 1364 autem maxi. concederet filium esse ex patre: non tamen concedebat ipsum
1148 1355 2055 1401 esse vnam substantiam cum patre: quod Aug. ex datis probat contra eum:
1164 1399 2043 1448 qui ipse non est de nihilo vt creatura: et per consequens oportet quod de ali¬
1152 1438 2039 1490 qua subiecta: aut sit aliqua subiecta: et non apparet nisi subiecta pa
1152 1484 2043 1535 tris. ergo est subiecta patris: ac per hoc ex patre qui est subiecta: in qua vel quae
1154 1526 1934 1576 est filius et econuerso. Et sic finitur articulus primus
1132 1566 2040 1660 Quantum ad 2m artic. Queritur an essentia diui
1449 1607 2035 1668 na sit formalis terminus generationis
1156 1651 2045 1706 Est vna opinio. dicens quod non. Ad quod ostendendum probat duc
1161 1696 2037 1747 per ordinem. ⁋ Primum quod ratio formalis termini gene
1150 1743 2043 1786 rationis: et cuiuslibet productionis consistit in hoc quod ca¬
1157 1790 2036 1837 pit quod sit: et sua realitas accipit vt sit realitas per produ
1149 1828 2034 1878 ctionem illam: et non solum vt in alio sit: ratio autem subie
1155 1873 2043 1919 cti consistit in hoc quod recipit illam. Quia autem illa sit ratio for¬
1151 1913 2051 1958 malis termini probant primo inducendo. Si enim vt dicunt
1153 1955 2052 2014 albedo non accipiat esse per dealbationem: nequaquam esset
1152 2003 2052 2048 terminus formalis dealbationis. Similiter nec forma ignis
1156 2041 2043 2092 esset terminus formalis ignitionis: si non acciperet esse
1154 2086 2055 2132 per ignitionem: et sic in ceteris productionibus. ⁋ Confirma¬
1154 2129 2050 2177 tur: quia illud quod communicatur alteri in altero preexistens non
1152 2167 2054 2221 est formalis terminus generationis: sicut patet quod caliditas
1151 2216 2050 2269 que fuit in aere: et remanet in igne genito ex aere: non di¬
1154 2266 2046 2309 citur generari aut esse formalis terminus generationis.
1151 2303 2042 2351 Et idem est de aliis formis symbolicis. Unde quantitas est
1155 2347 2067 2394 ingenerabilis et incorruptibilis secundum Commentatorem in
1154 2388 2054 2445 libro de substantia orbis pro eo quod manet eadem in genito
1158 2434 2051 2477 et corrupto. Idem patet de anima: que vnitur partibus ali¬
1151 2477 2043 2527 menti conuersi in carnem: que non dicitur formalis termi¬
1146 2517 2045 2571 nus nutritionis: quia per nutritionem non fit nec accipit
1145 2565 2047 2610 esse in se: quamuis accipiat esse in alio. ⁋ Item constat quod
1144 2606 2040 2651 in communi resurrectione anima reunietur corpori: nec tamen
1152 2653 2037 2705 propter hoc anima dicetur formalis terminus illius actio¬
1146 2693 2043 2744 nis: nec resurrectio generatio debet dici pro eo quod anima
1148 2736 2067 2792 prefuit: nec accipiet esse per resurrectionem. ⁋ 2o forma¬
1148 2779 2039 2830 le cuiuscumque productionis est illud quo formaliter totum
1152 2825 2036 2871 compositum capit esse: et habet quod producitur. Nam sicut
1140 2867 2040 2912 formale principium productionis est illud quo agens agit:
1140 2908 2030 2963 sic formalis terminus est illud quo actum agitur: sed pro¬
1152 2957 2037 3005 pter quod vnumquodque tale et illud magis. igitur formalis ter¬
1140 2996 2037 3053 minus productionis magis capit esse quam ipsum productum.
1158 3039 2066 3097 ⁋ 3o dicens Commenta. 7. meta. quod quia subiectum forme non habet esse e
