2467 3552
369 269 1280 338 modo potest intelligi propositio vt illud dicatur dari per generationem
368 330 1268 386 filio a patre: quod nascendo est filius a patre: et in huiusmodi sensu ma
380 367 1272 427 ior idem valet ac si diceretur: omne quod filius est nascendo a pa
383 415 1277 472 tre: siue per hoc: quia nascitur a patre est etc. et patet: quod est falsa:
375 454 1278 511 qui filius non solum habet nascendo vt sit essentia: sed est vt sic
386 498 1271 550 filius et persona vel hypostasis: vt Aug. dicit. 5. de tri. et in hoc
382 541 1283 598 sensu intelligenda est minor cum probationibus suis. Non enim est intel
388 588 1280 642 ligendum quod filio detur esentia: vt sit aliquid quod sit in eo vt in
371 627 1275 687 subiecto vel eius vt pars intrinseca: sed vt aliquod quod ipse est: sicut
372 676 1271 730 nec aliter inielligendum est: filium habere esentiam: quam ipsum esse est
380 723 1277 776 sentiam: sicut patet per Ansel. monologion. 10 c. vbi ait. quod summa natura
386 765 1278 818 non proprie dicitur: quia habet iusticiam: sed quia sit iusticia. Et idem in¬
383 801 1277 865 telligendum esse. dicens de omnibus: quae dicuntur de ipsa. Et in eodem li.o dicens quod
384 853 1277 903 non est aliud patrem aut filium habere esentiam: quam esse essentiam.
373 895 1284 955 Et ideo sicut alter alterius habet essentiam: ita est alter essentia alte¬
373 935 1286 996 rius: dedit ergo pater filio essentiam: non vt haberet essentiam: sed vt
377 975 1280 1033 esset essentia: secundum quem modum intelligendum esse quod ei dedit vitam:
385 1020 1278 1080 docet Aug. li. 3o contra max. sic inquiens. ddit illi vitam: quia genuit
383 1063 1284 1123 vitam: accepit iste vitam: quia natus est vita. Similiter intelligendum
382 1110 1268 1162 est accepisse esentiam: quia natus est essentia. ⁋ ⁋ Ad primum argueus
386 1151 1283 1205 questionis dicendum: quod essentia diuina non est ingrediens personam
382 1195 1277 1251 filii: nec est aliquid sibi intrinsecum: ex quo sit filius iuxta imagina¬
388 1239 1290 1297 tionem in qua procedit argumentum: sed est filius: et filius est ipsa.
383 1281 1278 1339 ⁋ Ad aliam dicendum quod in falso fundamento fundatur scilicet quod in per
385 1323 1284 1384 sona sint aliqua duo in re. hoc enim non permitteret summam sim¬
380 1372 1275 1429 plicitatem persone. ⁋ Ad argumntum in oppositum dicendum quod oppe
382 1413 1276 1472 situm verum concludit: accipiendo terminum formalem: sed
376 1457 1157 1527 quod non est totalis: sed aliquid eius. Et sic finitur.
448 1508 1155 1556 ⁋ Distinctionis. 5. Questio.
618 1534 1282 1644 Arca sextam distinctionem. Que¬
982 1587 1284 1642 ro vtrum paiter genue¬
621 1630 1283 1691 rit filium natura et necessitate aut voluntate: et
632 1671 1275 1731 quod naturam probatur. Nam generatio est opus naturesecundu
622 1717 1273 1769 Damenid liso primo Item filius dei est filius natura secundum
623 1760 1278 1819 Aug. 15. de tri. igitur pater generat nam: et est pa¬
627 1805 1274 1860 ter nam. ⁋ 2o probatur quod necessitate sic: filius
390 1850 1283 1908 a patre naturaliter genitus. ergo necessario antecedens probatum est. et consequentia tenet ex
387 1890 1284 1949 diferentia potentiarum naturalium et rationabilium data. 9. meta. ⁋ 3o proba¬
380 1935 1277 1992 tur quod voluntate sic: pater voluit gignere filium. ergo voluntate ge¬
386 1986 1277 2036 nuit. consequentia patet. Antecedens probatur. Nam dicens Aug. lib. 3. contra max. et habe¬
386 2021 1284 2077 tur infra. dis. 3o. Si paiter noluit generare filium inuidus fuit: sed
383 2071 1151 2121 hoc consequens est falsum. ergo voluit generare filium.
365 2113 1284 2215 In oppositum arguitur et quod nec voluntate nec ne
797 2155 1286 2214 cessitate genuerit filium: proba¬
387 2193 1283 2254 tur auctoritas Aug. ad orosium: qua dicitur et habteur in principio dis. huius. nec volun¬
393 2237 1283 2294 tate inquit: nec necessitate: quia necessitas in deo non est: preire
382 2282 1289 2338 sapientiam voluntas non potest quae est filius. ⁋ 2o quod nec natura autcri. hyel.
381 2330 1284 2383 2o de synodim. Si quis dicat quod paiter naturali necessitate ductus ge¬
369 2374 1036 2469 s espondeo. nuit anathema sit
679 2422 1287 2470 et praemitto intellectum. q. Nam potest esse duplex:
389 2459 1280 2515 sicut: et praedicti ablatiui possunt dupliciter teneri: vt consuetum est di¬
386 2501 1289 2558 ci. possunt enim teneri nominaliter. alio modo possunt teneri aduerbialiter.
382 2542 1292 2601 Si primo modo adhuc dupliciter. vno modo materialiter: vt construantur in¬
395 2588 1280 2643 ratione termini formaliter denominantis sicut dicimus: quod hoc est a
401 2631 1286 2687 pum albedinie: et hic fortis fortitudinie: et calefactus calefactione
391 2678 1285 2732 et visum visione: et sic de aliis denominationibus: tam intrinse
390 2724 1283 2781 cis quam extrinsecis: et in hoc intellectu patet: quod paiter non generat nes
396 2762 1295 2816 est generans voluntate: nec necessitate: nec nam: sed generatione.
394 2809 1284 2870 Alio modo possunt accipi significatiue: et in ratione principii eli
398 2852 1289 2908 citiui: sicut dicimus quod visibile disgregat albedinie: et ignis
389 2897 1286 2950 calefacit calore: quia scilicet calor est principium elicitiuum calefactionis
389 2945 1287 2990 et albedo disgregationis. Sub hoc autem intellectu non habe¬
390 2980 1292 3035 tur principaliter in hac distictione questio ista tractari: et si aliqua
403 3029 1297 3081 verba magistri possint ad huc intellectum accipi: et hoc patet:
389 3078 1295 3141 quoniam necessitas non importat secundum se aliquod principium productiuum:
1334 264 2249 329 sicut nec contingentia: magis autem denotat modum actionis vel
1349 313 2242 380 productionis nae vel voluntatis: aut alterius productiui: et tamen
1349 357 2245 409 principaliter in distinctione ista. quaerit an piter necessitate vel vo¬
1336 400 2243 457 luntate generauerit filium: Secundum autem hunc sensum magis spe
1334 447 2237 503 ctat ad distinctionem sequentem. Si vero praedicti ablatiui tene
1331 486 2239 545 antur aduerbialiter tunc idem est quarere: an paiter genuerit filium na¬
1330 526 2243 594 turaliter: necessitate aut voluntate: et in hoc sensu tractanda
1340 589 2246 641 est quastio. Primo igitur videndum est an genuerit necessario.
1327 620 1974 680 Secundo an naturaliter: et tertio an voluntarie
1310 650 2261 761 Quantum ad primum videndum sciendum est: quod ali ¬
1621 705 2247 763 quid dicitur necessarium quandrupliciter vt potest
1342 751 2260 810 haberi. ex. P. 5. meta. primo modo dicitur necessarium sine quo res
1334 795 2250 852 non potest esse: sict sine hannelitu aut sine cibo non potest esse homo.
1343 839 2253 897 ⁋ 2o illud sine quo res non potest bene esse aut bonum aliquod
1340 879 2246 935 acquirere vel malum vitare: sicut sine tali medicia non potest
1335 934 2250 983 homo esse sanus: aut sine nauigatione ad talem ciuitatem non potest lu¬
1347 976 2247 1022 crari. Et necessitas duplex praedicta ab aliquibus vocatur ne¬
1343 1020 2255 1065 cessitas indigentie: ex eo quod illo necessario primo modo: res indigeat vt
1346 1056 2254 1109 sit: et secundo modo indigeat vt bene sit. ⁋ 3o modo dicitur necessium quod aliud co¬
1334 1097 2254 1158 git et violentat: sicut contra impetum conaturalem vt iaciens sursum
1342 1151 2252 1200 lapidem necessitat et violentat ipsum: siue contra voluntatem: sicut
1338 1186 2237 1244 rex cogit sibi subiectum ad aliquid quod non vellet: et talis necessi
1344 1228 2237 1282 tas vocatur coactionis et violentie. ⁋ 4o modo dicitur necessium id quod
1341 1275 2243 1328 impossibile est non sic se habere: sicut nos dicimus quod deum esse sapien¬
1347 1321 2237 1370 tem necessaium est. Nam impossibile est ipsum non esse sapientem: et hic mo¬
1343 1369 2229 1414 dus vocatur a pluribus necessitas immutabilitatis: sed tamen ve¬
1344 1404 2260 1457 rius vocatur ab aliis. vt. dicens Commentator. 5. meta. necessitas
1345 1454 2247 1503 ineuitabilitatis: nam necessitas sic sumpta: non stat cum contin¬
1342 1493 2243 1552 gentia. immutabilitas autem optime stat cum contingentia vt infra
1348 1538 2244 1596 patebit. ⁋ Ad propositum ergo adaptando: aliquod agens potest dici
1343 1580 2244 1633 necessarie elicere suam actionem tripliciter. vno modo necessarie id est violenter: sicut
1345 1631 2253 1676 sortes necessarie et violenter dat pecuniam tyranno. Alio modo necessarie
1343 1669 2241 1720 id est indigenter: sicut homo necessarie comedit. 3o modo necessarie id est ineui
1349 1720 2253 1767 tabiliter. sicut diceret. P. quod intelligentia necessario mouet celum. Se¬
1352 1759 2250 1807 cundum autem hoc in proposito pono tres conclusiones prima est quod pitur non ge¬
1344 1797 2252 1850 nuit filium necessarie id est violenter. 2a quod nec necessare id est indigen¬
1346 1842 2260 1891 ter. 3a quod genuit filium necessarie id est ineuitabiliter. ⁋ Prima
1339 1892 2260 1943 onclusio patet: quia deus a nullo cogi potest cum sit omimpotens. ⁋ 2a conclusio quod
1343 1940 2255 1984 nec necessitate indigentie producit filium. Est aut hic quidam opinio:
1343 1972 2260 2027 quae. dicens quod aliqua modo pater indigenter genuit filium. vnde distinguit du¬
1339 2018 2260 2073 plicem indigentiam. vnam formale sicut lignum indiget albedine si
1342 2055 2261 2110 debeat disgregare. Aliam vero obiectiuam: sicut pater in huanis im¬
1346 2109 2260 2157 diget filio si debeat esse piter: non quidem formaliter: sed tamquam obie¬
1343 2144 2251 2201 cto et termino. ⁋ Ad propositum ergo dicitur quod patrem egerefilio tamquam
1343 2191 2252 2246 formali perfectiuo est impossibile. Egere tamen illo tamquam termino sue per¬
1352 2238 2260 2284 fectionis est necessium. ⁋ Quod probat primo: quod non repugnat pa¬
1346 2280 2252 2332 tri quantum ad actum primum et ad esse: non repugnat ei quantum ad bene
1340 2321 2260 2373 esse: sed egere filio non repugnat patri quantum ad esse: quin immo
1347 2369 2260 2418 nec potest esse pater nec intelligi sine filio: ergo non repugnat pa¬
1351 2413 2247 2460 tri egere filio tamquam termino quo ad bene esse et secundas perfectio¬
1343 2451 2261 2502 nes. ⁋ 2o omnis intellecto actualis eget tamquam termino intellectone
1349 2498 2253 2547 obiectali. impossibile est enim rem intelligi nisi ponatur in esse apparenti et
1351 2546 2249 2591 obiectivo. Uerbum aut divinum non est aliud quam divina essentia: et omnis res a
1346 2581 2249 2638 deo cognita posita in esse appaerenti et cognito obiectue. ergo intellecto
1350 2625 2255 2676 divina siue sit in patre: siue in filio: siue in spum scond eget verbo tamquam
1357 2682 2260 2723 termino obiectivo. ⁋ 3o magis repugnat egere creaturis qued
1354 2715 2259 2766 egere divino supposite: sed nisi omnis intellecctio divina terminetur ad
1350 2761 2253 2810 verbum tamquam ad id quod de omni re colligitur obiectiue: necesse est ponere
1358 2805 2260 2860 quod intellectio divina egeat creaturis. consequentia patet. quia cum deus intelli¬
1351 2839 2260 2904 git rosam necesse est rosam esse in esse appaerenti et obiectivo: et per consequens indi
1348 2889 2250 2945 get creatura in ratione termini: nisi illud esse obiectiuum rose sit
1355 2931 2255 2988 ipsum verbum. vnde dicens quod sicut non est nisi vnica intellectio: sic non est nisi
1362 2974 2260 3031 vnicum esse apparens: et obiectiuum rei create et increate omnis: quod
1358 3019 2255 3076 colligit intellectus divinus de se et omni creatura: et ponit in esse forma¬
1358 3060 2260 3129 to: quod quidem sic positum non perficit intellecntionem formaliter: sed intellectio
