2464 3522
416 261 1333 315 principium productiuum potest producere: nec minus potest producere si
431 312 1327 364 actu producit: quam si esset tantum in potentia ad producendum et non pro¬
423 356 1328 407 duceret: nec minoris est perfectionis est ex eo quod actu produ
422 396 1314 443 cit. ⁋ Item hoc patet ex alio: recitat enim ille doc. in hac mate
416 443 1320 496 vnam opinionem qua ponit quod paternitas est potentia seu principium generandi: et
426 487 1326 537 tamen alibi vult eadem opinio quod paternitas et generare sunt idem: et
426 527 1323 584 per consequens non ponit potentiam gneatiuam in patre respectum actus qui est
423 573 1316 625 generare: sed tantum respectum producti scilicet filii. Et iste contra istam opinionem
419 618 1310 670 sicut contra alias dicit quod supponit impossibil scilicet esse productiuum principi
411 660 1313 708 in divinis. Ex quo patet quod non solum negat principium productiuum re¬
429 702 1325 754 spectu gneationis: sed rectu geniti. quod euidentius probatur per eundem in
416 746 1320 799 dicens eto. vbi obiiciendo conrspred. dicit quod posse generare filium saltem
414 787 1310 839 est potenma productiua respectum filii: quamuis non respectu ipsius ge¬
422 834 1313 887 nerationis. Et paulo post respondendo dicit quod filius non dicitur possibili
416 877 1328 928 generari loquendo de possibilitate quae respondet potenti productiue:
416 922 1328 975 quaeuis possit dici possibilis generari sumpta possibilitate pro non re¬
414 966 1328 1018 pugnantia terminorum. Ex quo patet quod vniversaliter omne principium productiuum
417 1005 1314 1052 intendit negare. probatum est autem et conceditur patre esse principium pro
412 1050 1322 1105 ductiuum: quare habentur propositum. ⁋ 2o sic. fides catholica profitetur
417 1095 1329 1140 filium esse a patre. hoc autem secundum istum in. 5. dicens in solutione vltime
411 1140 1317 1189 obiectionis: ideo verum est: quia filius est filius formaliter per generari: quod
414 1184 1325 1228 vtique infertur a patre: siue generare quod est formaliter in patre: et quo
420 1225 1328 1278 formaliter paiter constituitur. ⁋ Tunc arguo: aut filius est a patre: vel
414 1269 1328 1326 a generare illatiue tantum: aut etiam principiatiue seu originaliter et pro¬
410 1309 1318 1357 ductiue. primum non potest concedi: tum quia filius non esset productus nec
416 1354 1324 1403 originatus seu natus a patre: quamuis esset illatus: quod dicere est impium:
411 1399 1314 1448 tum quia pater eque esset a filio: sicut filius a patre: tum quia sicut pater
407 1444 1314 1491 infert filium: sic econverso et sicut generare generari: sic econverso mutua enim e
414 1487 1323 1534 reciproca est consequentia et illatio: quod cum fidei sit contrarium dicenti pa¬
411 1532 1311 1575 ter a nullo est. filius vero a solo patre. restat quod vltra huiusmodi illatio
407 1570 1311 1619 nem necesse est confiteri principiationem et originationem et filiu
413 1615 1310 1669 principiatiue et originaliter esse a patre: et per consequens in patre concede
407 1665 1328 1715 re principium productiuum ipsius filii seu patrem potius esse principium tale.
414 1703 1322 1750 ⁋ Quia si dicatur ipsum actum generationis quem in patre dicit esse et non a
408 1748 1317 1802 patre esse principium filii: adhuc habentur propositum non enim ad praesens plus
405 1790 1328 1840 quaeritur: nisi quod in deo vere sit principium seu potentia vere productia filii.
419 1831 1316 1880 ⁋ Ad rationes opinionis in oppositum. Ad primam: vel per productionem
414 1876 1320 1928 intelligis ipsum productum: sicut in creaturis res quia producitur
410 1921 1322 1969 dicitur actio seu productio: vt dicitur in 2o et tunc minor est falsa: vel
404 1957 1335 2012 intelligis ipsum producens vel eius habitudinem ad productum:
414 2008 1322 2059 et tunc est falsa maior. alias potentia creatiua non esset productiua:
408 2053 1323 2100 cum nec creans vel eius habitudo ad creaturam sit producta:
420 2094 1325 2147 vel intelligis quandam rem mediam distinctam: tam a producente: quam
405 2138 1313 2184 a producto: et sic maior est falsa. Et habet instantiam de potentia crea
408 2182 1314 2232 tiua. Similiter in aliis: cum nullibi sit talis actio media ponen
419 2225 1310 2274 da: vt patebit in 2o Et si in creaturis poni posset: non tamen it
422 2273 1310 2319 deo. ⁋ Ad 2am dicitur quod si valeret eque probaretur et similiter quod po
413 2312 1325 2358 creatiua dei non esset productiua: quod tamen secundum omnes: et estm secundum hunc
407 2359 1319 2415 doc. est falsum. ⁋ Arguam enim sic. posse esse creatorem non est pos¬
412 2403 1313 2453 se esse potentie productiue: alias deus produceretur in esse creatoris: quod
417 2441 1316 2492 est impium dicere: sed est eadem potentia quae deus potest creare et qua potest esse
416 2486 1311 2536 creator. sicut idem est deum creare et deum esse creatorem. ergo po
420 2532 1317 2585 creatiua non est productiua: cum igitur hoc conclusum falsum sit: li¬
411 2572 1320 2622 quet praedictam rationem esse defectiuam. ⁋ Rsponsio: igitur ad illam: cum
423 2614 1314 2668 dicitur posse esse patrem non est posse potentie productiue: hoc nomen pitir
418 2662 1316 2707 vt infra distinguit magitr. dicensi 7. aliquando est nomen hypostasis
413 2703 1317 2752 aliquando propretatis. primo modo esse patrem est esse personam quae producit fi¬
416 2747 1314 2801 lium. Alio modo est filium generare. hec multum dictenunt. Nam pro modo conced
414 2793 1322 2841 mus divinitatem esse patrem. non autem 2o modo: vt supra. dicens e aliqualiter ta¬
413 2836 1322 2883 ctum est. Primo modo dico quod posse esse patrem non est posse potentie produ
416 2881 1328 2938 ctiue. Non enim deitas potest esse piter per aliquam pom productiuam
422 2921 1317 2973 quae possit in personam patris: et in hoc sensu non est minor vera. Non
423 2965 1322 3012 enim idem est posse esse patrem et posse generare. cum primum posse vere con
428 3008 1316 3061 cedatur de divinitate: non autem 2m. Si autem sumatur 2o modo sic neg
417 3055 1322 3128 primam propositionem: et dico quod posse esse patrem est posse potentie producti
1388 259 2289 318 ue. sicut enim per productiuam potentiam paiter potest filium producere et eius esse
1393 306 2279 361 principium: sic per eandem potest esse paiter: cum hoc non sit aliud personam primam esse
1382 352 2282 409 patrem: quam ipsum filium gignere. ⁋ Tunc ad probationem: cum dicitur quod
1383 406 2277 452 tunc pater produceret se in esse patrem: nego consequentia. Instantia pa
1380 444 2295 496 de posse esse creatorem. vnde sicut posse esse creatorem non est
1382 476 2286 538 posse producere creatorem: sed creaturam: nec cum deus est de no¬
1383 528 2286 583 uo creator facit se creatorem proprie loquendo: quia nec facit se
1389 571 2294 621 nec aliquid in se: sed tantum creaturam: sic posse esse patrem non est
1392 614 2294 670 posse producere patrem: sed filium. nec pater producit se patrem: sed
1376 659 2289 714 filium. sicut nec est pater sui: sed filii. Non igitur producit seipum
1382 703 2288 747 in esse patrem. ⁋ Quia autem adducitur de magtro qui dicit illas
1383 746 2284 798 propositiones significare idem. Diendum quod magr accipit ibi nome
1382 789 2283 842 patris vt est nomen proprietatis. sict dictum est. sicut etiam patet ibi
1389 832 2311 881 ⁋ Ad 3m dico primo: quod per perfectionem simpliciter vel intelligis aliquod
1392 877 2278 925 significabile incomplexe. et tunc dico quod nulla est perfectio sim
1392 922 2295 976 pliciter nisi deus: quia nihil aliud a deo est quod in quolibet sit melius ipsum
1382 958 2268 1017 quam non ipsum iuxta modum loquendi ansel. Et tunc concedo quod prino
1385 1015 2285 1063 productiuum filii est perfectio simpliciter: quod et tum habes concedere
1388 1050 2278 1099 nisi tum velis dicere: aut patrem non producere filium: aut pa
1376 1097 2279 1141 trem non esse deum: quorum vtrumque impium est. Et sic patet argumentum est contra te. valet
1377 1142 2280 1198 quod aliqua perfectio simpliciter deest filio: vel intelligis aliquod signi¬
1383 1180 2273 1231 ficabile tamen complexe. vbi gratia. si dicatur quod esse sapientem est perfe
1384 1222 2289 1284 ctio simpliciter: quia vniversaliter est melius esse ipsum: quam non ipsum. hoc est cuilibet
1379 1265 2285 1329 esset melius esse sapientem: quam non esse sapientem. ad quem sensum loquitur
1379 1315 2291 1364 Ansel. vt patet consideranti: quamuis non vtatur istis vocabulis perfe¬
1388 1358 2281 1414 ctio simpliciter: quod nec est proprie dicitur de tali complexe signifi
1391 1400 2285 1456 cabili. Sed est sensus cum illud dicitur perfectio simpliciter id est vniversali
1386 1443 2295 1500 quod vel cuilibet esset melius esse tale: quam non esse tale: vel quodlibet
1382 1485 2294 1540 si esset tale: esset melius quam si non esset tale ceteris paribus. Sed
1383 1525 2295 1586 secundum hunc sensum cum dicitur quod potentia productiua filii est perfectio
1376 1576 2291 1624 simpliciter: idem est ac si diceret posse producere filium est perfectio
1385 1619 2293 1668 simpliciter. Et secundum hunc modum accipiedi reducitur argumentum et contra te.
1394 1660 2289 1716 Nam si posse producere creaturam est perfectionis simpliciter. et
1383 1704 2283 1753 secundum te: ex hoc sequitur per locum a minori quod posse producere
1390 1748 2285 1794 creatorem est perfectionis simpliciter: cogeris vt vel dicas quod non
1386 1794 2288 1848 omne quod est perfectonis simpliciter conueniens patri conuenit filio dei:
1385 1831 2283 1883 quod tu et vere reputas falsum: vel neges patrem posse produce
1386 1879 2292 1926 re filium: quod est hereticum. Et cum hoc sequitur est quod non omnis perfe¬
1389 1924 2285 1976 ctio patri conueniat. Et ideo ita patet quod ratio fortius militat contra suum
1376 1966 2279 2022 actorem. ⁋ Respondeo tamen ad ipsam. Si primo modo accipiatur perfectio
1386 2010 2289 2065 sicut innuunt verba arguentis. dico quod potentia productiua
1389 2051 2292 2109 filii est perfectio simpliciter: quia ipse pater est perfectio simpliciter. Et
1385 2099 2280 2153 tamen dico quod filius non est minus perfectus seu bonus: quam paiter: quia licem
1394 2139 2292 2194 ipse non sit pater: est tamen id ipsum et est eadem bonitas quae est ipse
1383 2183 2292 2237 pater. Si vero accipiatur 2o mo sic dico quod posse producere filium
1382 2229 2279 2284 non est perfectionis simpliciter. Et quamuis incomparabiliter melior si
1386 2273 2289 2320 deus quam crcatura. non tamen sequitur quod si posse producere creatu¬
1386 2316 2289 2371 ram est perfectionis simpliciter: quod posse producere creatorem vel deum
1379 2360 2283 2409 sit perfectionis simpliciter ad sensum datum. Similiter est non sequitur quod
1388 2404 2292 2458 posse producere deum patrem sit perfectionis simpliciter quamuis inco¬
1385 2452 2283 2503 parabiliter melior sit deus pater: quam creatura. ⁋ Si dicas quod pro¬
1385 2493 2291 2536 ducere deum patrem est impossibile: et ideo non est perfectionis simpliciter. di¬
1377 2529 2295 2585 co tibi quod producere alium deum filium est impossibile simpliciter: nec est
1388 2577 2274 2631 minus impossibile quam quod deus filius producat seipsum. ⁋ Ad 4m dicendum qu
1378 2625 2292 2672 minor est falsa accipiendo potesm pro principio productiuo: vt dictum est.
1387 2667 2288 2727 Nam Aug. non dicit quod filius non potuit: sed oppositum vnde ait. non quia
1382 2715 2285 2767 non potuit. ex quo argumentum potest reduci contra arguentem: aut enim potuit
1386 2751 2289 2813 significat postsm productiuam: et sic cum Aug. neget non posse af¬
1379 2798 2288 2847 firmat posse: ac per hoc potesm productiuam: aut significat possibilita¬
1379 2839 2292 2899 tem terminorum: et sic dicendo filius non potuit negatur talis possi¬
1376 2881 2279 2927 bilitas. igitur cum dicit non quia non potuit negatur non possibilitas:
1388 2927 2291 2978 per consequens affirmatur possibilitas. Ex quo vltra sequitur hanc esse
1391 2979 2286 3024 veram filius potuit generare: quod est contra Aug. ac contra sic arguentem:
1379 3020 2289 3069 expone igitur vt docet magitur non quia non potuit. id est non fuit ex
1386 3058 2286 3132 impotentia: quod idem valet: ac si dicatur non quia impotens fuit: sed non
