2472 3522
174 268 1077 333 sequitur: non fuit impotens. ergo potuit vel fuit potens produce¬
180 313 1074 364 re filium: sicut non sequitur. iste puer non est iniustus. ergo est iustus.
194 353 1080 411 ⁋ Ad 5m dicendum quod non sequitur. in patre non est potentia productiua
179 404 1066 459 respectu generare. ergo in eo non est potentia productiua: nisi per ge¬
180 441 1071 499 nerare intellecgas ipsum genitum. Nam cum hoc quod in patre non est po¬
179 487 1064 535 tentia productiua respectum alicuius quod est in eo: stat bene quod in e
177 527 1073 578 sit potentia productiua respectu filii. hoc sufficit in proposito. Si
172 574 1068 628 vero intelligas per generare ipsum filium genitum maior tua est fal¬
167 615 1074 668 sa. ⁋ Ad dium dicendum quod maior non est vera vbi carens habet omnem
179 663 1071 721 perfectionem quam habet non carens. impotentia enim proprie loquendo
169 708 1070 754 defectum alicuius perfectionis importat. Sicut etiam patet in exemplo
173 751 1068 795 argumenti: in proposito autem carens seu non existens potentia generandi¬
161 792 1068 847 nulla perfectione caret quam habeat potentia generandi: cum eadem perfe¬
162 837 1077 894 ctio seu bonitas que est pater: sit et filius: non igitur proprie filius
165 877 1077 926 dicitur impotens generare: quamuis non potens generare dici possit. Et ideo
164 925 1074 975 qui alium filium generari est impossibile: et non est est possibile vt aliquid
162 963 1071 1019 generet se ipsum: sicut nec paiter dicitur impotens: cum tamen nec secundum fi¬
167 1009 1074 1066 lium: nec se ipsum valeat generare. et universaliter nullus impotens dicitur ex
169 1054 1073 1111 eo quod non poest simpliciter impossibilia: et hanc solutionem innuit Aug.
162 1096 1068 1146 vt patebit in respondendo ad 9. rationem. ⁋ Ad Im et 8m dico simul quod
167 1140 1074 1194 a potentia productiua nihil egreditur: nisi quod ab ea producitur: et
159 1188 1074 1244 io si per generare intelligas ipsum productum generare egreditur a
161 1229 1068 1276 potentia productiua que est ipse pliter: vt patebit aritio 2o Si vero per ge¬
164 1274 1067 1317 nerare vel per actum intelligis aliquid aliud: non valet consequentia quod si
167 1312 1073 1359 respectu illius non sit potentia productiua in patre: ergo absolute non
171 1351 1071 1413 sit in eo potentia productiua. ⁋ Ad oum dicendum quod vtique sic di¬
164 1403 1068 1455 cendo sufficienter euaditur argumentum heretici. et sic euadit Augu.
159 1446 1067 1490 non autem sicut dicit opinio hec: quin immo si sic intelligeret Aug.
162 1489 1071 1541 non solum non solueret: sed manifeste contradia affirmaret. Nam si
167 1534 1067 1587 cum dicit: non quia non potuit significatur impossibilitas quae est re¬
168 1576 1052 1629 pugnantia terminorum: vt iste docto. dicit. ergo non posse idem est quod
171 1612 1053 1673 mpossibile esse. Et cum secundum eundem idem intelligatur per non opor¬
155 1659 1062 1714 tere: vt patet in arguendo: igitur dicendo filius non genuit: non quia
161 1702 1070 1757 non potuit: sed quia non oportuit: idem est quod dicere: filius non ge¬
160 1746 1067 1799 nuit: non quia fuit impossibile ipsum generare: sed quia fuit impossibi¬
167 1789 1067 1835 le ipsum generare: vbi patet manifeste contradictoria implicari. Duem
162 1826 1053 1884 ergo secundum supedientua quod cum dicit: non quia non potuit: intelligitur non ex eius
170 1880 1068 1928 potentia: vel quia impotens fuit: sed quia non oportuit id est non fuit
159 1919 1071 1976 possibile: sed impossibile: oportere enim idem est quod necesse esse.
159 1963 1068 2012 ergo non oportere idem est quod necesse: quod autem in divinis non est ne¬
158 2004 1070 2052 cesse esse est impossibile esse: quia omne ibi possibile est necessium. Sic igitur in
152 2045 1070 2099 hoc stat solumlo argumenti heretici probantis patrem potentiorem
150 2094 1067 2139 esse filio: eo quod paiter potuit generare: filius autem non: quia verum vtique
158 2141 1053 2191 est filium non potuisse generare: sed hoc non fuit ex eius impotentia
158 2177 1052 2227 siue quia fuit impotens: paiter vero potens: sed quia impossibile fuit filium alium
155 2223 1054 2277 generari. et vt patet ex hoc non arguitur filius impotens ac per hoc nec
155 2273 1054 2321 minus potens ipso patre. ⁋ Ad xitum cum dicitur nullum agens eter¬
152 2309 1052 2364 num habet potesm agendi: dicendum quod huius propositionis duplex potest esse
162 2351 1052 2407 sensus. vnus quod nullum agens eternum habet potentiam. id est principium per quod
155 2397 1052 2446 agat a mouet: et iste est falsus et contra mentem philosophi et Commentato
155 2442 1053 2485 ris. vnde. P. dicit ibidem nihil prodest si subiectas faciamus sempi¬
158 2480 1069 2536 ternas: quemadmodum qui species: si non aliquod potens inerit
164 2525 1058 2573 principium transmutare. etlittera commenti habet nisi in eis sit principium quod potest
161 2575 1062 2624 transmutare. et Commen. hec verba exponens ait. nihil prodest
161 2615 1051 2667 ponere subiectam eternam in qua non sit principium mouendi. ⁋ Ex quibus
173 2654 1050 2710 patet quod potentia id est principium mouendi motoribus eternis attribuunt. Alius
171 2696 1049 2756 sensus est nullum agens etc id est nullum eternum est in potentia ac
168 2743 1052 2793 mouendum: vt scilicet possit aliquando non mouere: sed semper actu ne
165 2793 1060 2845 cessario mouet. et hec est intentio eorum: quod manifeste apparet per
164 2833 1054 2887 expositionem Commentatoris ibidem. Ait enim sic. in principio commenti ne¬
173 2876 1050 2928 cesse est vt iste motus habeat motorem qui est actio pura sine aliqua
161 2919 1052 2970 potentia id est qui in nulla hora est motor in potentia. ⁋ Est ergo intentio sua
161 2968 1065 3018 quod sicut eternus motor de necessitate est et non potest non esse: sic
152 3008 1052 3054 necessario semper mouet in actu: et non potest non actu mouere: aut
158 3052 1053 3117 numquam est in potentia ad mouendum. et hoc intelligit quando dicit: quod ille
1130 280 2029 341 motor est actio pura: non autem intelligit (vt fingunt sic arguen
1139 325 2028 375 tes) quod ipse sit actus ille qui est actio. quis enim dixerit quod motor
1139 371 2019 425 celi sit motio vel motus celi: Est igitur intentio eorum qua dictam est
1130 410 2033 461 et in hoc sensu secundum. P. vera est maior. Similiuso potest concedi de
1128 446 2033 514 primo producente scilicet deo pratre. necessario enim eternaliter actu producit
1135 499 2033 559 nec vmquam fuit aut esse potest in potentia ad producendum. Et sic ad
1127 537 2022 598 rationem patet quid sit dicendum. et ad confirmationem. pro tanto enim dicit
1136 581 2032 643 sempiterna esse actu sine potestate: quia semper sunt actu et fuerunt
1128 623 2022 687 sine potentia praecedente actum aut distante ab actu: et eodem modo de eter
1128 672 2025 731 non agente intelligit: non autem negat potesm quae est principium agendi. sed eam
1127 708 2026 773 ibidem in eis affirmat coniuncta tamen actui id est semper actu agentem.
1096 750 2031 851 Quantum ad 2m articulum communiter distinguitur de
1403 802 2032 854 nuplici principio Nam est principium quod agit et est
1125 833 2028 905 principium quo agens agit. Exemplum primi in naturalibus. ignis generans est
1132 881 2031 938 principium quod ignis geniti. calor vero est prinum quo formaliter agit.
1128 930 2032 989 In artificialibus principium quod est ipse artifex: principium quo est ipsa
1128 975 2031 1028 ars per quam agit. ⁋ Quantum ad propositum omnes conueniunt de prin
1120 1017 2031 1063 cipio quod generationis divine. Nam illud est paiter quod generat. Sed de
1121 1058 2031 1113 principio quo: quod quidem non generat: sed est illud per quod paiter generat est di
1124 1109 2031 1153 uersitas opinionum. ⁋ Dicunt enim quidam quod tale principium est diuina
1130 1151 2031 1206 essentia non proprietas patris. quod probatur sic. primo. Nam illud est
1126 1190 2025 1238 potentia generatiua seu principium generandi in quocunque generante: in quo
1119 1228 2032 1291 genitum similatur generanti. Sed in essentia tantum filius dei simulatur.
1128 1283 2024 1326 patri generanti. ergo etc. maior patet. quia omne producens aliquod per suam
1124 1325 2032 1377 actionem producit sibi simile quantum ad formam qua agit: sicut homo
1125 1366 2023 1422 genitus est similis homini generanti in natua humana: cuius virtute
1127 1412 2031 1462 potest pater generare hominem. ⁋ Alii probant idem sic. si deus per
1113 1454 2030 1505 impossibile generaret alium deum: et ille alius 3m: diuinitas esset
1121 1502 2031 1550 principium alterius et non relatio. ergo a nunc cum deus generet
1120 1539 2015 1584 alium qui est idem deus. Antecedens est notum. patet consequentia. quia quod est ali¬
1114 1583 2018 1635 quid perfectionis in principio productiuo non tollit ab aliquo rationem
1121 1634 2030 1678 principii productiui: sed communicare se in identitate numerali et
1121 1669 2022 1709 adequata communicatione sibi est perfectionis in principio productiuo.
1119 1708 2031 1768 ergo etc. ⁋ 2o diuinitas est terminus formalis generationis: igitur.
1109 1754 2025 1809 ipsa est formale principium productiuum. Antecedens supponunt se probas¬
1125 1799 2012 1852 e. dicens es. cosequentia probatur. quia impossibile est agens communicare termi¬
1121 1838 2010 1894 num formalem generationis vel productionis nisi agat forma equa
1122 1886 2017 1934 perfecta si agat vniuoce: vel perfectiori si equiuoce. In diui
1109 1929 2016 1976 nis autem nihil est perfectius vel eque perfectum absoluto seu
1116 1969 2029 2031 essentia: cum sit formaliter infinita: non autem relatio. ergo etc. ⁋ Alii
1105 2014 2029 2074 autem probant idem sic. vbicumque nata est esse relatio originis il¬
1116 2054 2025 2100 la relatio fundatur super principium elicitiuum originis: sed in
1125 2101 2016 2153 patre est relatio originis. igitur ipsa fundatur. super principio eliciti
1119 2146 2016 2201 uo. non fundatur autem super propetate: tum quia ipsa propetas perso
1118 2188 2025 2229 nalis est relatio originis: tum quia eius fundamentu debet esse ab¬
1116 2228 2016 2275 solutum. igitur super esea quare ipsa est principium elicitiuum originis.
1124 2273 2029 2324 ⁋ 2o sicut ratio causandi est illud quo existente in aliquo: vel in se
1119 2318 2028 2372 potest esse effectus: omni quod non est causa eiusdem effectus circunscripto:
1117 2362 2016 2406 vel quod requiritur ad esse alterius et non constituitur ex ipsa cau¬
1121 2402 2016 2446 satione vel causato: ita principium elicitiuum alicuius actionis vel
1125 2446 2022 2498 passionis vel productionis est illud quod necessario a per se requiritur.
1115 2491 2016 2536 ad illam productionem: et non constituitur nec ex productione nec
1118 2533 2010 2586 ex producto: et quia sola essentia divina requiritur ad generationem
1118 2575 2012 2631 actiuam et passiuam isto modo: ideo ipsa praecise est ratio eliciendi istas
1124 2618 2023 2670 productiones: tam actiuas quam passiuas. ⁋ Ad hoc facit auc.
1125 2662 2015 2714 hylatur. 5. de tri. quam allegat etiam magitr. dicensin. ait enim hylatur. Nati¬
1119 2708 2006 2751 uitas dei non potest eam ex qua perfecta est non tenere naturam. Cen
1106 2746 2016 2805 tum autem est eam non ex alia natura quam diuina profectam esse. igitur natura
1121 2794 2015 2852 diuina principium est ex quo est natiuitas filii. ⁋ Item magitur
1122 2839 2003 2882 in ista. dicens dicit quod paiter non est potens generare nisi nam: eius enim po¬
1119 2881 2004 2933 tentia natura est vel essentia. ⁋ Alia opinio est quod propretas perso
1107 2925 2022 2970 nalis est principium generandi: quod probatur sic. primo quia proprius
1121 2962 2016 3017 actus est a propria forma: sed generare est proprius actus patris: et
1113 3007 2027 3069 sola propetas personalis est sibi propria. igitur etc. ⁋ 2o omne quod
1110 3053 2019 3126 est principium essendi est principium operandi: hoc patet quia: vnumquodque
