2463 3519
192 245 1094 310 post verba allegata accipi potest. vnde ait nullus sensus capit
176 300 1083 355 spectum scentum: esse spiectum patris aut filii: secundum quod alter est pater alter fi¬
184 337 1091 390 lius: sed secundum quod vterque vnus idemque deus est: ita quod si per impossibile essent
184 381 1083 437 pieter et filius: et non essent abinuicem distincti: adhuc spirarent spictum
186 430 1082 475 scundum. et est similis locutio ac si essent duo calores seperati et in
173 472 1088 520 eodem loco: et producerent vnum calorem in subiecto: et diceremus quod illi
176 511 1079 570 producunt inquantum sunt vnum specie. et non inquantum distinguunt: quia si
177 559 1079 612 essent indisticti nihil minus producerent: et cum nec in illis distin
165 606 1085 662 guerentur: nec ante nec post duo principio qua. et quod: propter vtriusque sim
164 635 1079 701 plicitatem: multo magis nec in proposito. Quod autem dicens quod non ex
164 694 1089 746 relationibus suis etc. accipit relationes pro proprietatibus persona
180 733 1079 789 rum complexe significantibus qua quidem non ipse persone sunt: nec omnino
182 773 1086 828 aliqua entitates: vt in discens 36. dieculurabitur: tales enim proprietates vti¬
177 818 1083 866 que ipse vocat relationes: sicut patet in de proces. spiritus scienti non autem
167 864 1074 915 accipit relationes pro illis incomplexe significantibus: que non sunt
176 910 1064 962 aliud quam ipse met persone vt infra patebit. Et eodem modo cum ait quod
168 943 1070 1002 non de patrnitate: sed de divinitate id est patre qui est divinitas iuxta praemi
170 991 1082 1040 sam doctrinam Aug. vel de patre non secundum quod pater est: sed secundum quod deus pe
176 1036 1080 1087 nes sensum proxime datum. ⁋ 3a conclusio est quod proprietas personalis
170 1081 1071 1134 non est principium quo. divine generationis nisi forte proprietatis nomine
177 1119 1080 1176 hypostasis ipsa intelligeretur. hec autem conclusio sicut praecedens sufficiem
168 1162 1079 1225 ter probatur ex his: per quae probata est pia conclusio ⁋ Ite contra hominem probari
174 1208 1080 1261 potest: cum dicat ipsam proprietatem personalem a generationis actu esse extra
177 1255 1074 1298 animam penitus indistinctam. constat autem principium a principiato distin
171 1298 1074 1353 gui. Sic ergo videtur dicendum quod non est quaerendum aliquod principium productiuum
167 1342 1080 1390 quo praiter graeseniet: sic quod ei vere competat ratio principii productiui distin¬
165 1383 1072 1435 ctum a principio productiuo quod generat: sed vel ipsum quod generat: est principium qua.
165 1430 1081 1484 qui seipso et nullo alio generat: ita quod idem est principium quod et quo. vel
164 1469 1065 1523 nullum omnino est ibi principium quo. sed tantum quod. ⁋ Contra hoc videtur esse
159 1506 1066 1572 quod dicitur a sanctis: patrem et filium esse vnum principium. scilicet quod verifica¬
168 1555 1074 1619 ri non potest vt videt: nisi ponendo vnum principium quo ambo spi¬
168 1601 1072 1656 rant: cum ipsi non sint vnum principium quod spirat: sicut non sunt vna perso
158 1648 1073 1699 na. ⁋ Sed ad hoc quid sit dicendum patebit. dit i12. ⁋ Tunc ad
164 1685 1070 1733 rationes alterius opinionis. Ad primam dicendum quod siue maior su¬
161 1728 1065 1781 matur sic. omne in quo genitum similatur generanti: est principium quo
170 1770 1070 1831 generandi siue econverso sic. in omni quod est principium grante andi quo. genitum as¬
164 1817 1070 1860 similatur graesenanti ipsa falsa est. Nam in primo sensu habet instantiam.
165 1860 1065 1910 nam generata multis suis genitoribus similantur in forma substantiali
164 1906 1064 1960 et tamen forma substantialis nullius est principium productiuum per istos. Item
164 1942 1065 1996 in multis formis non actiuis. Item in alio sensu habet instam
153 1987 1068 2046 tiam: videmus enim quod mulus non similatur in virtute generatiua suo
165 2031 1071 2083 genitori: et sic in multis reperiri posset instantia. ⁋ Praeterea esto quod
162 2079 1068 2126 ipsa esset vera in creatura: in proposito tamen non haberet veritatem: eo quod
164 2116 1067 2171 principium productiuum quo. necessario debet esse distinctum realiter ab eo cuius
152 2165 1070 2215 est principium: quod non posset esse in proposito. Nam in quo pater similatur vel
164 2204 1063 2258 potius identificatur filio nullo modo distiguitur a filio. ⁋ Praeterea illa
159 2254 1068 2304 propositio non habet locum (si quem habet) nisi vbi principium quo. distinguitur a
165 2296 1064 2347 principio quod. quod non est in proposito. ⁋ Ad rationem alterius doc. dictr
161 2338 1071 2386 quod in antecedente vel sumit principium quo. distincte a principio quod. vel non. si
169 2384 1066 2434 sic. antecedens est falsum. similiter consequentia non tenet. falsitas antecedentis patet. quis
158 2426 1064 2478 supponitur deum esse simplicem omnino: et ista ypothesi facta siul
153 2469 1065 2519 et supponitur esse deum: et per consequens non esset in eodem talis distinctio
168 2510 1064 2559 principiorum. Item consequentia non valet: quia ypothesi data essentia dei di¬
158 2558 1059 2606 stingueretur realiter ab alio deo: cuius ponitur principium. Nunc autem non
165 2598 1055 2652 distinguitur a genito. ideo non potest sic concedi esse principium. Et ad pro
170 2639 1071 2686 bationem dicendum quod non est perfectionis in aliquo principio productiuo
173 2685 1055 2731 esse principium eius quod ab ipso est penitus indistinctum: quia hoc est penit
174 2724 1062 2773 impossibile: et excludit omnino rationem principii et principiati. vnde per simile
173 2769 1065 2822 rationem probari posset: quod pater et filius: et genitor et genitus sunt vnus
174 2815 1062 2869 quoniam perfectionis est communicare seipum in identitate omnimoda: et seipum
183 2861 1065 2908 generare: nec illud magis videtur valere quam hoc. Si autem antecedens ad
174 2907 1070 2962 cipiat hoc nomen principium 2o modo tunc patet consequentiam non valere. Et perper il¬
165 2944 1061 2992 lud quod dictum est. et quia et concluderet nunc de facto divinam essen
171 2987 1064 3046 tiam esse filii genitricem: quod est falsum: etiam secundum hunc doc. ⁋ Ad
164 3028 1080 3101 2am rationem eiusdem dicendum: quod antecedens est falsum: sicut patet supra. dicensen
1142 256 2042 315 q. 2a. vbi etiam hentur solulto rationis facte per eundem ad probationem
1143 298 2049 350 huius antecedentis. ⁋ Ad rationes alterius. Ad primam nego maiorem sum
1151 349 2049 405 ptam in sua proprietate. nulla enim divina relatio fundatur in aliquo
1150 389 2049 437 sicut nec persona aliqua divina. Si vero sumatur improprie: vt sit sen¬
1144 435 2034 484 sus: quod omne principium elicitiuum originis refertur: taliter concedo et di
1149 480 2033 526 co quod pater est tale principium. nec procedunt probationes contra hoc. ⁋ Ad
1140 524 2048 580 2am rationem dico quod oportet addere in maiore: quod illud non sit ipsum
1149 567 2031 616 productum: essentia autem divina est ipse filius productus. ⁋ Ad auc
1143 609 2037 664 illam hylatur. et ceteras similes dicendum est sicut docet magitur. distincion
1135 647 2027 695 et ibidem dictum est scilicet quod natiuitas est perfecta ex natura id est ex patre est
1140 693 2036 749 est eadem esentia et na. ⁋ Ad illud vero quod ex dicto magri in
1142 736 2039 786 ducitur. Dicendum quod magitur non aliud intendit dicere: nisi quod pater
1124 783 2033 829 nullo alio: sed seipso potens est gignere: quod est verum: quod signi¬
1140 822 2045 881 ficant verba eius quibus ait: pater non est potens gignere nisi natura etc. si¬
1134 872 2031 926 cut si calor esset separatus: et posset calefacere diceremus quod ipse
1128 916 2035 970 calor non est potens calefacere nisi na et entitate vel essentia
1143 953 2040 1013 sua: et quod eius essentia est eius calefactiua potentia: nec tamen per
1137 996 2037 1048 hoc intelligeremus: quod ipse calor esset principium quod. productiuum ca¬
1137 1039 2036 1090 loris: et eius natura entitas vel essentia esset principium quo cum inter
1135 1084 2047 1143 ipsum et eius essentiam distinguere sit impossibile. ⁋ Ad rationem pri¬
1127 1133 2046 1184 materia alterius opinionis: quae dicens proprietatem personale esse principium
1134 1171 2046 1222 quo. productiuum generationis. dicendum quod si maior eius aliquam ve
1130 1215 2031 1264 ritatem possit habere hoc non est nisi vbi forma agentis est princi¬
1131 1260 2026 1308 pium quo. actomnis vel actus: et vbi ipsius actus est huiusmodi duplex prini
1134 1308 2031 1361 cipium scilicet quod et quo. vtrumque autem deficit in proposito. quare nul
1130 1344 2045 1391 lius est roboris ad intentum. ⁋ Ad 2am est primo dicendum quod ma¬
1130 1387 2044 1432 ior est falsa: sunt enim multe forme principium essendi: que non
1128 1434 2036 1480 sunt actiue: nec principium agendi: nec probatio sufficiens est:
1133 1474 2034 1526 quamuis enim probaret quod omne quod est principium agendi est principium
1125 1522 2039 1566 essendi: non tamen probat conuersam scilicet quod omne quod est principium
1130 1562 2032 1607 essendi. est principium agendi. ⁋ 2o dicendum etiam: quod minor est
1128 1605 2034 1654 falsa. nihil enim omnino est patri principium essendi: cum ipse sit
1124 1649 2027 1702 penitus sine principio in quocunque principii genere. Quod vero
1124 1699 2026 1745 additur quod proprietate est pater: non est ad propositum. Nam quo:
1124 1739 2030 1792 cunque illa sit vera de quo infra dicet: non tamen facit ad propo¬
1125 1778 2043 1826 situm: quia vt magiu. inctin dicntio 2. et Aug. expresse. 7. de tri. iuxta fi¬
1126 1825 2024 1880 nem. non est idem deo patri esse patrem: et esse: quapropter nec eo
1118 1864 1918 1909 quo est: pater est: et per consequens non sibi est principium essendi.
1110 1909 2043 1956 ⁋ Ad articum q. dicendum quod Damen non intendit per illa verba distingue¬
1123 1954 2042 2007 re inter generatione et creationem: quia de hoc ibi agit penes elici
1128 1996 2030 2044 tiua principia: sed penes modum existendi a principio scilicet naturaliter
1122 2045 2027 2094 vel voluntarie et contingenter: generatio enim est naturalis et creatio
1133 2083 2030 2136 voluntaria et contingens. Et hoc intendit quando dicens quod generatio est
1130 2126 2025 2172 opus naturae id est qui generat naturaliter operatur seu producit. Creatio
1134 2166 2025 2214 vero est ex voluntate dei id est libere seu voluntarie et contingen¬
1134 2214 2041 2266 ter a deo. ⁋ Ad argumentum in oppositum: cum dicitur. eo generat quo est
1137 2257 2041 2307 dicitur duplex potest esse sensus. secundum quod ly eo et quo dupliciter possunt
1127 2302 2016 2343 sumi. Uno modo denominatiue et sic est dictu: ea proprietate qua
1127 2342 2022 2391 pater dicitur generare: seu genitor dicitur etiam pater: et in hoc
1137 2383 2028 2433 sensu vera est: et in eodem sensu loquitur Aug. in verbis allegati:
1118 2429 2026 2474 et patet: sed sic nihil ad propositum. Alio modo possunt intelligi eo
1130 2470 2027 2518 et quo elicitiue vel productiue: vt sit sensus: quod eodem principio eli
1127 2509 2020 2564 citiuo generat: quo est pater. et tunc dicendum: quod istud quo est pater est intel
1134 2557 2037 2609 ligendum vel potest intelligi dupliciter. vno modo: formaliter et denominati
1130 2607 2024 2657 ue: et tunc est sensus quod eo elicitiue generat: quo denominatur pater:
1124 2648 2021 2694 et sic nego propositionem: nec probatio valet ad propositum. Alio modo
1125 2693 2021 2743 elicitiue: et tunc est sensus quod eo elicitiue generat qua elicitiue
1134 2730 2025 2779 est pater: et tunc dicendum quod si hoc nomen pater sumatur vt est nomen proprie¬
1134 2778 2031 2822 tatis iuxta intellectum datum in responsione secunde rationis opini. alte¬
1127 2822 2030 2869 rius in praecedenti arti. vera est propositio: quia sic non est aliud dictu nisi:
1137 2869 2031 2913 quod eo quo elicitiue generat eo elicitiue generat: quia sic idem est esse
1125 2907 2034 2957 genitorem: et esse patrem. Sed tunc minor est falsa in eodem sensu.
1137 2951 2029 3000 seipso enim generat: et nullo alio elicitiue. Si vero sumatur vt est no
1127 2996 2021 3045 men hypostasis proportio est falsa: propter falsam implicationem. impli
1121 3041 2034 3110 cat enim quod hypostasis patena heat aliquod principium elicitiuum:
