2500 3543
449 253 1170 310 vel productiuum sui: quod est penitus impossibile.
587 295 1338 364 ⁋ Distinctionis octaue. Questio. I
676 346 1344 445 Irca distinctionem octauam in qua magnin
838 389 1337 443 ostendit deum esse omnino et summe simpli
681 426 1336 483 cem. Quero. an in deo summe simplici sit ali
673 477 1334 526 qua distinctio vel pluralitas perfectionum attri¬
684 516 1344 565 butalium praeueniens actualiter omnem operationem
674 566 1332 609 intellectus: ⁋ Et arguitur quod sic. auctoritas Damen dce
675 607 1340 653 li. primo quecumque dicimus in deo affirmatie non
440 649 1329 701 naturam ipsius: sed ea quae sunt circa eius naturam ostendunt. Et enim si bo¬
435 692 1335 747 num et si iustum: et si sapiens: et si quaecumque dixeris: non naturam dicis
428 738 1335 793 dei: sed ea quae sunt circa naturam: sed constat quod dicis aliquod: quod praece¬
435 780 1323 829 dit omnem actum intellectus ergo aliquod huiusmodi est distinctum a natura dei: seu et
434 823 1332 869 divinitate ante omnem actu intellectus. ⁋ Quia vero he perfectiones est ab¬
431 867 1329 913 inuicem sunt distincte: patet per eundem infra. vbi dicens quod deus totum in
431 910 1326 959 seipo comprehendens habet velut quoddam pelagus subiecte infinitum et inde
439 956 1336 1005 terminatum: quod non esset verum: si in ipso esset vna tantum perfectio et
432 999 1323 1046 non multe. ⁋ Confirmatur per Aug. qu vniversalite. 15. de tri. omnes huiusmodi perfcanitiones
431 1039 1286 1095 esse equales. Sed constat quod equalitas non est nisi distinctorum. ergo etc
420 1081 1323 1178 In oppositum. arguitur per eundem datem. in eodem. vb
793 1131 1317 1189 a proposito videtur probare oppositum: ait nauam
422 1173 1326 1224 que in principio c. deus simplex est et incompositus: quod autem ex multis est
419 1214 1322 1267 et driesuntibus: compositum est: ex quo sequitur deum non includere in
419 1256 1322 1308 se multa aut aliqua ex natura rei differentia: et per consequens non est in deo
412 1301 1290 1397 In hac. multitudo attributalium perfectionum.
621 1346 1317 1396 quaione erunt duo arti. Nam primo recitabo vnam fa
422 1396 1330 1439 mosam opinione cum suis motis primis et confirmationibus: et dabo
428 1429 1329 1477 intellectum opinionis. 2o videbitur de veritate illius et eius: quod quaeritur simul¬
409 1477 1322 1567 Est utem vna famosa opinio quae dicens sic. respondeo quod inter perf
639 1520 1333 1574 ctiones essentiales: non est tantum differentia rationis hoc
426 1559 1329 1608 est diuersorum modorum concipiendi idem obiectum formale. talis enim
429 1606 1320 1652 est dist. inter sapiens et sapientiam et vtique maior est inter sapientiam
426 1652 1332 1699 et veritatem: nec est ibi tantum dis. obiectorum formalium in intellectu: quia il¬
424 1691 1329 1750 la numquam est in cognitione intuitiua nisi sit in obiecto intuitiue co¬
425 1739 1332 1785 gnito. Est ergo ibi 3a distinctio praecedens intellectum omni modo: et est ista quod sa¬
426 1783 1326 1832 pientia est in re ex natura rei: et bonitas est in re ex natura rei. sapientia aut
431 1819 1326 1868 in re formaliter non est bonitas in re. est ergo aliqua non identitas
422 1862 1331 1913 formalis ex parte rei. Et intelligo sic quod intellectus compoinens istam.
421 1907 1333 1962 sapientia non est formaliter bonitas: non causat actu suo collatiuo veri¬
426 1954 1313 2001 tatem istius compositionis: sed in obiecto inuenit extrema: ex quorum com
426 2000 1323 2056 positione fit actus verus. ⁋ hec conclusio probatur ab eis. primo sic. si infinita
431 2038 1329 2091 sapientia esset formaliter infinita boitas: et sapientia in communi esset forma
432 2084 1319 2132 liter bonitas in communi. infinitum enim non destruit formalem rationem
420 2132 1329 2180 eius cui additur. sed sapientia in communi non est formaliter bonitas in communi:
425 2169 1326 2217 qui diffinitio bonitatis in communi non habet in se sapientiam: nec econverso ergo nec
417 2214 1323 2265 sapientia infinita est formaliter bonitas infinia. ⁋ Confirmatur. quia bo
425 2255 1325 2305 nitatis et sapientiae essent distincte diffinitiones: si ipse essent diffinibi¬
425 2298 1336 2358 les. Diffinitio autem non tantum indicat rationem causatam ab intellectu: sed quidi
429 2346 1325 2390 tatem rei. ⁋ 2o distinctio emanationum personarum divinarum: necessario prae¬
428 2387 1320 2435 supponit distinctionem principiorum scilicet intellectus et voluntatis: non autem prae
422 2431 1322 2490 supponit distinctionem rationis: sicut nec ens reale necessario persupponit
428 2475 1329 2524 ens rationis. praesupponit ergo aliquam distinctionem ex natura rei praeuenien¬
422 2520 1332 2565 tem. Assumptum patet: narm alias saluari non posset quod filius procederet
433 2560 1326 2609 vt natus et verum et naturaliter. spiritus autem scus non sic: sed vt datus vt
417 2612 1332 2656 amor et libere: sicut tamen docet fides nostra: nisi esset aliqua distinctio in
426 2649 1323 2705 tellectus et voluntatis ad intra. ⁋ Confirmatur. nisi principia emana
416 2697 1320 2755 tionum sint aliquo distincta ex natura rei: filius non habebit ex vi prodi
426 2739 1323 2791 ctionis sue: quod sit verbum potius quam.s scilicet ⁋ Item quicquid vnius rationis
426 2781 1320 2828 existens potest esse principium producendi plura supposita in vna nam: non
425 2823 1322 2870 determinatur ex se in ratione principii ad determinatam pluralitatem pro¬
422 2869 1317 2916 ducendorum. patet hoc tam in causa vniuoca quam equiuoca. ergo si est idem principi
437 2912 1333 2963 vtriusque emanationis illud non determinatur ex se ad certam
428 2961 1322 3008 pluralitatem emanationum vel personarum producendarum. Si autem il¬
422 3002 1325 3055 lud non determinatur ex se: cum non sit aliquid per quod possit determi
425 3042 1325 3103 nari. ergo simpliciter erit possibile plura esse supposita producta: et si sic
1401 244 2298 307 ergo est necessium. ergo actu sunt plures persone producte quam due: quod est fal¬
1398 297 2292 350 sum. quod autem non possit huiusmodi principium per aliquod determinari ad certum
1404 344 2301 397 numerum producdium probatur. quoniam aut hoc esset per aliquas relaitiones produ¬
1397 390 2301 437 centes. aut per ipsas productiones. aut per relationes aliquas existentes
1398 427 2288 476 in productis. non potest dici primium: quando cum relitiones producentes non
1406 474 2295 519 sint distincte ab actiuis productionibus si essentia divina vel illud
1400 516 2294 573 principium determinaretur ad actiuas productiones per relactiones: sequeretur
1395 565 2304 615 quod per productiones determinaretur ad productiones. et sic aliquid de¬
1397 604 2304 657 terminaretur ad aliquid per illud met: quod non est intelligibile. Nec
1388 646 2295 705 per actiuas potest determinari ad passiuas: quoniam ipse sunt correla¬
1391 697 2291 738 tiue: et relatiua sunt simul nam: et per consequens vnum non determinat funda¬
1397 735 2294 788 mentum ad reliquum. Et per idem patet quod 2m dici non potest. nec 3m.
1403 777 2317 829 ⁋ 3o sic. deus eternaliter intellexit essentiam inquantum vera: et non intelle
1391 821 2295 879 xit eam inquantum bona: et voluit eam inquantum bona: et non inquantum vera.
1391 864 2292 922 ergo in essentia divina eternaliter fuerunt iste rationes formales veritatis
1388 908 2292 963 et bonitatis distincte: et per consequens ante omnem opositionem intellectus. ⁋ hanc
1401 953 2317 1007 conclusionem confirmat auct. prima quae est damen. quae in principio quaestionis inducta est.
1395 999 2316 1053 ⁋ Item alia Aug. 8. de tri. probantis quod due persone divine non sunt
1400 1049 2307 1092 aliquid maius quam vna: quia non sunt aliquid verius: quae consequentia nulla vide
1389 1084 2295 1136 retur: si esset tantum inter magnitudinem et veritatem distinctio rationis: idem
1392 1131 2289 1180 enim esset ac si probaretur: est sapientia. ergo sapiens. vel econverso ⁋ Item aug.
1393 1170 2295 1227 contra maxi. li. 3o Si potes inquit deum prem intelligere esse simpli¬
1392 1224 2291 1266 cem: et tamen bonum sapientem et multas tales perfectiones enumerans
1391 1259 2294 1314 quanto magis vnus deus potest esse simplex et trinitas: ita quod tres perso
1387 1302 2301 1353 ne non sint partes vnius dei. ⁋ Istud argumentum nihil valeret: si
1386 1345 2294 1400 attributa tantum ratione differrent: cum persone realiter distinguantur.
1385 1392 2295 1448 non enim sequitur quod si cum simplicitate rei stat pluralitas aliquorum
1388 1436 2304 1481 sola ratione distinctorum quod cum eadem stet pluralitas realiter dresentium.
1388 1479 2288 1532 ⁋ hec conclusio ib aliis confirmatur sic 4o de quibuscumque simul idem praedi
1391 1521 2294 1577 catum reale vere affirmatur et negatur: illa ex natura rei aliquo modo di¬
1388 1565 2286 1616 stinguuntur: nec ad hoc sufficit distinctio rationis tantum: alioquin nunquam
1391 1608 2285 1662 per hoc principium: et per consequens nec per aliud posset concludi aliqua esse realiter
1388 1653 2286 1705 distincta. Sed de intellectum et voluntate idem praetrum reale simul vere affir
1391 1695 2289 1742 et negatur. dicimus enim quod pater dicitur meo midoa et intellectum. non dicitur autem volun¬
1399 1739 2294 1786 tate: et voluntate spirat: non autem intellectum. Item intellectus dei intelli¬
1398 1785 2295 1841 git: voluntas non intelligit. voluntas vult. intellectus non vult: et sic
1388 1831 2317 1880 de multis aliis. ⁋ 5o deus intelligit pectam et mala culpe: sed non est
1391 1868 2310 1916 neque vult pectam seu mala culpete. ergo essentia voluntas et intellectus in
1391 1921 2296 1970 deo distinguuntur. ⁋ Confirmatur. quia quandocumque due propositiones sic
1389 1957 2293 2008 se habent: quod vna est vera et reliqua falsa: necesse est aliquem terminum
1392 2002 2286 2047 in vna positum diuersum habere significatum vel modum signifi¬
1394 2043 2295 2095 candi ab aliquo termino in altera posito. hoc patet. quia cum propositio
1382 2091 2289 2136 non significet nisi ratione suorum terminorum: si termini vnius omnino
1391 2132 2307 2183 eadem et eodem modo significent cum terminis alterius: ipse penitus idem
1397 2178 2301 2226 et eodem modo significabunt: et per consequens si vna erit vera et reliqua: et econtra.
1391 2215 2304 2267 Sed he due. deus intelligit mala: deus vult mala. sic se habent: quod
1388 2268 2295 2323 prima est vera. 2a vero falsa. igitur etc. Sed cum vtriusque sint similes ter¬
1392 2314 2305 2361 mini: omnes praeter intelligit et vult: necesse est hos aut diuersa aut
1393 2352 2304 2405 diuerso modo significare: non significant autem diuerso modo: cum vtrumque sit
1389 2397 2297 2439 verbum: et eunde modum habent significandi. ergo diuersa significant. ⁋ he
1388 2429 2288 2491 sunt potiores rationes pro hac opinione: et in quibus virtualiter quisi ce¬
1399 2483 2295 2528 tere continentur. verum quia in diuersis locis iste doc. varie locu
1395 2526 2292 2587 tus est de ista distinctione formali ex natura rei: aliquando nominans eam distinctio
1394 2567 2304 2617 nem virtualem: aliquando distinctionem secundum quid: quandoque autem non identitatem for
1399 2613 2295 2666 malem: et aliquando diceno quod ex parte rei est aliqua pluralitas et. dieo rationum
1391 2656 2298 2708 formalium et quiditatum: quarum vna non est alia. vbi gratia quod formalitas
1391 2699 2301 2747 seu ratio quiditatiua sapientiae existens extra animam in deo non est formalitas
1400 2747 2296 2801 bonitatis: sed sunt distincte ex natura rei. aliquando autem dixit sapientiam non
1391 2787 2295 2843 esse formaliter bonitatem: nec quiditatiue. et hanc. sapientia est bonitas: non
1388 2828 2286 2887 esse formalem et quiditativam in primo modo dicendi per se. Ex quo aliqui sequeces eims
1388 2872 2294 2926 dixerunt non fuisse intentionis huius doc. ponere aliquam multiusem vel
1382 2916 2289 2968 pluralis formalium aut rationum quiditatilam extra animam ex natura rei distin¬
1392 2965 2288 3016 ctarum in deo: sed tantum modo negare vnam de atia praedicari formaliter: vt sic ly
1391 3003 2291 3049 formaliter. potius sit determinaio compositionis in propositioe quam extremorum: et sinca¬
1391 3048 2286 3118 thegoreuma quoddam. Et quod arguentes contra eum in primo sensu procedunt
