2458 3520
173 231 1080 311 quod tamen non connotat nomen intellectionis. Et quia omne quod deo apparet
177 298 1075 359 bonum: est bonum: vtique sequitur. deus diligit malum. ergo malum
173 342 1071 403 est bonum: quia vero nomen intellectionis illud non connotat: non
177 386 1083 447 sequitur. deus intelligit malum. ergo malum est bonum. tota er¬
180 428 1067 494 go causa quare vna illarum est vera et reliqua falsa est diuer
174 476 1087 529 sitas terminorum quantum ad connotata: non autem diuersitas ho¬
166 523 1074 568 rum que significant in deo: seu pro quibus supponunt illa no
159 559 1079 612 mina intellectio dei et volitio dei. Que diuersitas in conno¬
170 608 1077 654 tando si tolleretur: ita quod per nouam institutionem essent nomina
160 653 1085 702 nullatenus connotatiua: aut id ipsum vnum connotaret quod ali
167 689 1089 750 ud et econverso vel vtraque illarum esset vera: vel vtraque falsa: sicut
167 740 1074 786 etiam per nouam institutionem fieret: vt nomen prescientie non conno¬
164 777 1073 829 taret futurum: neque aliquid quod non connotat nomen intellectio¬
163 822 1069 880 nis: nec econuerso aliquid connotaret nomen intellectionis: quod
161 868 1073 919 non etiam connotaret nomen prescientie: tunc sicut hec esset vera.
159 913 1079 959 deus intelligit preterita: ita hec foret vera. deus prescit pre¬
171 951 1080 1012 terita: et sic ad ibidem. ⁋ Ad rationem principalem quaestionis supra
158 994 1085 1047 responsum est. ⁋ Ad confirmationem autem dico: quod non ait Aug. il
164 1036 1083 1098 la esse equalia: sed dicit ipsa non esse inequalia: vt supra patet
161 1079 1076 1138 in auctoritate eius adducta pro conclusione 2a. Sicut ergo idem
161 1126 1086 1183 non est sibi inequale: sic nec ista. Et si alibi diceret huiusmodi esse
157 1175 1074 1228 equalia exponenda est per istud dictum suum: vt intelligatur.
159 1213 1085 1268 quod non sunt inequalia: nec vnum alio perfectius: neque moueat
159 1265 1077 1313 quod pluraliter dico ista et perfectiones attributales et huiusmodi cum
164 1301 1074 1358 secundum veritatem non sint plures: sed vnica perfectio tantum. Exten
154 1343 1085 1396 so enim nomine seu vocabulo vsus sum: sicut et Ansel. cum ait.
164 1389 1071 1446 vt supra allegatum est: cum summa natura nullo modo composita
160 1430 1077 1485 sit: et tamen omnimodo tot illa bona sit: necesse est vt illa
154 1472 1082 1523 omnia non plura: sed vnum sint. Ecce dicit quod est tot illa bo
152 1522 1077 1578 na: et tamen omnia illa non sunt plura: et per consequens non sunt tot. di¬
155 1560 1067 1611 citur ergo illa natura esse omnia illa bona et tot: quia bonum
154 1602 1071 1657 illud est quod significant illa omnia: et tot illa nomina et quodli¬
161 1643 1082 1697 bet illorum: et hunc intellectum ipse premisit in principio capi
161 1692 1070 1740 tuli illius. Sic interrogans. Quid si ergo illa summa natura
162 1731 1077 1780 tot bona est: erit ne composita tam pluribus bonis: an po¬
153 1774 1086 1831 tius non sunt plura bona: sed vnum bonum tam pluribus no
161 1816 1079 1875 minibus significatum: Et hanc 2am partem ipse acceptat pri¬
157 1865 1080 1908 mam reiiciens in verbis proxime allegatis: et idem dicit ma
153 1906 1041 1959 gister in ista distinctione capostolo. hic diligenter notandum est.
324 1946 1082 2004 ⁋ Distinctionis octaue. Questio. I
408 1996 1075 2087 Ecundo circa hanc distinctionem.
652 2036 1080 2089 quero vtrum perfectiones
413 2083 1071 2131 attributales distinguantur. ⁋ Arguo quod non
420 2129 1076 2176 auctoritate Anp. monologion. dicetis: quemadmo¬
406 2166 1068 2217 dum itaque vnum est quicquid essentialiter de
401 2204 1080 2264 summa substantia dicitur ita ipsa vno modo vna
411 2252 1063 2320 consideratione est quicquid est essentialiter. non
155 2284 1003 2353 ergo secundum aliam et aliam rationem est iusticia et sapientia: sed secundum eandem.
135 2339 1079 2430 In oppositum arguitur: quia si non distinguerentur ratione:
501 2382 1074 2434 tunc non possent immediate duo attri
145 2427 1074 2479 buta iungi: aut aliquid immediate iungi nomini dei sine nuga
155 2471 1077 2521 tione. consequens est falsum: nulla enim nugatio est si dicatur. deus for¬
161 2519 1080 2567 tis. deus sapiens: aut aliquid simile. Similiter nec si dicatur iu
149 2556 1073 2606 sta voluntate dei hoc vel illud factum est: et tamen duo attributa
145 2602 913 2695 Nespondeo. immediate iunguntur.
483 2641 1078 2703 rcapremittendo quid nominis aliquorum
169 2688 1076 2736 terminorum sclicet attributi. rationis attribuibilis perfectio¬
176 2734 1070 2779 nis attributalis. ⁋ Attributum voco nomen de deo ea de omnin¬
179 2778 1077 2828 pus personis simul: et de qualibet sigillatim predicabile de¬
163 2815 1074 2879 notans quodlibet de quo dicit esse tale quale vnicuique melius
174 2864 1065 2914 est esse: quam non tale esse iuxta intellectum in precedenti. d. arti:
167 2901 1069 2961 primo. quaestionis in solutione rationis 3o opi. ibi recitate. Per primam
179 2955 1071 2995 particulam excluduntur nomina notionalia de deo dicta.
177 2991 1066 3045 per 2am excluduntur talia. creator premiator summum: et mul
165 3038 1075 3094 ta similia. ⁋ Per rationem attribuibilem intelligo rationem seu con¬
1137 266 2051 327 ceptum anime explicantem quid per attributum significatur¬.
1137 310 2067 379 ⁋ Perfectionem vero attributalem voco entitatem quam signifi
1142 356 2066 406 cat principaliter et pro qua supponit abstractum attributum de
1137 399 2067 460 deo dictum. ⁋ Secundum hoc erunt 4o arti. In primo videbitur de
1148 448 2042 499 quesito. In 2o videbitur vtrum attributa distinguantur ratione
1169 481 2045 542 In 3o vtrum quodlibet attributum predicetur in quod dne deo et de
1143 525 2054 593 alio attributo. In 4o vtrum attributum abstractum et eius
1136 574 1769 625 concretum dicta de deo sint synonima.
1112 617 2066 698 Quantum ad primum premitto vnam distinctionem de di¬
1366 674 2044 726 stingui ratione. Aliqua enim possunt distingui
1134 707 2040 767 ratione: quia ipsa sunt rationes seu conceptus distincti. Et isto modo
1131 750 2050 806 non intelligitur questio: quia perfectio attributalis non est ratio nec
1143 789 2046 850 conceptus anime: sed vna et summa res eternaliter existens. Alio
1138 839 2040 898 modo possunt aliqua dici distingui ratione: quia eorum sunt proprie
1130 883 2045 934 rationes distincte: ita quod ratio vnius non est ratio alterius nec econverso et
1142 920 2045 975 isto modo etiam questio non est dubia. suppositis his quae in praece¬
1136 964 2043 1023 denti quaestione dicta sunt. valet quod non sit aliqua distinctio ex animam
1140 1005 2043 1070 inter perfectiones attributas seu attributales: et quod non sit ni
1140 1051 2049 1104 si vnica et indiuisa aut simplex perfectio omnibus attributis
1134 1093 2046 1159 signata. sic enim non sunt aliqua: quorum vnius ratio non sit ratio alte¬
1134 1141 2046 1194 rius: sed vnicum est: cuius sunt omnes huiusmodi rationes si plures sint. 3o ali¬
1140 1182 2058 1225 quid potest dici distingui ab aliquo ratione: quia eius sunt plures
1137 1223 2045 1287 rationes: et ipsum secundum vnam differt a seipso secundum aliam: sic quod extre¬
1137 1268 2057 1317 ma talis distinctionis non intelligantur esse ipse rationes: nec ali
1140 1313 2051 1364 qua aggregata ex rationibus illis: sed ipsamet res ex praecise di¬
1136 1362 2058 1411 uersis huiusmodi rationibus importata differat a seipsa: quemadmodum
1131 1401 2050 1458 multorum verba doctorum sonare videntur in ista materia et in aliis.
1125 1443 2051 1490 ⁋ Et in hoc sensu intelligo quaestionem. Ad quam respondendo pono con
1140 1486 2054 1536 clusionem negatiuam. et probo generaliter quod impossibile est aliquam
1137 1534 2043 1577 rem sic a se ratione distingui. ⁋ Primo sic. si aliqua res primo distin¬
1130 1572 2052 1626 gueretur ratione a seipsa: aliqua ratio esset eius quae non esset eius: consequens est im¬
1139 1617 2058 1667 possibile. consequentia declaratur: quia omne quo aliquid distinguitur ab ali¬
1137 1668 2043 1713 quo est proprium illi quod distinguitur: et non est commune sibi et illi a quo
1139 1705 2048 1755 distinguitur: hoc est euidens ex se. si ergo aliquid distiguitur ratione: aliqua
1127 1744 2050 1795 ratio erit sibi propria vel eius: qui non erit illius a quo distinguitur: et si
1137 1784 2041 1843 distinguatur a seipso illa ratio erit eius et non erit eius. vnde signata il
1139 1829 2045 1882 la ratione per quam distinguitur a seipso: verum erit dicere. hoc ratio est huius: et
1133 1869 2039 1926 haec etit erit vera: hoc ratio non est huius. eodem penitus demonstrato per subiectum est
1134 1915 2040 1970 praedicatum vtriusque. iste autem sunt contradictorie: et per consequens patet impossibilitas
1125 1964 2044 2016 consequentis. ⁋ 2o sic. quod distinguitur et a quo distinguitur sunt distincta:
1126 2007 2045 2050 et hoc vniversaliter verum est in omnibus: quia omne distinctum a distincto est distin¬
1130 2042 2046 2104 ctum. Si ergo aliqua res distinguatur a seipsa: qualitercumque distinguatur.
1136 2088 2039 2138 ipsa est aliqua distincta: cum ipsa tunc sit quod distinguitur: et a quo
1130 2131 2046 2190 distiguitur. Si autem est aliqua disticta ipsa est aliqua plura: et non praecius
1145 2179 2044 2239 vnum. Alioquin aliqua distincta esent praeciuse vnum: et per consequens non essent di¬
1142 2217 2044 2270 stincta: quia de ratione vnius est esse indiuisum in se. ergo si aliqua res distin¬
1136 2261 2049 2314 guitur ratione a seipsa: ipsa est aliqua plura: sed hoc est impossibile: quia aut esset
1139 2311 2049 2355 plures res aut plura entia rationis: non plures res: cum supponatur esse
1139 2352 2044 2406 vna: et vt tollatur omnis calumnia supponatur quod sit simpliciter. ⁋ Item
1133 2392 2049 2446 qui tunc distingueretur a seipsa re et non rationem tantum: vt supponitur: nec
1146 2440 2045 2487 plcura entia rationis: quia ens reale non est aliquod ens: nec aliqua entia
1137 2483 2042 2535 rationis: nec est per intellectum ens reale transmutari potest in ens ratio¬
1137 2524 2040 2583 nis nec fieri ens rationis. ⁋ Item cum illa sola distinguantur que
1134 2567 2045 2616 sunt plura: et sola entia rationis sint plura per responsionem sola entia ratio¬
1130 2608 2039 2669 nis erunt distincta: et per consequens non res. ⁋ Et si dicatur quod non est
1142 2655 2047 2703 plura entia rationis: nec plures res realiter: sed plures res secundum rationem.
1133 2702 2066 2748 ⁋ Contra: aut intellecter quod est plures res secundum rationem et non realiter: quia
1139 2745 2035 2797 scilicet ante operationem anime non sunt plures res: sed per animam vel
1135 2783 2046 2843 anime operationem fiunt plurens: aut quia non sunt plures: sed iu¬
1133 2829 2046 2880 dicantur esse plures. Primum non potest esse: quia intellectus vnam
1131 2870 2040 2923 rem non potest multiplicare in plures res. Si secundum dicatur: nihil
1146 2915 2040 2967 palet: quoniam si iudicat pluralitatem vbi non est: iudicium falsum
1136 2957 2042 3002 est: et per consequens false ponitur talis distinctio rationis vnius rei a se¬
1133 2999 2031 3060 ipsa. ⁋ Sed forsan dicetur aliter scilicet quod est plura entia rationis: non quid
1130 3044 2043 3119 dem formamliter: sed obiectiue id est non plures rationes: ita quod ipsa res
