2466 3544
389 256 1305 322 sit ratio hec et illa: nec est plures res in esse reali: sed tantum
393 302 1294 368 in esse obiectivo: quia scilicet est obiectum plurium rationum vel conceptionum
400 346 1295 414 Et secundum quod est obiectum vnius est aliud a seipsa: secundum quod est obiectum
398 385 1293 457 alterius. ⁋ Contra: aut intelligis quod est plura obiectiue id est plu
401 435 1299 498 ra obiecta: sic quod obiectum vnius conceptus non est obiectum alterius: aut
391 478 1302 544 est plura obiectiue id est est obiectum plurium conceptuum: non tamen est aliud
388 518 1293 584 obiectum vnius conceptus ab obiecto alterius: sed idem. Si primo mo¬
390 562 1302 629 do: aut ipsa res praecise est obiectum conceptus: et tunc cum res sit
395 608 1308 668 vna tantum: non erunt plura obiecta: aut non ipsa res praecise est obiectum
386 654 1304 718 conceptus: et tunc cum res sit vna tantum: non erunt plura obiecta: aut
384 696 1296 753 non ipsa res praecise est obiectum: sed aliquid aliud factum in ipsa ab
390 737 1298 804 intellectu: quicquid sit illud simul cum ipsa re est obiectum: vel illud ali¬
390 782 1295 848 ud solum est obiectum: et quodcumque horum duorum detur cum solum sit plu
386 828 1300 887 ra in esse obiectivo: per responsionem sequitur quod ipsa res praecise: non di¬
387 866 1302 933 stinguitur a seipsa: sed tantum illa entia facta per intellectum circa rem:
398 913 1295 973 vel aggregata ex illis distinguuntur. Si 2o modo tunc non est aliqua
389 957 1291 1022 pluralitas: nisi in conceptibus vel rationibus: et per consequens ipsi sol
389 1006 1293 1059 distinguuntur et non res a seipsa. ⁋ Praeterea nullis rationibus res ipsa
395 1051 1304 1104 fit non ipsa. ergo nullis rationibus res ipsa fit alia a seipsa. Et vl¬
393 1086 1299 1153 tra. ergo nullis rationibus ipsa res fit distincta a seipsa. cum ergo sine
389 1138 1295 1196 rationibus non sit distincta a seipsa per rationes: est non est distin¬
387 1183 1310 1232 cta per rationes a seipa cum rationibus. Antecedens patet et vtraque et consequentia pro¬
383 1226 1302 1274 bat: quoniam sequitur: hec res est distincta a seipa. ergo est alia a se¬
387 1260 1295 1326 ipsa: et vltra ergo illa non est ipsa. ⁋ Sed dices ad antecedens quod verum
396 1304 1308 1364 est ipsum intelligendo sic. quod nullis rationibus res ipsa fit non ipsa
384 1357 1301 1411 secundum rem: vt sortes non fit per rationem non sortes realiter. Sed quod per
398 1392 1295 1449 rationem res aliqua fiat non ipsa secundum rationem: non est inconueniens. vni¬
390 1444 1301 1491 de vna res secundum vnam rationem est non ipsa secundum aliam rationem. ⁋ Con
386 1478 1296 1536 tra. cum dicis res secundum rationem: aut sumis rem et rationem simul: et hoc tantum
390 1523 1294 1580 dicis non esse ipsam secundum aliam rationem id est aliud totum congregatum ex i
393 1563 1302 1623 la et alia ratione qualitercumque intelligi possit congregatio illa. Et
390 1609 1302 1667 in hoc sensu verum est quod dicitur propter alietatem rationum implicatarum: sed
393 1649 1314 1710 sic non est responsio ad argumentum: nec contra hoc inducitur. Aut sumis rem
386 1706 1298 1758 ipsam praecise secundum se: quae illis rationibus consideratur: et tunc est sensus
394 1741 1298 1803 quod res considerata vna ratione: est non ipsamet considerata alia
392 1784 1298 1844 ratione: qui sensus est falsus ex toto: cum eadem res pluribus conside¬
399 1838 1310 1886 rationibus et rationibus possit concipi: et sic supponit in proposito.
394 1870 1299 1931 ⁋ Praeterea cum dicitur quod vna res distiguitur ratione a seipsa: aut intelligi
395 1917 1301 1975 tur distingui ratione id est a ratione tanquam ab agente distinguente: sicut
399 1967 1302 2014 dicimus quod intellectus distinguit aliqua abinuicem: et hoc modo impos¬
387 1998 1302 2059 sibile est aliquam rem per intellectum vel ab intellectu non solum rea¬
391 2045 1307 2103 liter: sed etiam obiectiue distingui a seipsa: quamuis intellectus rem vnam
398 2088 1315 2151 possit distinguere ab alia: et vnam in seipsa distinguere scilicet
399 2143 1295 2195 vnam eius partem ab alia vt vnam medietatem continui ab alia: et ma
396 2173 1307 2234 teriam a forma: et omnis res quae sic in se vere per intellectum distinguitur:
395 2218 1305 2277 vere in se est composita. nulla tamen per intellectum a seipsam distingui¬
398 2262 1301 2325 tur: siue simplex: siue composita: sic quod ipsa tota sit quod distin
392 2303 1302 2369 guitur: et ipsa tota sit a quo distinguitur: aut intelligitur quod distin¬
389 2348 1304 2412 guitur ratione id est per rationem: tanquam per formale distinctiuum. Et hoc
389 2402 1314 2456 potest intelligi dupliciter. Uno modo tanquam distinctiuum intrinum: sicut vna
390 2437 1311 2498 res per suam formam substectalem distinguitur ab alia: vel per aliquam
395 2481 1310 2535 eius partem intrinsecam: et hoc modo etiam est impossibile rem aliquam secundum se di¬
396 2521 1302 2583 stingui ratione a seipsa. cum ratio non sit intrinseca rei. Alio modo: potest in
401 2572 1311 2627 telligi distingui ratione tanquam distinctiuo extrinseco: sic dici¬
400 2608 1307 2672 mus subiectam distigui ab accidente: vel qualitatem a subiecta. Et hoc eta
402 2655 1297 2715 modo impossibile est rem vnam distingui a seipsa ratione: quia quaecumque distin
404 2705 1298 2761 guuntur sic per extrinseca distinctiua: necesse est distingu¬
396 2750 1301 2798 essentialiter: siue seipsis primo: siue aliquo sui: sic quod non praecise prm
398 2795 1312 2845 illa extrinseca distinguuntur. hoc patet: quoniam si in vna subiecta sint plu
408 2826 1298 2884 res qualitates: vt supra dicebat: non ex hoc ipsa distinguitur quali
398 2872 1305 2932 tate vel qualitatibus a seipsa: quoniam qualitas distinctiua: non est con
399 2916 1307 2977 munis illi quod distiguitu: et illi a quo distinguitur: sed alteri tan¬
401 2956 1311 3014 tum propria: sed vtique vna subiecta distinguitur per suam qualitatem ab
408 2998 1299 3055 alia subiecta quadam: et hec quae distinguitur est essentialiter alia sub¬
399 3056 1307 3122 stantia ab ea a qua distinguitur. Si ergo res aliqua distinguatur
1358 244 2268 304 ratione ab aliqua re hoc modo: necesse est sic distincta ratione esse
1365 298 2275 353 nter se distinctas res: et per consequens impossibile est vnam rem a seipa
1354 336 2277 392 ratione distingui. ⁋ Ex his vt videtur sufficienter patet: quod nulla
1361 380 2264 438 vna res extra animam ratione distiguitur a seipsa: et quod perfectio at
1359 427 2270 483 tributalis non distinguitur a perfectione attributali ratione: cum
1365 466 2277 536 perfectio attributalis sit vna res ex animam: et non ratio nec rationem
1359 518 2267 574 includens: et non sunt plures aliqua entitates ex animam: quae sunt
1355 554 2267 620 perfectiones attributales: vt patet ex praecedenti. q. Quelibet etiam
1359 599 2268 660 rationum adductarum ad probandum generaliter nullam rem distingui
1362 642 2258 702 ratione a seipsa potest per speciales terminos ad hoc probandum de
1356 690 2285 752 perfectione attributali specialiter fieri. ⁋ 5o sic. nulla res distin
1359 729 2267 797 guitur a seipsa modo aliquo propter causationem: quarumcumque rerum in
1355 776 2270 833 ipsa vel circa ipsam. ergo nulla res distinguitu modo aliquo a se:
1355 826 2265 881 propter quascumque conceptiones vel rationes per intellectum forma
1353 871 2274 920 tas de ipsa. consequentia tbet per locum a maiori. magis enim videretur quod
1358 906 2271 961 res diuerse facte in aliqua vna re: et diuerse actiones rea¬
1356 948 2268 1005 les deberent rem facere illam modo aliquo differre a se: quam conside¬
1353 991 2276 1047 rationes anime. tum quia tales res facte in illa: sunt subiectiue in
1360 1047 2271 1092 illa: rationes autem non sunt in illa re subiectiue: sed in anima: tum quia rea¬
1358 1081 2274 1135 lis actio magis est apta et transmutare et diuidere rem quam consi
1355 1132 2274 1185 deratio nostra: vnde propter nostrm affirmare vel negare res non
1361 1167 2267 1223 mutatur: antecedens patet: quia si sit aliqua subiecta habens in se duas qualitates di¬
1358 1213 2268 1271 stinctas: quamuis ille qualitates distinguantur abinuicem et aggre
1368 1264 2267 1316 gata similiter: ipsa tamen secundum se precia a qualitatibus non distinguitur a se:
1356 1296 2277 1352 qui nec realiter cum sit vna res numero indiuisa quae est vtriusque
1359 1343 2277 1396 subiectum: nec rationem tantum: tum quia ille qualitates non sunt rationes sed res:
1359 1399 2277 1445 et per consequens distingui per illas non est distingui per rationes.
1368 1435 2279 1491 Insuper quia sicut nihil per rationem distinguitur ab aliqua realiter: sic
1356 1472 2270 1526 nihil per rem distiguitur ab aliqua ratione: tum quia distinctio rationis non
1355 1521 2269 1577 est praeter operationem anime: sed tales qualitates sunt in illa subiecta pre¬
1356 1564 2276 1616 ter operationem anime: esto quod nunquam consideretur. ergo per illas ipsa non
1359 1605 2265 1661 distinguitur ratione: et per consequens nullo modo: ⁋ Item quia esto quod vna res
1371 1642 2282 1701 videat pluribus visionibus: licet visiones ille abinuicem sint di
1367 1694 2270 1753 stincte: ipsa tamen non distinguitur visione a seipa: ita est dato quod
1362 1739 2272 1789 vna res concipiatur pluribus rationibus ipsa non distinguitur ratione a
1362 1785 2291 1837 seipsa. Sed ille rationes tantum mutuo distinguuntur. ⁋ Praeterea nullum est
1362 1822 2283 1879 ens rationis distinguitur re vel secundum rem: vel per rem a seipso. ergo nulla
1364 1866 2277 1919 res distinguitur ente rationis vel ratione seu per rationem a seipsa. consequentia
1365 1911 2264 1962 satis est apparens: quoniam non minus res est ipsa: quam ens rationis est
1360 1955 2274 2014 ipsum. nec illud sibi est magis idem quam illa sibi: et sicut esse idem vel di¬
1365 2004 2268 2050 uersum re: est proprium rei et entis realis: sic esse idem vel diuer
1358 2045 2267 2099 sum ratione proprium est entis rationis: quare sicut se habet disting. re ad ens
1362 2085 2292 2137 rationis: sic disting. ratione ad rem et ens reale. ⁋ Cotra ista aut
1358 2130 2292 2192 potest dubitari: primo quidem ex intentione philosophi 4o meta. qui dicit: quod ens
1364 2176 2273 2229 et vnum sunt idem et vna nam: sed non vt vna ratione ostensa: vbi vult
1374 2214 2292 2275 quod sunt vnum re: sed non ratione: sed diuersa. ⁋ Item. dicens ibidem de causa
1377 2263 2292 2314 et principio idemque de igne et elemnto in 10 vt. s. inductum est. ⁋ 2o
1366 2303 2268 2353 P. 3o phy. vult expresse quod idem actus numero secundum rem sed distinctus
1364 2347 2294 2400 secundum rationem est actio et passio: et per consequens eadem res a seipsa distin
1372 2390 2277 2449 guitur ratione. vnde ait. quod agere et pati idem est: non tamen tamquam rationem
1368 2441 2274 2491 esse vnam: quod quid erat esse dicentem. Et satis cito post declarans
1362 2479 2294 2534 quod non vna ratione idem. ait. quod enim huius: vt in hoc et quod huius ab hoc
1370 2528 2278 2573 actum esse: ratione alterum est: agere ergo et pati idem actus est secundum rem:
1373 2566 2295 2624 sed alter et diuersum secundum rationem. ⁋ Item Commentatoris. 12. meta. dicens quod in
1374 2612 2277 2665 his quae sunt forma non in materia: dispositio et dispositum reducumn¬
1361 2655 2283 2706 tur ad vnum in esse: et duo in consideratione sunt. ergo vna res est
1362 2705 2288 2749 duo distincta ratione vel consideratione. ⁋ Item subdit. in¬
1365 2747 2283 2796 tellectus enim natus est diuidere adunata in esse: in ea ex quo¬
1361 2782 2277 2835 bus componuntur aliqua. ergo sunt vnum in re: et tamen intellectus
1373 2829 2277 2880 diuidit illa: et constat quod non diuisione reali. ergo rationis.
1373 2872 2283 2923 ⁋ Item iuxta finem commenti. dicens quod est magna differentia inter¬
1365 2917 2274 2968 ea quae differunt in intellectum et in esse: que differunt in intellectum tan¬
1368 2961 2283 3011 tum. vbi innuit quod aliqua et re et ratione dstunt: et quaedam ratione tantum: et ta
1368 3004 2286 3057 lia necessario sunt vna res que tantum ratione drtnt: et talem
1369 3043 2281 3116 differentiam et multitudine scilicet secundum rationem tantum dicens in deo esse. vnde ait.
