2457 3545
395 261 1286 335 nes 4m elementorum. Ita quod ex hoc diuersantur forme gene
404 325 1289 373 rabilium. hoc ipse. ⁋ Ad aliam auctoritatem dicendum quod verum
396 363 1289 416 est quod quodlibet predicamentum habet talia propria principim: non tamen
395 404 1283 462 illa sunt proprie res illius generis: licet sint propria principiom illius
394 447 1299 511 generis. aliquid enim est vnius graesenis: et tamen est materia et principium ma
402 494 1286 548 teriale proprium alterius graeseris. sicut aliquid quod est vnius ge
402 535 1293 592 neris est mouens proprium alterius generis. nec oportet in quo
394 578 1287 639 libet graedene dare proprium mouens illius: quod sit res illius gaeseris
390 621 1296 677 et tamen sicut. P. dicit oportet dare in quolibet griene ista tria principia
404 672 1299 728 propria. si forma priuatio et subiectum siue materia: ita immediate
393 711 1290 765 dicit quod oportet dare proprium mouens. Et exemplificat statim. vnde
399 751 1299 807 mouens in graerie sanitatis est medicina vt dicit. Et in men
393 791 1290 854 te artificis in factione domus ars edificatiua: et tamen non in
386 843 1286 890 quolibet graesere proprium mouens est res illius griesernis. verbi gratia
386 882 1299 939 in grieserie quantitatis: cum quantitas non sit forma actiua secundum Commmen
398 927 1289 981 tatorem: et sic in multis aliis: et similiter est de principio materiali
405 973 1292 1029 Nam esse propriam materiam alicuius griesenis non est allud quam esse materiam
395 1014 1302 1079 propinquam ad formam illius gresernis sicut esse mouens proprium
387 1058 1284 1105 alicuius generis non est aliud quam esse mouens aptum na
396 1099 1293 1155 tum determinate inducere formam illius generis. ⁋ Cum
405 1146 1302 1201 hoc autem stat quod talis materia sit res alterius graesenis et similiter mo¬
395 1186 1290 1243 uens. et quod non aliud intendat. P. aut Commen. patet: quia statim
399 1235 1296 1289 exemplificans de huiusmodi principiis subdit. verbi gratia. quod prin
390 1275 1299 1333 cipia colorum secundum formam et priuationem sunt album et nigrum: secundum
392 1319 1295 1374 autem materiam recipientem est superficies quae est in potentia ad
401 1361 1296 1415 omnes colores. Certum est autem quod superficies quam dicit esse ma¬
399 1414 1295 1458 teriam coloris alterius generis est a graesenie coloris. Et sequi¬
398 1445 1299 1502 tur immediate. et principim noctis et diei secundum formam et priuationem
401 1493 1295 1546 sunt lux et obscuritas: et secundum materiam recipientem est aer qui est
399 1535 1298 1598 potentia luinosus. Patet autem quod aer est subiecta quaedam. dicitur tamen materia
400 1575 1301 1641 propria lucis: quia est dispositus dispositione propinqua ad lucem:
391 1627 1296 1677 nec aliud voluit ibi. P. et Commen. nisi quod gniesenatio cuiuslibet
398 1664 1296 1722 forme sit determinata in propria materia et a determinato et pro¬
404 1707 1299 1769 prio agente: et non in qualibet siue qualitercumque disposita ma:
398 1753 1300 1803 nec a quolibet fit quodlibet: sed determinatum a determina
405 1796 1305 1845 to. ⁋ Auctoritas quoque Auic. non est ad propositum secundum
402 1841 1304 1889 intentionem in qua loquitur. vult enim Auic. quod in quolibet
409 1878 1304 1932 praedicamento sit exitus ad actum ex sua potentia. id est secundum quodli¬
398 1925 1289 1978 bet praedicamentuo aliquid est in actu quod prius fuit in potentia
413 1969 1298 2031 ⁋ Ad primam rationem cum dicitur quod omne diffinibile est compositum.
410 2011 1304 2066 dicendum quod illa maior non est vera vniversaliter de qualibet diffinitio¬
408 2054 1305 2110 ne diffinibilis: sed de diffinibili diffinitione simpliciter et pro¬
410 2104 1302 2151 prie dicta concedi potest. quod in hoc sensu lonlusm P. et Commen. et
411 2148 1307 2191 in eo sensu minor sumpta falsa est: vt patet. 7. meta. Nam vt
410 2183 1298 2238 ibi habetur accidentia diffiniuntur tantum per additamenta: et
391 2237 1296 2292 non diffinitione simpliciter et proprie dicta. Et ad probationem dicitur quod
405 2269 1302 2322 non quaelibet differentia sufficit cum gnaedernie ad diffinitionem proprie di¬
398 2318 1307 2371 ctam. Sed requiritur differentia essentialis exprimens determi
404 2361 1298 2410 natam partem esentialem rei: et conuertibilis cum diffinito. talem
412 2403 1295 2458 autem differentiam accidentia non habent: vt patet. ⁋ Ad illud autem quod contr
405 2449 1299 2496 hoc additur scilicet quod ideo diffiniuntur per extrinseca solum quoniam depen¬
419 2490 1302 2543 dent a subiecto. Duendm quod hoc est falsum: quoniam si propter de¬
407 2530 1301 2588 pendentiam ab extrinseco: ideo per extrinsecum diffiniuntur:
404 2577 1295 2628 sequitur quod etiam subiecta composita diffiniretur per extrinsecum: cum quaelibe
416 2624 1304 2672 plus dependeat a deo in esse quam aliquod accidens a subiecto.
410 2663 1289 2722 ⁋ Ad aliud quod ad idem inducitur scilicet quod hoc est: quoniam eorum differen
405 2703 1292 2756 essentiales sunt ignote a nobis. dicendum quod hoc non est ve
398 2756 1298 2800 rum: quia multarum subiectarum compositarum differntie sunt nobis ignote:
405 2799 1296 2846 et tamen conceditur quod quelibet species subiecte composite est diffinibilis:
408 2835 1304 2885 non ergo hoc est in comperatione ad nos: sed ex natura sui fit quod est
411 2885 1298 2934 diffinibilis: et ex natura accidentis quod tali diffinitione diffiniri¬
411 2921 1295 2975 non possit. cum huiusmodi differentiam non possit habere. ⁋ Preterea si
414 2971 1304 3024 accidentia haberent tales differentias non magis essent
409 3011 1290 3064 nobis ignote quam differentie subiectarum: cum per accidentia de
401 3055 1289 3122 ueniamus in noticiam subiecte. et per consequens non pius diceret. P
1354 251 2237 317 accidentia non diffiniri diffinitione proprie dicta vel sim
1355 300 2240 362 pliciter: sed tantum per additamenta: quod hoc dicat de substan¬
1353 354 2234 411 tiis compositis. ⁋ Ad 2am rationem dicendum quod forme acciden
1353 397 2247 453 tales sut simplices. Et cum probatur quod non: quoniam omnis mutatio
1360 437 2246 494 per se vna etc. dicendum quod terminus mutationis potest acci
1348 476 2253 540 pi dupliciter. vno modo pro termino formali ad quem transmu¬
1347 525 2242 581 tatur subiectum: sicut dicimus quod subiectum quando dealbatur
1349 566 2250 621 mutatur ad albedinem: et materia ad formam substantialem in
1346 608 2249 675 generatione substantiali. Alio modo: potest accipi: quamuis minus proprie
1346 653 2240 716 pro composito ex subiecto et termino formali: sicut compositum
1343 696 2243 753 substantiale potest dici terminus transmutationis sub¬
1348 738 2248 800 stantialis. tunc dicendum quod sic sumendo in primo sensu termi
1340 784 2247 839 num maior est vera. in 2o vero sensu falsa est: quia nullius mu¬
1349 828 2249 883 tationis nisi substantialis terminus sic sumptus est quod
1356 880 2262 926 vnum per se. ⁋ Ad aliam probationem neganda et consequentia alioquin
1346 921 2246 970 se quod materia esset simpliciter perfectior quam substantia composita
1353 961 2247 1019 quod est falsum. ⁋ Ad 3m dicendum quod susceptiuum talis motus est
1349 1002 2250 1059 materia de genere substantie: vt in 2o patebit in. q. de dimensio
1344 1056 2272 1101 nibus. Et cum additur quod potentia receptiua rei est de genere
1347 1089 2255 1144 illius rei secundum Commentatorem. Dicendum quod Commen. non dicit quod
1352 1138 2249 1197 potentia receptiua rei sicut materia quae recipit formam: sit de gaesenie
1346 1175 2265 1240 illius forme quam recipit: ad quem intellectum sumitur nunc au
1352 1221 2250 1274 ctoritas eius. Sed ait sic: receptio est potentia ad rem
1358 1262 2259 1318 et iam diximus quod potentia ad aliquam rem est de genere il¬
1356 1306 2265 1360 lius rei. accipit ergo potentiam secundum quod ibi praemisit: quod potentia.
1356 1356 2253 1410 ad rem est de genere illius rei. Sed tunc non accipit po¬
1356 1394 2249 1447 tentiam pro potentia et principio materiali passiuo et receptiuo. Sed
1353 1440 2256 1493 sicut distinguimus aliquam vnam rem secundum esse in actu et in po¬
1353 1489 2259 1538 tentia. vbi gratia. calor in potentia et calor in actu. Sicut autem di¬
1358 1525 2256 1585 cimus quod calor in actu est de genere qualitatis: sic aliquo
1350 1576 2253 1626 dicit Commen. posse dici quod calor in potentia est de genere
1359 1613 2265 1676 qualitatis. Et ex hoc concludit quod multo magis id quod est medium
1353 1657 2265 1710 inter hanc potentiam et actum: et quasi via de potentia ad actum.
1352 1700 2256 1761 verbi gratia. calor qui est partim in actum et partim in potentia est de
1353 1753 2255 1802 gnieseone illius rei: ac per hoc motus: qui hocmo potest dici via media in
1353 1793 2262 1843 ter potentiam et actum inter potentiam puram et actum completum est de graesenie
1352 1831 2261 1880 actus completi: et hoc vult dicere quando ait ibide sic. Et videtur
1359 1880 2262 1932 quod si potentia ad vnumquodque praedicamentum est in illo genere praedi¬
1352 1923 2262 1970 camenti quod est in actu: et similiter via de potentia ad actum
1347 1971 2263 2014 scilicet sn potentia ad subiectam quoquaemo est in praedicamento substan¬
1361 2003 2265 2057 tie: et similiter via ad generationem subiecte: et similiter potentia ad
1355 2048 2258 2104 quantum et ad alia praedicamenta visum est quod illud esse quod
1361 2092 2265 2143 est inter potentiam et actum in illo genere fit sub illo genere:
1356 2134 2267 2191 quoniam omne esse medium inter potentiam et actum: que sunt in illo ge
1349 2184 2266 2236 nere: necessario est de genere actus qui est copletus. Sed dictent
1355 2223 2258 2278 secundum magis et minus. ire enim ad calorem est calor quoquo modo
1361 2265 2261 2321 et similiter ire ad frigus. Et secundum hunc modum verum est dicere quod
1362 2311 2271 2358 motus est in genere in quo est illud ad quod est motus. hec
1353 2358 2259 2404 Commen. In quibus verbis patet quod ipse sumit potentiam et me¬
1366 2395 2286 2451 dium inter potentiam et actum modo qui dictus est: et poten¬
1362 2440 2286 2493 tiam sic sumptam vocat Commen. receptionem. ⁋ Alii sut qui
1362 2493 2249 2538 concordant cum opinione praemissa in hoc quod quielibet res existens per se in gienes
1362 2532 2267 2585 est composita aliquo modo ex natura rei. Sed discordant immodo ponendi.
1358 2571 2262 2624 vnde dicunt quod in aliquibus creaturis genus et differentia accipitur ab
1353 2616 2267 2667 alia et alia re: sicut ponendo plures formas in homine: animal acci¬
1365 2658 2270 2711 pitur a sensitiua: et rationale ab intellectiua. et tunc illa res a qua
1358 2707 2269 2749 accipitur genus vere est potentialis et perfectibilis ab illa re
1362 2746 2268 2793 a qua accipitur differentia aliquando vero quando ibi non sunt plures res: sicut
1367 2788 2274 2839 in accidentibus saltem in vna re est aliqua propria realitas a qua
1352 2832 2249 2880 sumitur genus: et alia realitas a qua sumitur differentia: respectu co
1364 2876 2255 2931 alia est potentialis et perfectibilis per eam. Quia autem in
1359 2923 2262 2975 qualibet re sint due tales res vel realitates a quibus suman¬
1361 2970 2247 3018 tur genus et differentia. ipsi probant auctoritate Arguit dicentis. 5tdi
1349 3009 2254 3065 meta. oportet rationem. id est diffinitionem esse orationem longam quae signifi¬
1358 3055 2260 3116 cat aliquod one aliquo: ita quod oportet illud esse materiam: illud vero formam.
