2446 3517
177 246 1092 307 si sit etiam causa: non tamen in eodem genere cause: et tunc dicetur
197 299 1094 352 illud esse prius causalitate in illo genere in quo illud cuius est causa: non
200 346 1098 396 est econverso causa eius. Exemplum primi. deus est prior causalitate quam creatura: et
194 385 1100 441 materia quam compositum cuius est pars. exemplum secundi. in his quae sunt sibi inui¬
195 432 1095 480 cem cause. hic est ille modus prioritatis quem. P. in praedicamentis
207 477 1101 534 post. 4. magis vsitatos ponit. 5o loco: quod autem ipse assignans
201 520 1103 569 hunc modum dixit: eorum quae conuertuntur secundum essentie consequentia quod alte¬
189 562 1110 619 ri quolibet est causa digne prius natura dicitur omnino est intelligendum:
195 603 1095 653 quasi hic modus prioritatis concludat in sua ratione similitudinem
195 648 1098 704 oppositam prioritati nature immediate dicte: sed hoc dixit ad innuen¬
197 695 1092 745 dum quod aliquid potest sic esse prius alio seced causam quod non erit prius eo secundu
203 738 1100 788 naturam. ⁋ Et si hoc accipiatur quantum ad terminos secundum quod inter eos
193 776 1092 829 simultas et prioritas inuenitur facile est videre: sicut patet in quibus¬
188 826 1092 874 dam terminis relatiuis: de quorum vno non potest verificari exi¬
192 865 1086 914 stere quin tunc simul de altero est possit verificari. Et ad affirma
192 908 1085 963 tionem vnius de aliquo: sequitur causaliter affirmatio reliqui de ali¬
195 951 1100 1007 quo. Et non sequitur causaliter econverso. Similiter inter res ipsas inuenitur
194 999 1099 1049 poritas causalitatis sine prioritate nature: sicut forma substantialis cor¬
190 1043 1092 1092 ruptibilis est prior causalitate quam compositum cuius est pars. Nam est causa
192 1084 1098 1134 eius et non econverso non tamen est prior natura accipiendo prius na: secundo modo su¬
182 1128 1091 1181 pra dicto: quia non potest naturaliter existere: si non existat compositum.
197 1169 1100 1220 ⁋ Si aut accipiatur prius natura primo modo: sic quaelibet causa efficiens crea¬
195 1217 1092 1265 ta est prior suo effectum causalitate ea non natura. Non quidem: quia possit esse
199 1254 1089 1311 sine illo a non econverso sed quia est ille sine ea per dei virtutem potest existe.
180 1298 1095 1347 re. hunc modum prioritatis vocat. P. prius secundum naturam in praedica¬
180 1347 1095 1391 mentis: cum tamen quem dicit ibidem prius a quo non conuertitur subsistem
192 1387 1092 1441 di consequentia vocet 5o meta. prius secundum naturam. Sed vbi non latet sententia non
189 1434 1104 1476 est curandum de nomine. ⁋ Nonium aut quod vna res est aliquando prior alia
186 1475 1091 1527 pluribus modis prioritatis: sicut deus est qualibet prior homine existente omnibus
182 1525 1104 1576 modis prioritatis dictis: et anima homnis est eo prior naura et causalitate.
186 1561 1094 1618 Similiter aliqua res sunt se inuicem priores diuersis modis: sicut homo
189 1602 1095 1655 prior est perfectione quam anima eius. Et illa prior est eo natura et causalitate:
184 1654 1103 1704 vt est dictum: possunt etiam aliqua res esse se inuicem priores causalitate secundum
178 1694 1101 1737 diuersos modos causalitatis: sicut possunt esse sibi inuicem cause: vt
195 1736 1099 1783 patet 2o phy. ⁋ Item notandum quod hoc nomen causa potest dupliciter accipi
183 1779 1100 1829 etiam secundum quod distiguitur a causis finali formali et materiali. vno enim
182 1823 1092 1878 modo potest sumi generaliter vt dicitur de omni producente respectum sui producti:
185 1866 1092 1918 et agente respectum acti: et mouente res moti. et sic nomen cause
186 1908 1089 1954 admittitur in divinis ad intra: cum pliter vere producat filium et ambo
189 1954 1092 2012 spiectum sanctum. vnde Augu. 83 q. dicit quod deus sue sempiterne
174 1996 1088 2042 sapientie causa est sempiterna: nec tempore prior est quam sua sapientia. ⁋ Item
186 2044 1092 2093 criso. super epsluara ad hebi. exponens de filio dei illud quod ait apostolus
180 2084 1097 2130 de melchisedech. neque initium dierum habens etc. intueris inquit
177 2127 1085 2179 sine initio filium: non quia non habet causam: hoc enim impossibile est. habet namque
195 2170 1096 2212 prrem: alioquin quo filius: sed quia non habet initium vite neque finem.
188 2213 1088 2262 Sic est damen. lib. primo dicit patrem esse causam filii: vt infra statim di¬
180 2256 1097 2312 cetur. Alio modo sumitur hoc nomen causa strictius prou scilicet tantum dicitur de
180 2308 1095 2349 eo quod proprie facit et producit aliquid a se essentia et natura diuersum
187 2345 1092 2396 nuo: et istud communi nomine vocatur causa efficiens: et sic non admittitur
177 2386 1101 2431 in divinis ad intra. secundum hanc considerationem loquitur Ansel. de pro¬
182 2430 1085 2486 cessu spiritus sancti. vbi cum dixisset quod spitus scus est de patre et fi¬
179 2473 1089 2529 lio tamquam de vno principio mox addit: si tamen dicitur deus habere principium
189 2517 1092 2566 aut causam: principium namque videtur non nisi rei incipientis esse: et causa non est nisi
191 2562 1085 2615 effcuns: et spitus secunus numquam incepit esse: nec est effcuns alicuius: quod
188 2605 1095 2652 enim incipit esse proficiscitur de non esse ad esse: et nomen effcuns rei que
195 2646 1088 2700 fit: aptari proprie videtur: secundum hanc considerationem loquitur Aug. 83.
198 2694 1086 2744 q. vbi ait. quod omnis causa est efficiens: et hinc hodie doctores communius
203 2735 1091 2788 non vtuntur hoc nomine causa in diuinis ad intra: vbi tamen habeatur bo¬
193 2778 1085 2833 nus intellectus sane et vere dicitur pater causa filii: sic dicunt Aug.
197 2820 1101 2867 et Damen. ac Criso. sicut communius conceditur quod pater est principium filii et
208 2862 1094 2910 vterque spiritus sancti. quamuis patedt intellectum notatum ab Ansel. il¬
162 2908 1047 2997 ⁋his premissis. clud concedi non deberet
581 2951 1090 3003 pono duas conclusiones ad q. Prima
180 2996 1095 3043 est. quod pater non est prior filio eternitate nec tempore aut perfectione
177 3041 1091 3110 vel na. 2a quod pater est prior filio causalitate: si secundum intellectum pre¬
1151 261 2064 320 missum intelligamus patrem esse causam filii et causare filium: aut si hoc
1155 310 2048 358 vocabulo vti nolumus: dico quod est prior productibilitate: aut
1151 354 2054 397 vt aliqui dicunt origine: sicut concedimus quod producit et originat fi¬
1152 397 2066 460 lium. ⁋ Probo primam conclusionem sic. pater et filius sunt vnus et idem nuoa
1148 439 2037 488 simplex deus: igitur pater non est prior filio eternitate vel tem¬
1155 483 2043 534 pore etc. Antecedens est notum per fidem et sacram scripturam. Et consequentia eui¬
1154 523 2043 575 dens est quantum ad singulas partes consequentis: consideratis rationibus ta¬
1153 569 2066 620 lium modorum prioritatis. Ex his infero quod falsa est opinio cuiusdam
1159 617 2066 673 doctoris dicentis quod in diuinis est duplex ordo scilicet nature et origi¬
1153 656 2054 707 nis: et in vno instanti naturae assignat plura instantia originis: vt post
1149 703 2051 750 dicetur. dicit autem quod in primo instanti naturae sunt omnia essentialia abso¬
1152 744 2039 792 luta et notionalia et tota trinitas perfecta. In secundo vero instam
1152 790 2054 842 ti naturae est intellectio creaturarum: ita quod secundum ipsum in primo instanti nature
1151 837 2043 891 deus intelligit se: et in secundo intelligit creaturas: et per consequens intelle¬
1151 878 2055 927 ctio creaturarum est natura posterior intellectione qua ipse intelligit
1152 918 2055 980 se. hoc autem falsum esse patet euidenter: quoniam eadem penitus ex
1152 964 2046 1017 parte rei est intellectio qua deus intelligit se: et intellectio quod
1151 1009 2051 1063 intelligit creaturas: et per consequens non potest esse intellectio qua
1161 1049 2045 1102 deus intelligit se: non existente intellectione qua intelligit crea¬
1158 1091 2055 1152 turas: nec econverso ac per hoc non est prior nam. ⁋ Praeterea quorumcumque
1158 1138 2048 1188 vnum est alio prius illa sunt plura et distincta: sed intellectio qua
1157 1179 2045 1226 deus intelligit se: et intellectio qua intelligit creaturas non sunt
1156 1225 2055 1266 distincte: ergo etc. ⁋ Confirmatur per eunde. vult enim quod differentia.
1149 1265 2058 1325 rationis non est sufficiens pro ordine naturae: vt dicit lib primo dis 10 ergo
1151 1309 2055 1358 inter quaecumque est ordo naturae: illa sunt distincta ex natura rei:
1148 1349 2054 1408 sed intellectio qua deus intelligit se: et intellectio qua intelligit
1157 1398 2054 1452 creaturas non sunt distincte ex natura rei. ergo etc. ⁋ Et si dicat quod
1156 1439 2046 1486 non est intentio huius doctoris quod illa intellectio sit naturam prior:
1149 1483 2050 1534 quam intellectio creaturarum: sed quod eadem ipsa intellectione prius natura
1158 1527 2045 1579 deus intelligit se quam intelligat creaturas. ⁋ Istud etiam falsum
1158 1572 2049 1620 est: quoniam ex hoc sequeretur quod deus posset vel potuisset intellige¬
1150 1614 2058 1657 re se: non intelligendo creaturas. patet consequentia per rationem prioritatis
1158 1656 2048 1706 nature premissam: quam etiam ipsimet alibi ponunt: sed consequens est
1163 1696 2046 1752 falsum: quia si deus potuisset aut posset non intelligere crea¬
1152 1738 2048 1788 turam: posset vel potuisset non esse deus: quod est falsum: est
1161 1788 2052 1838 consequentia hec patet: quia quanta necessitate deus est et fuit deus: tan¬
1149 1825 2065 1880 ta necessitate semper cognouit et cognoscit omnes res qua
1152 1874 2048 1921 sunt et fuerunt et sunt possibiles esse: et eadem necessitate qua
1160 1912 2046 1966 ipse deus est potuit creaturas producere. ac per hoc crea¬
1146 1957 2048 2005 ture necessario fuerunt possibiles. vnde sicut deus non potuit nec potest non esse
1149 2002 2057 2047 deus: aut non posse producere creaturas: sic non potest vel potuit
1155 2044 2048 2096 non eas nosse: necessario enim et incommutabiliter nouit quamli¬
1158 2088 2047 2132 bet creaturam: sicut dicit Augu. de fi. ad petrus inquiens. Fir¬
1158 2132 2048 2181 missime tene et nullatenus dubites deo incommutabiliter non
1150 2172 2042 2222 solum praesentia et praeterita: sed est futura omnia incommutabiliter esse no
1150 2214 2058 2273 tissima: cui diciter deus. qui occultorum es cognitor: qui scis omnia antequam
1155 2259 2043 2307 fiant. ⁋ 2am conclusionem probo sic. deus paiter vere producit et generat filium et no
1152 2305 2049 2358 econverso ergo pater est prior filio causalitate seu productibilitate vel origi
1151 2348 2046 2396 ne. Antecedens est certum ex fide. Et consequentia patet: quia hoc est patrem esse prius
1142 2391 2052 2441 causalitate seu origine filio: quod est patrem esse causam vel principium produ¬
1159 2442 2055 2490 ctiuum filii et non econverso vt supra patet. ⁋ hec conclusio et praecedens partialiter
1146 2477 2032 2521 asseritur a Daunien. lib. primo. vbi ait. Si vero dicimus patrem esse principi
1151 2520 2039 2568 filii: et mapdilem non priorem filio esse tempore vel natura ostedimus: per ipsum
1147 2567 2057 2617 enim secula fecit: neque enim sed aliud quidem nisi secundum causam hoc est: quoniam fi¬
1157 2608 2046 2662 ius ex patre genitus est: et non pater ex filio: et quoniam pater est causa filium natura¬
1143 2653 2051 2700 liter. ⁋ huic concordat dictum Augu. dicens lib. 3. contra max. quod inter
1155 2696 2051 2749 patrem genitorem et filium genitum est ordo naturae: non quo alter est
1148 2740 2045 2791 prior altero: sed quo est alter ab altero: vbi patet quod negat patrem
1151 2783 2033 2833 esse natura priorem filio. affirmat autem sict Danmen quod naturaliter est fili
1150 2821 2046 2881 a patre: sed numquid paiter si prior est origine filio potest vere dici quod patur
1156 2870 2035 2912 sit in aliquo priori originis: aut in aliquo instanti originis in quo
1149 2911 2049 2968 non sit filius: aut aliquid in diuinis ad intra potest dici esse in aliquo
1148 2956 2043 3006 priori vel primo instanti aut signo et filius esse in secundo vel tertio
1149 2997 2066 3054 instanti seu signo posteriori et non esse in primo: ⁋ Ad hoc dicit
1149 3042 2048 3102 idem doctor quod sic. vnde sicut potest haberi ex dictis eius in
