2446 3531
167 247 1073 312 sunt compossibiles eidem principio productiuo respectu eius
171 308 1079 363 dem productionis. ⁋ Prima conclusio porobatur: quia voluntas diui¬
177 351 1073 400 na necessario est principium volendi diuinam essentiam. ergo in
179 395 1082 446 supposito conueniente productioni: sicut est pater et filius necessario est
186 432 1082 490 principium producendi amorem adequatum sibi et essentie intel¬
180 483 1086 526 ligendo adequationem: sicut in primo articulo expositum est. talis
180 527 1082 577 autem amor productus spiritus sanctus est. Antecedens probatur per hoc: quoniam
183 574 1083 624 voluntas diuina necessario est in actu secundo et recto: et respe¬
180 612 1095 665 ctu prmi obiecti: hoc autem est essentia diuina. ⁋ 2a conclusio probatur sic:
185 655 1082 707 voluntas diuina est principium libere volendi essentiam diuinam.
170 701 1098 754 ergo est principium libere producendi amorem adequatum etc. et per
171 740 1092 787 consequens spectum sanctum. Antecedens probatur: quoniam omnis potentia operatiua circa
180 788 1071 835 vnum in ordine ad aliud est operatiua circa vtrumque: sicut pos
181 830 1098 877 cognitiua conclusionis propter principium: est et cognitiua principii: sicut ar¬
182 871 1092 920 guit etam P. 2o de anima. de sensu communi: et eadem ratione potentia opera¬
186 911 1091 969 tiua eius quod est ad finem propter ipsum finem: etiam est operatiua circa
183 954 1083 1000 finem: sed voluntas diuina est operatiua et volitiua eorum que sunt
172 998 1083 1054 ad finem id est creaturarum propter finem: qui finis est essentia diuina. ergo
171 1042 1085 1091 est etiam operatiua circa essentiam. Cum ergo circa ea que sunt ad
171 1080 1088 1128 finem sit operatiua libere et non naturaliter. ergo etiam libere et non na
171 1130 1092 1183 turaliter erit operatiua circa diuinam essentiam: et per consequens libe¬
174 1172 1088 1226 re vult illam: et consequentia patet: quoniam impossibile est quod oppositi modi operan¬
179 1213 1088 1272 di vel principiandi competant eidem principio productiuo: tales
188 1256 1081 1306 autem sunt modi principiandi naturaliter et libere: qui primo distin¬
189 1302 1080 1355 guunt potentiam actiuam: vt patet. 2o phycorum. Unde ex hoc pos¬
187 1341 1094 1394 set verius argui ad propositum sic: voluntas diuia est principium pro¬
192 1388 1098 1433 ducendi creaturas libere. ergo est principium producendi libere
176 1430 1092 1486 spectum sanctum. consequentia probatur: supposito quod ipsa sit principium producendi
183 1474 1079 1527 spectum sanctum: ex hoc quod modi praedicti producendi eidem principio pro¬
184 1519 1090 1561 ductiuo non possunt competere. ⁋ Et per idem probatur. 3a conclusio sic vo¬
189 1561 1098 1619 luntas est principium producendi libere spiectum sanctum. ergo non naturaliter
190 1607 1083 1658 Quarta conclusio probatur. primo auctoritas Aug. in ench. dicens neque
182 1650 1082 1695 enim culpanda est voluntas: aut voluntas non est: aut libera
185 1691 1094 1744 dicenda non est qua beati sic esse volumus vt esse miseri non
192 1732 1095 1789 solum nolimus: sed nequaquam prorsus velle possimus: sicut ergo
179 1777 1086 1829 anima nostra est nunc nolle infelicitatem: ita tunc velle iniquitatem
187 1818 1085 1868 non poterit. Ex hac auc. patet quod btitudinem et necessario et libe
179 1859 1088 1910 re volumus: et per consequens et necessitas et libertas eidem principio re¬
189 1903 1089 1956 spectu eiusdem operis conueniunt. ⁋ 2o idem probatur ratione: quia li¬
183 1948 1080 2002 bertas est conditio intrinseca voluntatis vt comparatur ad actum:
177 1996 1082 2045 quod ergo non repugnat voluntati vt comparatur ad actum non repu¬
183 2035 1089 2090 gnat libertati eius: sed necessitas eius non repugnat volunta¬
179 2080 1081 2135 ti comparate ad productionem: cum ipsa sit principium necessario
179 2125 1077 2178 producendi amorem: vt est probatum. ergo nec essitas non repu¬
186 2164 1084 2220 gnat libertati voluntatis in comparatione ad eandem productio¬
174 2210 1083 2262 nem. ⁋ 3o necessitas non tollit conditionem principii producti¬
173 2253 1076 2305 ui perfecti: cum ipsa sit perfectio in principio productiuo. Nam in
171 2296 1076 2346 omni conditione entis cui est possibilis ipsa est perfectionis: es
174 2338 1082 2397 quod sit nobilior differentia entis. Est autem possibilis productioni
176 2379 1089 2434 eius cuius neutrum extremum requirit contingentiam in productione
171 2424 1086 2475 vt est in proposito de productione spiritus sancti. ergo ipsa non
176 2466 1069 2514 tollit libertatem quae est conditio principii productiui perfecti
188 2509 1082 2569 ⁋ Et si dicatur quo est hoc possibile cum liberum ex eo quod libe
178 2551 1089 2609 rum est: videatur posse determinare se ad hoc producendum
183 2599 1083 2652 et ad suum oppositum. quod autem necessario producit determina¬
182 2641 1085 2688 tum est ex se ad vnum. Respondent quod sicut qualibet forma actiua
189 2685 1086 2736 sequitur immediate quod sit principium agenti: ita immediate consequitur
192 2727 1086 2782 eam proprius modus agendi. Et ideo sicut non est aliqua causa quaere
195 2773 1089 2825 talis forma agat: nisi quia est talis forma. ita non est aliqua
188 2816 1088 2870 causa quare habet tale modum agendi: nisi quia est talis forma. vnde sicut
185 2864 1082 2917 non est alia causa quare calor est calefactiuus: nisi quia calor est ca
195 2902 1085 2950 lor: ita non est alia causa: quare calor est principium agendi naturaliter
191 2948 1083 2994 seu per modum nature: nisi quia calor est calor. ⁋ Eodem modo modo sicut
192 2985 1089 3042 non est alia causa quare volutas vult sic scilicet libere necessario vel
185 3033 1088 3100 contingenter: nisi quia voluntas est voluntas: nec iste conditiones
1148 267 2031 329 actionis necessitas vel contingentia sunt differentie essentiales acti
1136 319 2034 373 ui principii. Sed accidentales non conuertibiles: cum actiuo principio
1141 361 2030 407 naturali: nec cum libero. vnde et actiuum naturale potest contingenter agere:
1143 405 2030 459 quoniam potest impediri: et per consequens pari ratione actiuum liberum potest necessario
1140 447 2042 495 agere. ⁋ hec opinio plura falsa continet. et ideo pro eius improba¬
1143 491 2057 538 tione: et solutione praesentis articuli pono tres conclusiones ⁋ Prima l
1151 537 2031 592 quod libertas et necessitas in agendo non sunt compossibiles in eo:
1156 577 2045 624 dem principio respectum eiusdem actionis. Siue quod idem est dictu. non est
1155 621 2036 665 possibile idem productiuum vel actiuum agere vel producere
1146 661 2033 722 idem libere et necessario. Et accipio liberum: vt distinguitur con¬
1154 703 2043 757 tra naturale: et libere agere contra naturaliter agere: et secundum quod istis termin
1149 748 2034 798 nis vsi sunt sancti et philosophi et doc. communiter. ⁋ 2a quod idem principium potest
1146 789 2047 848 esse principium naturale: vnius productionis: et liberum respectum alterius.
1163 834 2033 882 ⁋ 3a quod spiritus sanctus producitur naturaliter et non libere: et in omni
1158 874 2043 931 bus sumo hunc terminum liberum vel libere: vt distinguitur contra
1150 925 2057 982 naturale: et naturaliter sicut prius. ⁋ Prima conclusio dependet in sua pro¬
1145 961 2042 1011 batione ex differentia modi agendi naturaliter et libere: siue agentis
1142 1005 2042 1058 liberi et naturalis inquantum huiusmodi. Et dico quod differentia consistit in hoc quoniam
1134 1051 2042 1103 illud dicitur agens nale: quod positis omnibus requisitis ad agendum:
1152 1093 2046 1139 et nullo existente impedimento ita quod possit agere necessario
1154 1138 2033 1186 agit: nec est in eius potestate non agere: agens vero illud dicitur li¬
1153 1181 2042 1224 berum quod eodem modo omnibus positis ita vt possit agere non ne¬
1154 1226 2043 1278 cessario agit: sed in potestatem eius est vt agat et non agat. Et quan¬
1145 1268 2033 1319 uis euidens sit: vel faciliter esse possit aliqua talia esse: quod tamen il¬
1146 1307 2046 1351 lud dicatur naturale: illud vero liberum probari non potest nisi per
1152 1350 2057 1404 auctoritatem. ⁋ Et illud probo primo per philosophum. 9. metaph.
1148 1396 2043 1446 vbi dans differentiam inter potentias actiuas rationales et irratio¬
1140 1436 2046 1491 nales ait tales quidem potentias scilicet irrationales necesse est quando
1143 1489 2033 1534 vt possint actiuum et passiuum appropinquant: hoc quidem face
1150 1524 2043 1575 re illud vero pati: illas vero scilicet rationales: non necesse est supple
1150 1565 2055 1618 hoc facere et illud pati. Sed constat per omnem concessionem et
1155 1600 2045 1659 per illummet doctorem: cuius est opinio recitata: quod hic. P.
1151 1657 2034 1702 per potentias irrationales intelligit eas quas communiter vocams
1148 1698 2041 1748 actiuas naturales. vnde ipsemet. dicens quod ista diffinitio est cum illis
1159 1737 2033 1791 eadem: quas. P. ponit in secundo physicorum de causis agen¬
1146 1778 2044 1838 tibus secundum propositum: et non secundum propositum: quas post vo¬
1152 1821 2039 1867 cat intellectum et naturam: vnde per ista tria non secundum propo¬
1151 1864 2046 1921 situm: a nam: et potentia irrationalis intelligitur vt. dicens illud prim¬
1145 1910 2048 1961 cipium actiuum: quod communiter dicimus nam. ergo secundum. P. et istum
1151 1950 2052 1998 docores principium actiuum naturale dicitur illud: quod necessario agit
1145 1993 2051 2049 dum est in dispositione: in qua potest agere: et per consequens principium
1145 2038 2041 2089 liberum ex opposito constitutum est illud quod non necessario agit:
1143 2078 2040 2129 sed potest agere et non agere: vt dictum est. hoc idem patet. per Augu.
1150 2125 2030 2185 3o de lib ar. vbi querens an motus voluntatis: quo ipsa ali
1142 2163 2042 2212 incommutabili bono auertitur et conuertitur ad commutabile:
1139 2212 2042 2269 sit ei naturalis: sicut motus deorsum naturalis est lapidi. determi
1145 2253 2030 2309 nat quod non: et dans conuenientiam et differentiam inter eos in ordine ad
1154 2298 2040 2342 lapidem et voluntatem: ait. in eo est simulis illi motui quo deor¬
1145 2341 2042 2394 sum versus lapre. fertur: quoniam sicut iste proprie est lapidis: sic il¬
1152 2396 2028 2440 le animi. veruntamen in eo dissimilis: quod in potestate non
1148 2426 2042 2480 habet lapis cohibere motum quo mouetur inferius: ani¬
1140 2476 2037 2528 mus aut dum non vult non ita mouetur: vt superioribus de¬
1142 2512 2040 2569 sertis inferiora diligat: et ideo lapidi naturalis est ille motus:
1137 2562 2042 2613 animo vero iste voluntarius: vbi patet: quod ideo dicit descensum
1139 2599 2028 2653 esse lapidi naturalem: quia non est in potestate lapidis cohibe¬
1136 2647 2021 2703 re descensum suum. id est non descendere siue moueri deorsum: il
1137 2690 2026 2744 le vero motus animi: ideo non est ei naturalis: sed voluntarius vt
1143 2728 2031 2782 voluntarium contra naturale distinguitur: quia in eius potesta¬
1146 2775 2019 2825 te est non sic moueri. ⁋ Item infra. dicit quod non est nobis li¬
1134 2815 2032 2870 berum: quod in potestate non habemus: aut potest esse liberum
1145 2858 2034 2914 quod habemus in potestate. ⁋ Ex quo patet secundum ipsum. quod
1145 2904 2031 2961 oimne quod est nobis liberum est in potestate nostra: illud aut
1143 2949 2019 3003 solum dicitur esse in potestate nostra quod possumus facere et non face
1148 3001 2056 3043 rem. vnde. P. tertio ethicorum dicit: quod in quibus est in no¬
1143 3036 2027 3103 bis. id est in potestate nostra operari et non operari supple
