2474 3545
404 248 1323 323 est in nobis: et in quibus non est. id est in quibus est in nobis
408 309 1323 364 non operari: etiam operari est in nobis. ergo illud solum est in nobis li¬
426 351 1311 406 verum: sic accipiendo liberum: quod et eius oppositum possumus:
422 395 1317 457 ⁋ Item Damen. 2o lib. ECorums inquit que fiunt: hec quidem sunt in no¬
420 448 1313 499 bis: hec aut non in nobis. ergo in nobis quidem sunt qua nos sumus libe
408 486 1307 540 ri arbitrio facere et non facere: hec enim omnia quae per nos volunta
408 526 1311 591 rie aguntur: non enim voluntarie dicerentur agi actu non existente in
410 567 1317 627 nobis. Ex quibus est patet: quod ea tantum voluntarie agere dicimur quae
415 614 1310 672 sunt in nobis: et quae facere et non facere possumus: et voluntarium
408 659 1313 713 accipit: sicut supra Aug. Ex his omnibus manifeste colligitur:
413 703 1311 762 quod respectum illius tantum principium actiuum dicitur esse liberum quod et suum opposi¬
407 745 1317 799 tum est in eius potestate: et per consequens illud tantum fit ab aliquo princi¬
407 787 1312 853 pio libere: quod fit ab illo contingenter non necessario. ⁋ Ex quo
416 832 1313 888 vlterius sequitur quod impossibile est idem ab aliquo fieri vel produ
417 869 1317 930 ci necessario et libere: vt libere produci distiguitur contra produci
413 920 1304 974 naturaliter: alioquin idem produceretur necessario et non produceretu
420 964 1313 1022 necessario ab eodem quod implicat contradictionem. ⁋ Praeterea constat
415 1015 1319 1064 quod distinctio principii actiui vel productiui naturalis: a principio
411 1049 1328 1112 libero inquantum huius: non attenditur secundum entitates eorum in se et
419 1096 1314 1149 absolute: vt tales entitates sunt: quoniam secundum entitatem aliquan¬
414 1139 1311 1197 do vnum principium naturale magis conuenit cum vno principio libero¬.
416 1183 1307 1237 verbi grata. principium quo naliter producitur filius dei cum principio
416 1227 1316 1284 quo libere causantur creature: quam duo libera principia inter se:
408 1269 1322 1325 vt voluntas dei et voluntas nostra: quarum vtraque est principium liberum:
417 1311 1323 1370 sed inquantum sunt actiua et principium actiuum. vnde vtrumque dicitur tale conno¬
410 1359 1317 1408 tando aliquo modo actum: vt patet in diffinitionibus exprimentibus
407 1399 1322 1463 quid nomins horum terminorum: principium liberum et principium naturale. ⁋ Ista
417 1445 1320 1495 ergo diuersitas vel sumitur secundum diuersitatem actuum: quorum
411 1493 1320 1540 sunt principia: vel secundum diuersitatem modi eliciendi vel princi¬
423 1528 1320 1579 piandi suos actus non primo modo. Nam duo principia actiua vnum natura¬
422 1574 1313 1630 le et alterum liberum possunt similium actuum: secundum species esse principia: siout
415 1615 1328 1671 deus libere potest producere calorem eiusdem speciei cum calore quem
416 1659 1317 1719 ignis producit naturaliter. ergo hec diuersitas sumitur secundum diuersos
408 1704 1319 1757 modos principiandi: siue quia aliter et aliter principiant suos actus: non
413 1750 1315 1801 autem apparet quae diuersitas illa sit: nisi quia hoc necessario princi¬
426 1796 1329 1849 piat: illud autem non necessario sed contingenter: seu quia hic habet in sua
425 1833 1316 1884 potestate actum suum illud vero non: iuxta intellectu supra datum.
414 1888 1325 1933 Et ex hoc etiam statim probatur conclusio sumpra posita: quoniam impossibile est quod
414 1928 1328 1971 eiusdem sit idem principium necessario et libere: quia tunc esset necessario et
422 1963 1332 2023 contingenter. ⁋ 2a conclusio est quod idem potest esse principium naturale et liberum respectum
411 2009 1316 2066 diuersarum productionum: hoc probatur primo: quoniam deus pater est naturale principium
418 2047 1332 2108 filii: vt supra. dis. 6. patet: et omnes concedunt: et idem est liberum principium
408 2095 1316 2157 creaturarum: non enim naturaliter: sed libere produxit et producit ad extra
420 2138 1317 2190 nec potest dici quod secundum aliud et aliud principioum quo. sit principium huius et illius
417 2179 1319 2240 productionis: cum eius simplicitas non recipiat talem distinctio¬
420 2226 1317 2283 nem principiorum vt supra probatum est. dis. 7. Et nihilominus si con¬
421 2274 1317 2324 cederetur talis distinctio: illud idem haberetur. Nam secundum doc. contra quem
423 2317 1316 2375 arguo: essentia divina est principium quo generationis filii partiale saltim. vnde
426 2358 1311 2414 ipsa cum intellectu concurrit ad memoriam fecudam quae est principium gi
414 2399 1311 2457 gnendi filium secundum ipsum. Et constat quod est principium naturale non liberum respe
426 2442 1326 2491 ctu generationis filii. Et tamen eadem ipsa penitus indisticta est princi¬
414 2492 1329 2542 pium creaturarum: vt fatetur concilium. extra de summa trini. et fide ca
423 2533 1319 2579 tholica. cap. Dannamus. Et constat quod non naturaliter: sed mere li¬
426 2577 1313 2635 vere principiat creaturas. ⁋ 2o idem potest esse principium contingens et
414 2618 1313 2669 necessarium respectum diuersorum. ergo idem potest esse principium naturale et libe
414 2660 1320 2709 rum respectum diuersorum. Antecedens patet etiam secundum doc. istum qui vult: quod vo¬
426 2703 1317 2755 luntas divina sit principium necessarium productionis spiritus sancti:
423 2753 1319 2806 et contingens productionis creaturarum: et secundum veritatem pliter divinus
420 2795 1311 2849 necessario producit: et ambo spiectum scentum: et tamen contingenter creatu
420 2838 1316 2886 ras. consequentia patet: quoniam non est maior impossibilitas consequentis quam antece¬
417 2881 1323 2937 dentis: quoniam vel modi principiandi necessario et contingenter sunt
417 2922 1326 2973 idem: cum modis principiandi naturaliter et libere: vel modi prin¬
417 2963 1326 3027 cipiandi naturaliter et libere non maiorem habent incompossibili¬
426 3010 1314 3067 tatem ad inuicem quam illi: sicut patet in rationibus eorum: qui oppositionem
422 3051 1313 3121 includunt respectum eiusdem. ⁋ Praeterea sicut dictum est naturale principium
1374 242 2286 309 et principium liberum non dicuntur de aliquo absolute: sed respectu
1383 292 2283 355 ad aliud. puta principiatum vel productionem: et ideo quamuis non
1384 344 2273 401 possint verificari de eodem respectum eiusdem: nulla tamen repu
1377 386 2286 452 generatia est nisi aliud obuiet: quod non apparet vt de eodem re¬
1376 423 2268 492 spectu diuersorum verificentur: sicut patet in multis oppositis
1370 465 2280 528 relatiuis. Nam idem potest esse principium et principiatum respectum
1370 511 2264 572 diuersorum: equale et inequale: maius et minus: et sic de mul
1374 555 2292 621 tis aliis. ⁋ 3am conclusione scilicet quod spiritus sanctus naturaliter producitur et a
1367 598 2271 660 non libere. probo sic. impossibile est spiectum non produci. ergo spiritus
1373 642 2283 705 sanctus non producitur libere: sed producitur naliter. Antecedens patet: et a
1374 686 2279 749 catholicis communiter conceditur: et probatur ex eo quod impossibile
1376 734 2280 789 est spiectum scuntum non esse: cum sit verus deus. ergo impossibile est ipsum
1362 779 2279 836 non produci: consequentia patet: quoniam spiritus scus non habet esse nisi quia producitur: vt
1372 829 2293 881 patet per Aug. 5. de tri. et li. 15. principalsr consequentia patet ex dictis in pia conclusione
1363 864 2271 933 ⁋ Quantum ad primam partem conclusionis scilicet quod non libere produ¬
1377 902 2278 964 catur accipiendo liberum prout distiguitur contra naturaliter: et quantum
1362 953 2278 1007 ad aliam partem scilicet quod naturaliter: probatur: quoniam omnis productio non
1374 992 2295 1055 libera et necessaria est naturalis. ⁋ 2o filius naturaliter produ¬
1377 1036 2279 1096 citur a patre. ergo spiritus sanctus naturaliter producitur a patre. Et
1376 1078 2286 1140 vltra ergo spitus secus naturaliter producitur. Antecedens certum est. et consequentia
1374 1124 2286 1183 secunda statim apparet pro eo quod non est dicendum quod spiritus secuns procedat
1374 1166 2279 1226 a patre naturaliter et a filio non naturaliter: sed quantum ad hoc vniformi¬
1374 1212 2271 1269 ter ab vtroque procedit. ergo si a patre procedit naturaliter: sequitur quod a fi¬
1377 1248 2280 1318 lio etia naturaliter. Et si ab vtroque naturaliter: sequitur quod simpliciter producitur
1374 1302 2286 1357 naturaliter. Primam consequentia probo: quoniam ratio quaere filius dicitur naturaliter proce
1373 1351 2281 1400 dere: vel est ratione modi producendi: puta quia non contingenter: sed ne
1373 1383 2282 1444 cessario producitur: et cum spiritus secus eque necessario producatur a patre:
1380 1432 2295 1484 sequitur quod et ipse naturaliter ab eo producitur: vel est propter principium a quo pro¬
1376 1470 2277 1530 ducitur. Et similiter idem patet: quoniam eadem persona patris est principium vtriusque
1388 1516 2294 1580 ⁋ Et si dicatur quod quamuis vtriusque sit idem principium producens: non tamen
1385 1561 2279 1618 est idem principium quo producit vtrumque: sed alio producit filium et aliqo
1373 1614 2292 1673 producit spectum sanctum: propter quam diuersitatem formalis prin¬
1370 1654 2282 1704 cipii productiui vnus naturaliter: alter autem non natura¬
1386 1692 2301 1754 liter producitur. ⁋ Contra hoc. primo: quia distinctio princi ¬
1386 1734 2279 1790 piorum quod et quo non habet locum in deo vt supra probatum est
1374 1788 2301 1835 ⁋ 2o esto quod detur talis distinctio idem sequitur: quoniam vel prin¬
1379 1822 2289 1879 cipium quo pater producit spiritum sanctu erit relatio: vel
1386 1868 2283 1922 aliquid absolutum. Si relatio constat quecumque sit illa re¬
1386 1911 2285 1965 latio) quod non magis erit principium liberum: quam erit liberum
1391 1955 2288 2006 principium filii quicquid illud ponatur: cum secundum istam imagina¬
1380 1995 2295 2054 tionem relatio non sit voluntas: aut aliquid in quo sit prima ratio
1377 2047 2288 2102 libertatis: et per consequens non possit esse principium libere produ¬
1388 2082 2295 2144 ctionis. Si absolutum: quicquid illud ponatur idem sequitur: cum
1385 2132 2299 2183 nulla omnino ex parte rei: sit in deo distinctio absolutorum vt
1384 2174 2294 2230 probatum est dis. 8. et ideo idem erit principium quo vtriusque pro¬
1383 2216 2301 2270 ductionis. ⁋ hec conclusio onfirmatur auctoritas hyllatur. 5. de trini. et
1382 2260 2289 2315 allagatur a magtro infra. dis¬ 10 dicens quod ex virtute nature in ean¬
1382 2298 2288 2361 dem naturam natiuitate subsistit filius: et ex virtute nature in
1383 2345 2285 2408 eandem naturam processione subsistit spiritus scus. id est ex patre qui est
1391 2385 2300 2444 pirtus ingenita naturaliter subsistit scilicet filius nascendo: et spiritus scuns
1391 2428 2298 2498 procedendo. Sic ergo dico accipiendo libere produci vt distin¬
1386 2483 2287 2537 guitur contra produci naturaliter: et vtendo istis vocabulis secundum vsum
1377 2523 2285 2578 sanctorum et philosophorum et doctorum communiter non debet concedi spiectum scntum
1379 2564 2282 2627 produci libere: sed numeraliter sicut conceditur de filio: nec eius productio
1392 2607 2297 2668 patet dici libera vel voluntaria: sumendo voluntarium distincte
1380 2658 2297 2710 a naturali: sicut non dicitur voluntaria productio filii: et sic dixerunt an¬
1380 2692 2295 2749 tiqui et communes doc. ⁋ Si aut omne illud dicatur libere et voluntarie
1388 2739 2304 2802 prduci quod producit complacenter: et a producente voluntate: sic potest
1389 2785 2288 2841 dici quod spiritus secus producitur voluntarie et libere: quo est filius
1383 2826 2279 2891 dici potest produci voluntarie: vt supra patet. dis. 6. Sed sic non acci
1391 2871 2288 2928 pitur libere vel voluntarie: vt distiguitur contra naturaliter proprie
1382 2912 2293 2973 loquendo: quin immo simul de eodem repectu eiusdem possunt verificari: sicut
1389 2958 2283 3015 deus libere hoc modo diligit se: et tamen naturaliter: et filius libere et vo
1376 2997 2285 3059 luntarie producitur: et etitm naturaliter: nec in tali significatione generali
1382 3043 2289 3120 sunt vsi istis vocabulis auctores distinguentes modos agen¬
