2549 3518
255 227 1169 317 diceret quis: quod materia constituitur per formam: ex eo quoque quod est
248 283 1149 351 per se subsistes non constituitur in esse per aliquid tanquam per ma
242 327 1160 396 teriam. sicut aliquo modo posset quis dicere quod forma costituitur
254 365 1153 445 per materiam: quia subsistit aliquo modo per illam. ⁋ Unde talia verba in
254 413 1143 490 sua proprietate penitus falsa sunt: et ex falsa imaginatione pro¬
255 459 1147 537 cedunt. qua. valet. sic loquentes imaginantur quod essentia divina sit quas¬
243 496 1145 579 materia respectu filiationis: et filiatio sit forma eius et ex vtraque
246 539 1153 617 resultet persona completa: et propter hoc persona constituitur formaliter
240 581 1146 661 in suo esse per filiationem: sicut compositum subiectale dicitur consti¬
237 631 1144 708 tui formaliter in esse per suam formam substantialem. quod vtique figmentum
233 674 1137 743 omnino remotum est a persona divina. Quapropter in deo non est estimam
231 718 1143 797 dum aliquod realiter constitutum per aliud formaliter: nec aliquid
239 755 1144 838 formaliter et realiter constituens aliud: sed quicquid ibi est per se ipsum
240 801 1132 880 et nullo alio formaliter est quicquid est. quamuis causaliter seu principia
233 835 1138 924 tiue vel productiue habeat aliqua persona esse personam. ⁋ Et ideo
234 886 1137 958 quantum ad articulum istum dico quod de reali distinctiuo alicuius
233 929 1137 1013 ab aliquo possumus dupliciter loqui. Uno modo vt per huiusmodi distinctiuum
224 970 1142 1060 intelligamus aliud existens extra animam significabile incomplexe
230 1017 1134 1095 secundum se ab alio distinctum: quemadmodum diximus quod homo per animam
213 1063 1137 1141 suam distinguitur ab asino: et quod vna anima secundum se distinguitur ab
222 1106 1122 1187 alia. Alio modo vt per distinctiuum intelligamus aliud complexe tamen
219 1149 1134 1227 significabile: per quod aliud potest vere concludi ab aliquo esse
221 1195 1126 1270 distinctum: quamuis ipsum huiusmodi distinctiuum non sit secundum se aliqua enti
218 1234 1128 1311 tas ab aliquo quoquo modo distincta: sicut si diceremus quod acci
212 1283 1125 1357 dens in sacato distinguitur ab aliis per hoc quod ipsum non est in sub¬
225 1316 1122 1401 iecto: alia vero accidentia sunt in subiecto: sic aut dicendo non intel
216 1363 1125 1443 ligitur quod aliqua entitas aut aliquid incomplexe significabile
206 1402 1120 1491 sit distinctiuum talis accidentis ab aliis: quamuis ipsum se ipso in
206 1448 1129 1528 primo sensu dato distinguatur ab aliis: sed quod ex eo quod istud ac¬
207 1501 1132 1573 cidens non est in subiecto: illud autem est in subiecto. hoc vere est
201 1541 1126 1620 aliud ab illo seu distinctum ab illo. ⁋ hoc modo est dicimus in
200 1580 1122 1662 divinis quod pater distinguitur a filio per hoc quod ipse est a nullo: filius
204 1624 1112 1701 autem non est a nullo: sed a patre: et hic vtique sic est: est si nulla anima
198 1676 1107 1749 vmquam hoc consideret: nec tamen per hoc aliquod distinctiuum primo
195 1711 1129 1790 significabile datur intelligi: sicut infra. distinctio 26. amplius declara
194 1754 1110 1834 bitur. Si ergo in primo sensu queratur per quid filius distinguitur est
195 1797 1107 1869 sptum secundo: Dico quod se ipso et non aliquo sui secundum intransitiuam con
195 1844 1106 1920 structionem loquendo. hoc autem probatur. ex hoc quia filius est perso¬
198 1887 1107 1953 na simplicissima nulla plura et aliquo modo inter se distincta in¬
201 1937 1117 2000 cludens. et ideo a quocumque distinguitur seipso primo distinguitur:
201 1972 1108 2047 sicut plenius infra declarabitur. ⁋ Et vlterius ad articulum
188 2063 1110 2137 co quod praeter spirationem non est in filio aliquid quo distinguatur.
185 2015 1106 2085 istum secundum hunc sensum in quo ipsum pertractant doctores. di¬
189 2104 1108 2172 ipse a spum scecndo. quod patet. quoniam ipsa persona filii simplicissima est
181 2148 1108 2216 spiratio et econverso nihil aut est in filio quod non sit filius est persona fi¬
185 2190 1092 2272 lii: et per consequens quod non sit ipsa spiratio. Si autem in 2o sensu loqua
182 2237 1097 2307 mur de distinctiuo: secundum quem sensum formaui articulum. cum quae¬
186 2281 1108 2355 ritur vtrum per hoc praecise: quia spiritus secus procedit a filio: aut quia fi¬
179 2321 1093 2396 lius spirat spiectum scentdum filius distinguatur ab illo. dico quod non
177 2372 1107 2439 Quod probo sic. filius distinguitur a spum scondo per hoc: quia ipse est
177 2414 1092 2477 a patre nascendo: spiritus autem scus est a patre non nascendo: sed proce
179 2449 1096 2529 dendo. ergo non praecise per hoc filius distinguitur a spum second: quia ipse
188 2496 1092 2564 spirat spiectum scuntdum et ille procedit ab eo. consequentia patet. quoniam non est hoc fi
191 2539 1095 2609 lio esse a patre nascendo: quod est specntum scentum esse ab eo procedendo:
188 2580 1089 2658 siue ab ipso procedere: nec filius ideo nascitur a patre: quia spira¬
194 2623 1082 2701 spoctum scentum. Antecedens probatur per Aug. 5. de tri. vbi dicit quod ideo spiritum
188 2676 1099 2742 non est filius: cum vterque tamen a patre exeat: quia ipse exit non quo na
189 2714 1092 2788 tus: sed quo datus id est donum. ⁋ Item de fi. ad petrus dicit: quod quia
189 2752 1088 2826 aliud est natum esse aliudque procedere. ideo alius filius alius spiritus
200 2794 1089 2878 scuns. ⁋ Item Ansel. de processu spiritus sctint in fine. Spitus sicus
189 2841 1073 2915 inquit non est filius: quia filius nascedo habet esse de patre. spiritus ver
191 2883 1087 2956 scus non nascendo: sed procedendo. ⁋ Item idem infra. ait. habent
201 2925 1074 3004 vtique a patre esse filius et spitus secus: sed diuerso modo: quia alter naon
192 2974 1081 3050 scendo: alter procedendo vt alii sint per hoc abinuicem. Et sub¬
188 3017 1083 3107 dit. Nam si per aliud non essent plures filius et spitus scuns: per hoc
1217 257 2136 345 solum essent diuersi. ⁋ Ex quibus verbis manifeste probatur quod non
1216 311 2121 392 praecise per hoc quod filius spirat spiectum scentum: et ille spiratur ab eo ipsi
1205 361 2118 430 sunt abinuicem distincti. ⁋ Ad rationes vero opinionis alterius
1206 406 2128 473 patet quid dicendum sit ex dictis. Nam filius non constituitur filiatione
1202 449 2122 518 neque spiratione: sed est seipso tantum et nullo alio formaliter: nec est
1215 486 2125 563 spiratio est aduenticia filio: sed est ipse filius. Et per hoc non va¬
1202 528 2118 609 lent rationes praedic. doc. ⁋ Ad rationes omnes alterius docores dicendum quod
1211 579 2118 649 verum est spirationem non esse extrinsecam vel aduenticiam filio: sed
1209 616 2106 700 tamen nec intraneam sibi velut partem eius quasi ipsa non sit ipsa perso¬
1194 665 1960 728 na filii: sed aliquid per se: vt rationes ille pretendunt.
1189 710 2136 794 Quantum ad 2m articulum dicitur a quibusdam quod non sequitur.
1487 757 2137 829 spiritus scus non procedit a filio. ergo non distin e
1197 788 2134 870 guitur ab ipso. Alii dicunt oppositum diuersis tamen motiuis. Nam er
1194 841 2131 911 quidam dicunt quod facta ypothesi spitus scus et filius essent vna erg
1203 881 2131 956 persona genita et spirata: et per consequens non distinguerentur. Alii vero a
1194 926 2128 1004 dicunt quod non distinguerentur. non quia concurrerent in vnam perso¬
1190 967 2092 1041 nam vt dicunt isti: sed quia tunc filius non esset persona. Et inter
1191 1004 2125 1088 istos est aliqua diuersitas est: sed non curo de illa. ⁋ Ego pro
1185 1052 2124 1139 nunc dico: quod consequentia est bona: et quod posito antecedente illo spiritus scus non prgo
1191 1090 2099 1173 distingueretur a filio: non quia esset vna persona: sed quia tunc spiritus
1188 1136 2107 1216 scuns non esset. Unde arguo sic. Si spiritus scus non procederet a
1197 1177 2094 1255 filio: spiritus scus non esset. ergo si spiritus scuns non procederet a filio:
1191 1223 2104 1304 spiritus sanctus non distingueretur a filio: consequentia patet: quia vtrumque di¬
1185 1267 2097 1343 stinctorum oportet esse ens. cum idem et distinctum sint passiones enti:
1185 1313 2114 1389 vt patet. 10eo meta. Antecedens autem probo tripliciter. Primo sic. si spiritus san
1176 1359 2111 1422 ctus non procederet a filio: spiritus secus non esset spiritus seu donum
1173 1399 2110 1470 patris et filii. Et vltra. ergo spiritus scuns non esset spiritus scus. et per
1175 1448 2095 1518 consequens non esset persona. consequentia patet. ex eo quod spiritus scus non est donum
1175 1489 2083 1562 filii seu spiritus filii vt dicit apostolus: nisi quia procedit a filio
1170 1528 2088 1602 nec aliud est spectum scentum esse filii: quam ipsum esse a filio: vt dicit
1161 1570 2081 1647 magitur in ista. dicens. Si ergo non procederet a filio: non esset spiritus
1173 1614 2078 1690 filii aut donum: et per consequens non esset donum patris et filii. 2a vero
1173 1661 2080 1735 consequentia probatur. quia hoc est esse spiritum scuendum vt sumitur notionaliter pro¬
1170 1705 2085 1769 3a in trinitate persona tantum: quod est esse donum patris et filii: seu
1175 1747 2083 1813 specnteum patris et filii. vnde Aug. 5. de tri. ait. Ille spiritus scuns qui non
1172 1788 2086 1862 trinitas: sed in trinitate intelligitur in eo quod proprie id est non communi
1170 1827 2085 1904 ter dicitur spiritus secus relatiue dicitur: cum et ad patrem et ad filium
1155 1867 2070 1952 refertur: quia spiritus scus et patris et filii spiritus est: sed ipsa relatio
1159 1917 2073 1983 non apparet in hoc nomine. apparet autem cum dicitur donum dei:
1158 1963 2070 2040 donum enim est patris et filii. Et infra concludendo sic dicit. ergo
1164 1999 2079 2084 spiritus secus ineffabilis est quedam patris filumque communio. ⁋ Item
1160 2045 2085 2124 libro. 15. ait. spiritus secus secundum scripturas sanctas nec patris est
1164 2088 2080 2168 solius nec filii solius: sed amborum. et ideo communem qua inuicem
1157 2133 2074 2212 se diligunt pater et filius nobis insinuat charitatem. Et in¬
1167 2172 2080 2257 fra dicit quod pater sic filium genuit: vt etiatm de illo donum commune pro¬
1154 2228 2080 2299 cederet vt spitus scus spiritus esset amborum. vnde sicut filius:
1149 2266 2073 2334 ideo est verbum: quia filius: et ideo filius: quia a patre genitus: et
1157 2312 2062 2379 per consequens si non esset a patre genitus non esset filius neque verbum:
1149 2356 2056 2421 sic spius secus ideo est spiritus scuns: quia donum patris et filii. Et ideo
1148 2393 2071 2466 donum amborum: quia ab vtroque procedit et est vtriusque ineffabilius
1157 2435 2061 2514 quaedam communio: vt dicit Aug propter quod si non procederet ab vtroque:
1161 2484 2062 2555 esto quod tantum alter illorum produceret: persona producta non esset il¬
1158 2523 2062 2598 le spis scuns qui nunc est: quia non esset communio patris et filii et cha¬
1158 2571 2056 2646 ritas: qua ambo se communiter diligunt nec commune donum vt iste est.
1154 2617 2064 2685 ⁋ 2o sic. filius est per se principium spiritus scint. ergo si filius non produce¬
1148 2662 2050 2728 ret spiectum scantum: spiritus sanctus no produceretur: et per consequens non esset:
1151 2701 2058 2778 cum ipse procedendo habeat non solum vt sit donum: sed omnino vt sit.
1145 2747 2057 2812 vt dicit Aug. 5. de tri. antecedens estnotum per fidem scilicet quod filius sit
1149 2786 2052 2864 principium spiritus sancti: et constat quod non per accidens. consequentia patet. quoniam si
1138 2834 2047 2904 aliquid sit causa per se alicuius effectus posito quod illa causa non sit
1143 2882 2048 2945 aut non sit causa illius: ille effectus non ponetur: nisi suppleretur
1142 2916 2034 2988 eius causalitas per aliquid quod prius non causabat: aut quod aliter
1139 2961 2039 3034 vel amplius causaret quod causabat prius: cum aliud quod remo¬
1136 3007 2037 3086 tum est causabat. ⁋ Idem iudicium est de quolibet principio
1130 3056 2036 3131 productiuo respectu eius cuius est per se principium: sed si filius
