2477 3550
390 237 1308 310 rius prolixe: et tamen inefficaciter deducit quod oportet talem formam esse
385 298 1307 357 habitualem et non quamcumque: sed charitatem: sed videat qui vult ibi.
391 346 1289 400 ⁋ 2o sic. nihil est oditum a deo quin divina voluntas reperiat in esse
389 386 1299 443 aliquod odibile et detestabile ex natura rei: quod dat formaliter esse
386 428 1295 490 oditum: peccatum enim ex natura rei oditur. iuxta illud prophiosophe. videbo
392 482 1295 529 quoniam non deus volens iniquitatem tum ess. ergo per oppositum nihil est carum
389 520 1295 569 deo vel ab eo dilectum: nisi quatenus in ipso est aliquid quod ex nour
386 572 1299 620 tura rei facit ipsum esse diligibile: et tunc vlterius potest ad pro¬
392 608 1307 661 positum deduci ratio secundum sic arguentem quod nihil ex natura rei est di¬
387 649 1299 702 ligibile a deo dilectione de qua loquimur: nisi charitas in¬
396 692 1305 743 fusa. ergo etc. ⁋ 3o potest argui sic. si aliqui propositio verificatur pro re¬
389 735 1298 788 bus: et ad eius verificationem due res non sufficiunt: necesse est
386 783 1304 842 ponere aliam 3am rem: ad hoc vt ipsa sit vera: sed ista propositio. sor
393 818 1305 875 tes est carus siue acceptus deo. pro rebus verificatur: et ad eius:
393 868 1308 922 veritatem non sufficit deum esse: et sortem esse: quoniam ipsis positis
392 908 1305 967 potest esse falsa. ergo requiritur aliqua alia res ab vtroque et ab ambobus
393 951 1305 1005 distincta. hec aut est charitas vel alius habitus supernaturaliter
386 996 1311 1054 gratum faciens: quia nulla alia sufficeret ad hoc. ⁋ 4o potest argui
395 1043 1306 1095 contra quoddam assumptum in probando conclusionem valet quod possibile est esse
390 1084 1305 1139 aliquem hominem sine peccato et sine charitate et habitu supernaturali. Com
386 1131 1308 1180 tra. carentia charitatis est peccatum. ergo impossibile est hominem carere cha¬
380 1169 1311 1224 ritate ea non habere peccatum. consequentia nota est. probatum antecedens. tum quia quilibet
392 1214 1314 1268 tenetur habere charitatem: et per consequens ipsam non habere est peccatum. Tum
394 1261 1311 1316 qui homo non potest ex naturalibus vitare omne peccatum. igitur priuatio ali¬
389 1301 1313 1359 cuius forme supernaturalis quam homo ex se habere non potest est peccatum.
392 1346 1313 1396 ⁋ 5o contra aliud assumptum. valet. quod pueri possent absolui a
401 1392 1313 1441 peccato sine infusione charitatis et alterius cuiuslibet habitus.
395 1429 1304 1485 ⁋ Contra primo: quia peccatum illud pura prauatio est. priuatio autem non
393 1479 1301 1529 tollitur: nisi per positionem habitus oppositi: alioquin postquam ab
393 1517 1304 1573 lata esset adhuc esset: quia subiectum non haberet habitum quem aptum
396 1567 1305 1613 esset habere. ⁋ 6o contra eandem conclusionem per rationem in qua multi su¬
398 1603 1307 1657 stentantur: impossibile est contradictoria successiue verificari nulla
389 1648 1304 1701 mutatione facta circa res pro quibus verificantur: vel circa ali¬
386 1696 1298 1743 quam ipsarum. ergo si prius verum est quod aliquis non est carus vel ac
386 1739 1295 1786 ceptus deo a postea est verum eius oppositum: necesse est muta
392 1782 1302 1833 tionem factam esse: vel in eo: vel in deo. in deo autem non est pos
396 1817 1301 1870 sibilis mutatio. ergo in eo: et non apparet alia: nisi acquisitio for
388 1867 1310 1922 me alicuius supernalis gratum et acceptum deo illum facientis.
404 1910 1298 1965 ⁋ Respondeo ad primum dico ad minorem quod vel hoc nomen accepta
393 1951 1295 2004 tio sumitur simpliciter in eadem significatione et consignificatione: cum lic
399 2000 1305 2050 nomine dilectio: et tunc vel dilectio sumitur generaliter prout omne
393 2036 1305 2086 bonum inquantum bonum est: deus dicitur diligere. iuxta illud Sapientie. diti
390 2082 1304 2134 ligis enim omnia quae sunt: et nihil odisti eorum que fecisti: et sic dico
389 2132 1311 2179 quod minor est falsa: qua dicitur quod aliquando acceptat animam: aliquando non.
404 2173 1299 2227 Nam semper quamlibet acceptat et diligit: etiam si sit actualiter in
398 2213 1301 2269 peccatio: sicut patet ex auctoritate inducta scripture: et determinatione est
389 2263 1299 2307 magtri ex auctoritate Aug. 3. li. sntentiarum distine ionem vel dilectio dei sum
393 2299 1304 2347 tur specialiter: quemadmodum praedestinatos tantum modo dicitur diligere. iuxta
395 2343 1304 2391 illud ad Ro. Iacob dilexi: Esau odio habui. et tunc etiam
395 2388 1298 2440 est falsa: quoniam nullum aliter diligit: nunc quam ab eterno et semper di¬
396 2434 1305 2482 lexerit. Si vero nomen illud acceptatio non sumatur sicut in ea
392 2474 1295 2519 dem significatione et consignificatione cum nomine dilectionis
389 2523 1313 2574 sed vltra id quod significat dilectio primo modo accepta:
395 2565 1304 2614 consignificat talem qui dicitur acceptari: esse in dispositione in qua
399 2604 1307 2651 si perseuerauerit habebit vitam eternam: in qua significatio
390 2646 1299 2702 ne accipitur in praesenti. q. tunc ipsa vera est: sed non sumitur suli
394 2694 1297 2745 maiore. est enim maior. nullus actus eternus etc. sed actus in
396 2735 1295 2789 quit dilectionis divine et acceptationis transit super aliquems
402 2779 1299 2828 est in dispositione: in qua si perseuerauerit habebit vitam eternam:
392 2822 1300 2879 prius non erat in tali dispositione. Et patet quod nulla est forma deb
405 2872 1287 2920 ta. ergo non concludit. ⁋ Ad 2m dico quod si debeat esse ad propo
402 2907 1296 2962 oportet inferri quod nihil possit esse carum: nisi in eo sit aliquod tali
402 2954 1308 2999 formaliter: et non solum de inesse. valet. quod nullus est carus nisi habens
389 2999 1304 3059 aliquid tale formaliter. Ad illud aut concludendum oportet: quod est anteceden
393 3041 1295 3100 sumatur cum hoc verbo potest: vt dicatur nihil potest esse oditum deo o
1354 243 2264 305 Et tunc dico quod ipsum potest dupliciter accipi. Uno modo proprie vt sit sen
1356 299 2274 349 sus: quod nullus potest esse obiectum odum dei: nisi quia etc. et tunc dico
1352 335 2264 401 quod etiam antecedens est falsum propter falsam implicationem virtute di¬
1359 383 2282 432 ctionis exclusiue. implicat enim quod aliquis possit esse in hoc sen¬
1352 423 2285 477 su oditus a deo: cuius oppositum dicit scriptura: vt habitum est.
1350 470 2280 517 et cum hoc etiam non valet consequentia quoniam quelibet rationalis anima secundum se¬
1358 510 2274 567 quoddam bonum est: et per consequens patet se diligitur: sicut et qualibet entitas
1353 552 2283 607 creata a deo: nulla autem secundum se est aliquod malum seu mala. iuxta
1349 606 2274 651 commne dictum sanctorum. Et ideo non sequitur: quod si nulla potest secundum se
1355 645 2282 695 odiri: quod nulla possit secundum se diligi. Alio modo potest accipi antecedens im¬
1351 688 2279 743 proprie: vt sit sensus. nullus potest esse oditus etc. id est nullus potest
1356 726 2274 783 esse in statu in quo si perseuerauerit damnabitur: nisi volun¬
1352 778 2280 824 tas diuina in eo etc. et sic etiam falsum est. Nam aliquis potest esse
1361 819 2276 867 in tali statu propter carentiam praecise alicuius actus quem debet
1358 863 2267 919 habere. Item quia habuit aliquem quem non debuit habere: esto quod
1362 903 2258 953 ex illo actu nullus malus habitus aut forma aliqua sit re
1356 952 2293 997 licta in anima eius. ⁋ Ad 3m dico quod maior potest habere duplicem
1361 992 2279 1041 sensum. vnus est quod si ad hoc vt propositio sit vera non suffi
1358 1037 2285 1086 cit esse aliquas duas res: requiritur 3a res: et sic falsa est. Nam
1364 1079 2282 1129 habet instantiam multiplicem. Nam ad hoc quod hec sit vera. a.
1352 1116 2277 1167 erit. sit a. nomen alicuius possibilis nunc non futuri: non suffi¬
1367 1168 2267 1219 cit deum etc. quae nunc sunt esse: et tamen non est necessaria res aliqua alia¬
1361 1209 2276 1266 potest enim a. esse futurum: et per consequens illa propositio esse vera solum
1367 1253 2272 1304 volente deo. aliquando illud producere ad quod res nulla alia est
1365 1296 2276 1349 opportuna. Similiter vt ista sit vera. antichristus non erit: non suffi
1367 1338 2285 1389 cit esse ea quae sunt: nec tamen ad eius verificationem res aliqua alia
1352 1382 2276 1433 est opportuna. Similiter vt ista sit vera. sortes habet spiectum scentum: non
1364 1429 2286 1486 sufficit vtrumque esse: et tamen potest verificari absque re 3a. Sic etiam
1358 1473 2280 1519 ad vificandum hanc. hic radius a deo solo conseruatur. demonstra¬
1353 1514 2271 1570 to radio quem partialiter sol conseruat. non sufficit quod sit deus sol¬
1353 1555 2280 1611 et radius: et tamen absque re alia verificari potest: sicut patet ex praeceden¬
1352 1601 2272 1652 te conclusione. Alius sensus propositionis potest esse: quod si due non sint
1358 1646 2270 1697 tot quot sufficiunt 3a requiritur: et tunc concedo maiorem et nego
1356 1686 2285 1734 minorem: nec valet probatio: quoniam non sequitur positis duabus re
1359 1729 2269 1783 bus propositio est falsa. ergo non sufficiunt ad hoc vt sit vera. In
1359 1776 2284 1830 stantia patet: quia et posito deo propositio ista. a. erit. est falsa: et tamen
1354 1821 2274 1871 non sequitur quod deus non sufficit: sed alia res requiritur vt sit vera:
1359 1864 2274 1920 Similiter est de ista. sortes habet spectum spictum: et de aliis iam addu¬
1359 1909 2292 1959 ctis. ⁋ Ad 4m nego consequentiam: quia si carentia charitatis sit pec
1358 1949 2279 2002 catum: potest tamen non esse peccatu: quia carentia charitatis non est
1361 1996 2282 2051 peccatum: nisi in non habente et potente ac debente habere cha¬
1362 2035 2276 2088 ritatem: et quia deus posset hominem absoluere a tali debito haben¬
1353 2080 2281 2131 di: esto quod non daret illi charitatem: possibile est aliquem non habere
1358 2121 2279 2177 charitatem absque peccato. ⁋ Praeterea 2a probatio ibi facta praeter hoc
1367 2173 2275 2220 etiam aliter soluitur. Nam illa consequentia non valet: sed fundatur. super falsa
1358 2211 2281 2263 imaginatione scilicet quod ideo praecise homo non possit ex suis naturalibus vi¬
1361 2251 2289 2302 tare omne peccatum: quia non potest habere charitatem quam tenetur habere.
1358 2300 2273 2348 hoc autem falsum est: quoniam esto quod deus absolueret ipsum a tali
1358 2344 2277 2396 debito: adhuc non posset alia peccata vitare ex se: sicut nec
1368 2387 2273 2438 ex se et a suis naturalibus tanen posset bene agere: vt patebit
1361 2427 2276 2479 in secundo. dictins it m6. ⁋ Siquis autem curiose querat: si aliquis dece
1368 2474 2276 2521 deret in statu in quo non haberet charitatem: neque vllum actua¬
1362 2516 2279 2570 le vel originale peccatum. vtrum damnaretur vel saluaretur. Puto
1368 2567 2276 2612 respondendum esse quod hoc esset secundum quod deo placeret: quia vtrumque
1368 2612 2273 2653 deus posset. Dicendum tamen videtur quod non damnaretur pena sensus:
1367 2646 2270 2695 qui in ipso nihil esset puniendum. Et idem sentiendum esset de
1361 2693 2264 2742 ipso quod de primo homine: si in statu innocentie ante infusio
1368 2740 2293 2793 nem gratie fuisset mortuus. ⁋ Ad 5m cum dicitur quod pecca¬
1358 2778 2276 2832 tum illud est pura priuatio dicendum quod illa priuatio precise
1367 2824 2270 2873 accepta non habet rationem peccati. Sed inquantum supponit debitum
1361 2864 2274 2919 habendi iusticiam originalem. illud autem debitum tolli potest
1360 2914 2292 2958 sine positione alicuius habitus vel forme. ⁋ Ad 6m dico
1358 2952 2279 3011 dupliciter. Primo quidem quod illud antecedens impossibile est contradi¬
1362 2997 2277 3050 ctoria successiue verificari etc.) est falsum: tum quia sic dicunt
1356 3047 2280 3114 aliqui et bene: talis successiua verificatio potest contingere propter
