2509 3512
401 176 1316 241 etiam eadem ratione fides non est necessaria propter as¬
401 227 1310 286 sensum illius qua enunciatur veritas de articulo: non apparet
420 268 1310 326 quo ipsa sit necessaria propter assensum alicuius: vnde clare apparet
416 319 1307 364 hanc opinionem repugnare sibi ipsi dieno ex vna parte quod arti:
401 359 1311 409 culi non tantum sunt crediti: sed etiam euidenter noti ex per se noti
402 403 1307 458 et per medium demonstratiuum ex alia vero ponendo quod fi¬
411 440 1313 502 des est necessaria: vt assentiatur articulis: nec aliquid valet il¬
408 483 1313 548 lud dictum de repugnantia apparente: et ineuidentia concomitan¬
413 530 1313 589 te: quo enim quod est euidenter scitum reuocari potest in du¬
395 569 1317 631 bium propter aliquod aliud apparens: ⁋ Praeterea ta dicendum esset
401 620 1311 678 quod propter assensum aliarum propositionum naturaliter scitarum erit ne¬
402 666 1303 718 cessaria aliqua fides vltra scientiam ne reuocentur in dubium propter
404 705 1300 762 aliquam apparentiam in oppositum: quod nec ipsi nec aliqui sapientes
395 747 1301 810 dicerent. ⁋ Ad primam rationem opi. respondeo simpliciter negando
405 795 1296 846 maiorem et merito: cum expresse dicat apostolus: quod fides est argumen¬
396 833 1299 895 tum non apparentium: et quod sine fide impossibile est placere deo. ergo secend
404 882 1307 936 eum tenemur credere non apparentia: et per consequens non perse no¬
389 920 1301 979 bis nota: aut ex talibus deducta. Augu. quoque. 13. de tri. in¬
390 969 1304 1027 quit quod propterea credere iubemur: quia id quod credere iube¬
384 1017 1305 1075 mur videre non possumus: cum est tertio articu. parisien. 3 7.
395 1051 1304 1111 eam expresse condenet. dicens quod nihil est credendum: nisi per se notum vel
396 1101 1292 1146 nisi ex perse notis possit demonstrari error. ⁋ Ad probatio¬
384 1143 1299 1201 nem cum assumitur quod nullus tenetur firmius adherere conclusioni quam
378 1184 1301 1240 sit certitudo noticie propter quam illi adhereret: ista posset con¬
384 1226 1306 1293 cedi cum aliqua conditione scilicet si ille teneatur adherere conclusioni praecise
383 1268 1296 1335 propter certitudinem noticie: vbi autem non subest dicta condi¬
380 1319 1305 1367 tio propositio est simpliciter neganda: in proposito autem non subest: quoniam
380 1353 1283 1404 non praecise propter certitudinem aliquam noticie proprie loquendo
371 1396 1289 1457 siue conclusio ium: siue principiorum tenetur catholicus adherere talibus:
390 1452 1295 1506 quin immo quicquid sibi proponatur per scripturam vel ecclesiam
371 1497 1287 1544 fore credendum nulla alia noticia habita credere tenetur.
428 1539 1292 1589 Ad confirmationem cum dicitur nullus credidit nisi quia illud si¬
377 1579 1282 1631 bi constat: si loquatur de constantia noticie falsum est: si de constam
375 1625 1291 1674 tia adhesionis: tunc etiam potest negari: quia equivalet isti. nullus
386 1673 1286 1724 credit aliquod: nisi quia credit illud. que in sua proprietate non
380 1712 1295 1766 est vera. ⁋ Ad 2m dicendum: quod nullo istorum modorum quis tenetur
374 1753 1284 1808 articulos credere: nec etiam ipsi articuli proponuntur ipsi in¬
377 1801 1295 1856 tellectui fidelis aliquo istorum modorum: sed proponuntur vt
371 1847 1286 1902 credendi auctoritate et testimonio dei reuelantis vel per se vel
395 1888 1289 1935 ter ecclesiam suam. ⁋ Ad 3m patet. quod nihil valet ex eo quod fides
377 1932 1289 1979 simplicis fidelis non habentis theologiam non minus est deter
371 1972 1277 2025 minata ad verum quam fides maximi theologi: et tamen non per thec
372 2017 1280 2070 logiam aut alium habitum aliquem: vnde ergo est quod fidelis inquantum huiusmsmodi
372 2060 1296 2119 semper credit verum set fides sua in nullo est falsa: Dico quod ideo est: quia
384 2106 1286 2151 primo credit auctoritati dei reuelantis: quae nec falli nec falle
377 2153 1284 2205 re potest. ⁋ Ad 4o concedo quod aliquid est primo creditum cui
380 2191 1289 2246 adhereo propter se id est non propter aliud creditum: nec est sequitur quod il¬
381 2233 1283 2291 lud sit per se notum: quia talis assensus vel adhesio non est ex no¬
378 2278 1292 2335 ticia rei praesentis aut alia ali qua proprie loquendo et stricte de no¬
378 2323 1284 2380 ticia: sicut est noticia qua primis propositionibus assentimus: ac per
382 2366 1288 2418 hoc nec est assensus proprius per se notus. ⁋ Ad rationem secunde
381 2407 1280 2465 conclusionis dicendum: quod ad hoc quod ex aliquo medio generetur habitus pro¬
384 2454 1277 2504 prie scientificus non sufficit quod illud sit necessarium: sed cum
374 2498 1286 2549 hoc requiritur quod sit ex per se notis vel per experientiam vel ex his
379 2545 1289 2589 que ex taliter notis deducuntur euidenter: ostensum autem est
374 2585 1286 2637 quod illud medium non est tale. ⁋ Praeterea potest dici quod illud medium
373 2631 1281 2683 non est necessarium cum maior vere sit contingens. Nam possibile
383 2669 1280 2728 est deum aliqua que reuelauit non reuelasse. vbi gratia dicta de
380 2711 1277 2764 futuro. ⁋ Ad alia dicta opri non expedit respondere. ⁋ Alii di¬
377 2759 1271 2808 xerunt et quod ex discursu theologico acquiritur scientia proprie di¬
385 2807 1281 2855 cta: sed subalternata scientie dei et beatorum: cuius probatio est.
372 2843 1277 2898 Qoniam omnis habitus procedens ex principiis sibi creditis: notis
372 2889 1271 2943 autem in lumine superioris scientiae est proprie scientia subalterna
378 2933 1289 2990 ta: patet de musica que vtique est proprie scientia subalternata: quia
369 2976 1293 3049 Irca procedit ex principiis sibi creditis et notis in arismetrica: et
1373 189 2279 256 idem est de perspectiua quae credit principia que sunt nota in geoio.
1367 236 2285 298 sed procedit theologia ex principiis tantum in ea creditis qua¬
1373 279 2282 336 lia sunt articuli et alia conteta in sacra scriptura: notis aut in lu¬
1377 325 2273 381 mine superioris: sciente scilicet dei et beatorum. ergo etc. ⁋ Pro ista opi
1375 374 2286 429 arguitur ab aliis sic. perspectiuus inquantum perspectiuus est sciens: patet.
1377 411 2268 469 quia perspectiua est species scientie: sed perspectiuus non est geosmtio inquantum per
1368 452 2273 512 spectiuus. ergo perspectiuus inquantum non est geoemia est sciens: sed inquantum
1365 504 2273 556 non est geometra non habet noticiam de his principiis: ergo non est necessium
1365 542 2279 593 omnem scientiam habere noticiam de suis principiis. ⁋ Confirmatur: quia
1368 589 2274 644 perspectiua est scientia disticta a geoemia: et tamen vt sic non habet noticiam
1358 634 2270 689 suorum principiorum: ergo si aliquis habens perspectiuam non habens geome¬
1364 674 2282 726 triam ille crederet tantum sua principia: et tamen esset sic vere sciens: sic
1362 714 2267 772 est in proposito de theologia nra. ⁋ Confirmatur 2o quia deus
1355 759 2280 813 potest conseruare in intellectu alicuius habitum perspectiue: non con¬
1356 808 2267 862 seruando in eo habitum geo moio: sed in tali intellectu ipsa perspectiua
1362 848 2279 893 est vere scientia subalterna: et tamen de principiis suis ille non ha¬
1361 891 2279 947 veret noticiam: sed fidem tantum. ⁋ Praeterea scientia subalterna inquan¬
1355 937 2267 993 tum subalterna supponit sua principia et non nouit ea: sed in¬
1358 980 2263 1028 quantum est scientia subalterna est scientia. ergo aliqua scientia supponit sua
1359 1021 2289 1085 principia et non nouit ea: sic ergo est de theomia. ⁋ Contra hanc opi contr
1350 1068 2272 1115 Arguo primo sic: aut noticia conclusionis vel enunciabilis per conclusionem
1350 1112 2273 1162 fit nota nobis naturaliter ex alia pori noticia complexa aut non: si
1350 1153 2271 1211 non: ergo non est scientia proprie loquendo que dicitur esse conclusionis: sed potius
1350 1201 2268 1253 dicitur esse principium intellectus et propositionis immediate: et illa etiam est quae¬
1353 1239 2268 1294 dam metalis noticia et propositio immediata. Si vero fit in
1357 1292 2265 1341 nobis ex alia priori noticia complexa: illa noticia ex qua fit est
1352 1329 2264 1381 noticia principii: siue eius quod per principium importatur: ergo omnis scientia quae in no¬
1346 1372 2264 1426 bis naturaliter acquiritur fit in nobis ex noticia principiorum: et per consequens
1359 1419 2274 1470 cuiuslibet scientie naturaliter acquisite principio sunt vel fuerunt habenti illam sci¬
1344 1459 2267 1506 entiam nota. ⁋ Confirmatur per philosophum primo posterio. dicens quod necesse est de¬
1353 1505 2256 1559 monstratiuam scientiam originalem esse ex veris et primis et notiori¬
1350 1546 2265 1604 bus et prioribus et causis conclusionis: originatur enim huomodi scientia ex veris no
1356 1589 2271 1645 ticiis primis et notioribus id est euidentioribus et prioribus et causis
1349 1632 2268 1687 conclusionis scilicet mentalis: quoniam ille prime noticie quae vtique sunt prime de¬
1343 1677 2258 1736 monstrationis metalis vtique sunt causae noticie quem est conclusio: vel si
1345 1721 2267 1770 secundum alios dicatur: quod propositio non est noticia: tunc est sensus quod noti¬
1352 1766 2258 1813 cie principiorum sunt pores et causae noticie conclusionis. Et addit philosophus
1349 1811 2258 1866 quod sine his vtique erit syllatus: demonstratio aut non erit: non enim faciet
1352 1854 2255 1907 cientiam. Item ita dicit quod necesse est non solum cognoscere prima id est
1356 1894 2253 1952 principia seu que per illa significantur: sed et magis: semper enim inquit propter
1347 1943 2248 1997 quod est vnumquodque et illud magis. Et subdit: quoniam quod scimus et cre
1349 1984 2250 2038 dimus per prima. id est per noticias primorum illa scimus et credimus ma¬
1349 2028 2264 2085 gis. Ex quibus patet: secundum ipsum quod quaelibet scientia acquiritur ex noticiis
1357 2069 2261 2125 pincipiorum suorum. Ex quo sequitur illud quod prius. Per hoc patet. quod
1353 2110 2261 2172 non sufficit principio esse alteri nota: vt ego scientiam habeam de co¬
1345 2156 2246 2207 clusione: quoniam per nullam noticiam existentem in alio causari potest imme¬
1344 2199 2265 2261 diate et naturaliter aliqua scientia in mente mea. Cum ergo principio theologie
1338 2246 2264 2290 non sint neque fuerint nobis nota: vt isti concedunt theopmodia que
1338 2285 2265 2342 acquiritur de communi lege in theologia de qua etiam nunc est sermo non est
1353 2332 2280 2403 vere scientia. ⁋ 2o si scientia subalterna potest acquiri suis principiis et
1337 2379 2256 2435 non notis acquirenti: sed tamen creditis notis: aut habenti superiorem
1343 2415 2259 2481 scientiam: eadem ratione et scientia non subalterna poterit acquiri ab aliqua
1351 2462 2246 2511 esto quod non nouerit eius principia: dummodo credat illa: et alius noue
1338 2507 2244 2564 rit: non enim ratio potior ibi est quam hic: et per consequens non oportebat di¬
1343 2548 2252 2609 cere quod theologia est scientia subalterma: sed absolute poterat dici
1347 2591 2249 2650 scientia. ⁋ Ad primam rationem opi. quamuis maior sit impropria: quoniam
1343 2636 2237 2687 nulli scientie siue subalterne siue non subalterne sua principim sunt
1340 2686 2237 2739 credita vel nota: cum nulla sit principiorum suorum fides vel intel¬
1337 2722 2229 2783 lectus: tamen si trahatur ad bonum intellectum: vt dicatur omnis habit
1344 2769 2241 2828 procedens ex principiis in lumine superioris scientiae tantum notis est scientia
1343 2814 2235 2864 subalterma: hoc potest intelligi dupliciter: vno modo quod illa principio sint no
1344 2853 2249 2916 ta habenti ipsam scientiam: cuius sint principim: et sic potest concedi: sed tunc patet quod
1332 2902 2241 2964 minor est falsa: quia principi theo modso non sunt nota theologo: vt
1333 2943 2250 3003 dicunt. Alio modo quod non sint nota illi: sed credita alteri: et
1349 2987 2250 3053 tunc est ipsa falsa: quia ex noticia principiorum existente in vno non
