2473 3530
192 259 1085 320 tum clariorem causat visionem: sic etiam maior massa plumbi citius
193 316 1089 368 et velocius descendit quam pars eius: non obstante quod queli¬
191 356 1089 410 bet pars sit eque grauis: et quod totum non sit grauius inten¬
201 399 1083 447 siue: quam pars. scilicet quantum ad omnem grauitatem. est tamen gra
195 446 1092 504 uius quantu ad vigorem grauitatis. id est actiuius vel vigorosius
192 487 1089 540 in agendo vel mouendo. Et ideo potest dici: quod grauitas to¬
199 530 1083 584 tius est maior virtus intensiue: quam partis: non tamen maior for¬
180 576 1082 630 ma. vnde et philosophus dicit primo celi. si esset corpus graue infinitum
180 614 1086 665 esset virtus infinita: quod probat per additionem partium etc. et tamen
182 664 1086 713 non esset intensior forma quam grauitas partis. ⁋ Ad argumentum
185 707 1085 761 ergo dicendum: quod sicut successiue pars. a. mouetur: sic successiue
180 747 1088 798 per totum oculum visio eius corrumpitur: non quod vna pars extensi¬
185 792 1095 837 ua prius quam alia corrumpatur: sed intensiua tantum. ⁋ Et sicut non est
179 835 1082 882 dare partem primam extensiuam rei vise que egressa sit oculi
189 882 1076 932 oppositionem: sic non est aliqua pars visionis primo corrupta: simul
180 927 1094 977 in eo instanti in quo est primo verum dicere. pars a. tota egres¬
189 966 1085 1013 sa est oppositionem oculi: in eodem est primo verum dicere. tota
192 1011 1085 1064 visio ipsius a. seu omnes partes secundum intensionem visionis ipsius
192 1055 1086 1098 a. et partium eius sunt primo corrupte: ita quod semper secundum succes¬
174 1095 1091 1147 sionem partium extensarum in motu ipsius rei vise est
185 1139 1086 1189 successio partium intensiuarum: vt ita loquar: in corruptione visio
185 1183 1082 1237 nis: non autem partium visionis secundum extensionem vt ymaginatur
192 1232 1083 1284 argumentum. ⁋ Ad 5am dico: quod aliqua entitas forme a. erit
191 1268 1097 1321 post hoc instans: et aliqua entitas forme a. non erit prius hoc
186 1313 1083 1364 instans: sicut etiam forma a. non erit post hoc instans: dico tamen quod
173 1353 1082 1407 nulla entitas forme a. est nunc: cuius nihil erit post hoc instans:
189 1399 1086 1455 sed sicut forme a. aliquid erit post hoc instans: ita cuiuslibet
185 1443 1086 1489 entitatis forme a. nunc existentis aliquid erit post hoc instans.
175 1486 1095 1536 Et cum dicitur sumatur praecise ea entitas forme a. que non erit etc.
184 1531 1086 1580 Dico quod impossibile est sumere praecise eam entitatem forme
174 1575 1086 1626 a. que immediate pius hoc instans non erit: et similiter impossibile est sume
177 1617 1089 1664 re totam entitatem forme a. praecise que erit immediate post hoc
184 1659 1083 1713 instans. Nam casu posito impossibile est signare maximam partem
167 1699 1101 1755 forme a. que erit post hoc instans: et hoc: quia nulla erit maxi¬
173 1743 1098 1793 ma pars eius. Et vlterius dico: quod deus non nouit quod praecise
164 1794 1085 1840 nunc plus est de forma a. quam erit immediate post hoc instans.
177 1831 1083 1884 qui nihil tale est: nec est nouit maximam partem forme: quae erit priuas
176 1872 1088 1919 hcoc instans. quia nulla est maxima que erit post hoc in¬
180 1916 1088 1967 stans. ⁋ Et si arguatur sic: forma a. nunc est intensior quam
179 1966 1087 2014 erit post hoc instans: et non est in infinitum intensior quam erit.
176 2006 1085 2064 post hoc instans. ergo per aliquem gradum praecise est nunc intensior quam
186 2048 1091 2093 mmediate erit pius hoc instans. Respondeo: quod antecedens est verum.
176 2094 1093 2147 sed consequentia non valet. vnde dico: quod forma a. est nunc intensior etc.
173 2141 1082 2187 et non in infinitum intensior: et tamen per nullum gradum praecise est in¬
174 2177 1082 2232 tensior quam erit immediate post hoc instans: et causa est: quia nullus
176 2231 1076 2273 erit maximus gradus huius forme post hoc instans: nes
184 2264 1094 2311 erit aliqua maxima latitudo huius forme post hoc instans.
179 2308 1082 2362 Si autem esset dare maximam latitudinem vel partem huius for
183 2350 1092 2406 me que erit post hoc instans: tunc oporteret est dare per quod
176 2397 1082 2448 precise hec forma nunc esset intensior quam erit immediate prius
176 2436 1084 2490 hoc instans. hec quae dicta sunt patent in simili: sit enim aliquod cor
173 2489 1085 2543 pus cubitale: super spacium sibi equale quod sit a. et incipiat nunc
191 2532 1078 2579 moueri versus aliam partem spacii distantem quae sit b. et sint distantia
557 2571 1082 2624 inter a. et b. duorum cubitorum. hoc po
552 2614 1079 2662 sito in hoc instanti in quo hoc cor¬
551 2660 1080 2711 pus habet vltimum quietum esse et incipit
557 2709 1085 2754 moueri continue versus b. corpus mo¬
180 2744 1080 2790 tum habet totum spacium a. et immediate post hoc instans non
185 2789 1077 2842 habebit totum spacium a. habebit tamen aliquid spacii a. habet ergo aliquid
186 2828 1086 2884 de spacio a. quod non habebit pus hoc instans: et aliquid habet nunc de
179 2871 1092 2924 spacio a. quod habebit etiam pus hoc instans. Et dico: quod nihil habet nunc de
197 2924 1082 2973 pacio a. cuius nihil habebit prus hoc instans: nec potest sumi quid praecise: habet
186 2967 1086 3013 nunc quod postea immediate non habebit: nec illud tale deus nouit
185 3001 1076 3054 sic: nec aliquid est eiusmodi: quod probatur: quia si aliquod tale detur: ve¬
191 3049 1080 3119 est diuisibile vel indiuisibile: non diuisibile. quia quantumcumque peruum
1151 254 2043 327 diuisibile spacii sit: tempus erit antequam hoc corpus continue motum
1152 320 2045 365 totum illud reliquerit. et per consequens immediate post hoc in¬
1146 360 2046 408 stans aliquid eius habebit. nec potest dici: quod sit aliquid indiuisi¬
1148 407 2036 454 bile: quia tunc esset dare secundum quid spacii hoc corpus esset
1155 446 2037 506 primo mutatum a suo loco vel spacio a quo mouet: et eadem
1148 491 2034 542 ratione esset dare secundum quid spacii ad quod mouetur esset primo mu¬
1148 542 2056 592 tatum: que sunt impossibilia: vt patet. 6. phisicorum. ⁋ Similiter hoc
1155 585 2057 637 posito illud spacii totum quod habebit hoc corpus post hoc in¬
1146 621 2043 670 stans: erit minus toto: quod nunc habet sine toto spacio a. per indiui
1152 662 2051 719 sibile precise: et per consequens indiuisibile demptum a diuisibili
1155 709 2045 756 redderet ipsum minus: quod est impossibile. Similiter hoc posito
1148 754 2033 800 inter corpus incipiens nunc moueri et b. est medium spacium
1148 796 2046 851 bicubitale. et immediate post hoc inter hoc corpus incipi¬
1151 842 2045 887 ens moueri et b. non erit medium spacium bicubitale: erit tamen
1151 883 2034 938 medium aliquid eius quod est nunc mediat: et aliquid eius non
1146 928 2039 980 erit medium quod tamen nunc mediat: et impossibile est signare quod
1155 968 2043 1012 praecise de hoc spacio nunc mediat: quod immediate post nunc nonm
1154 1012 2031 1072 diabat: seu per quod praecise spacium nunc medians est maius quam
1157 1058 2036 1108 pacium quod immediate post hoc mediabit: quod patet: quia illud no
1164 1103 2040 1156 otest esse indiuisibile: cum indiuisibile non faciat maius: tum
1145 1146 2040 1194 etiam quia tunc esset dare primum acquisitum de spacio in motu lo¬
1146 1185 2037 1237 cali continuo: quod est impossibile: nec diuisibile: quia nullum di¬
1152 1230 2040 1279 uisibile erit immediate post hoc instans pertransitum a cor
1146 1273 2045 1325 pore quod incipit nunc moueri: et causa est que tacta est prius in
1152 1317 2040 1371 aliis. valet. quia nullum erit maximum spaciu quod mediabit post
1149 1361 2037 1411 hoc instans inter hoc corpus incipiens moueri et b. et similiter
1139 1405 2039 1455 qui nullum est indiuisibile in spacio: et similiter nec in forma: sed
1137 1451 2036 1501 de hoc magis in sequentibus. Et esset in toto simile de spacio
1151 1489 2043 1543 super quod est corpus incipiens moueri: et de forma incipien¬
1145 1533 2043 1583 te corrumpi: si spacium sicut continue relinquitur a mobili sic conti¬
1135 1578 2056 1626 nue coruperetur. ⁋ Ad 6um si loquamur de potestatem naturali volunta
1149 1618 2045 1664 tis cum communi influentia dei: sicut oportet vt argumentum sit contra dicta:
1154 1662 2045 1711 vel dabitur minimum tempus naturaliter prceptibile a voluntate: vel
1139 1704 2046 1757 maximum non perceptibile: quod minus tamen est omni perceptibili
1148 1751 2052 1800 ab ea: vel neutrum dabitur: sed ponatur quod quantumlibet paruum tempus est
1152 1791 2043 1844 ab ea perceptibile. Si detur primum tunc potest concedi quod volutas potest
1134 1834 2038 1883 tam cito non velle sicut cito potest. Nam potest in fine dati temporis
1137 1872 2045 1922 non velle et citius non potest. Et si ponatur in esse tunc actus primo
1141 1919 2043 1972 non erit: et non dabitur vltimum instans sui esse. Si vero detur secundum
1142 1963 2039 2012 aut tertium dicendum: quod voluntas non potest tam cito post nunc non velle
1140 2006 2042 2053 a. sicut cito potest: sed quantumcumque cito potest adhuc citius potest: et per consequens
1143 2050 2045 2101 ipsa non poterit ex se non habere hunc actum vel aliquid eius puius nunc: sicut
1139 2097 2046 2147 nec ita cito poterit totum actum simul deserere: sicut cito pote¬
1150 2136 2055 2188 rit. Et ideo argumentum fundatur super falso. 3m tamen menbrum datum:
1154 2176 2039 2232 a scilicet negatur tam mimmum perceptibile quam maximum non perceptibile
1146 2229 2039 2275 non apparet rationabile. Sed de hoc non oportet ad praesens dissere¬
1143 2274 2056 2320 re. ⁋ Ad 7m dicendum vt supra in simili dictum est. valet quod in instanti
1152 2310 2034 2359 est aliquid forme plus: nihil tamen est tunc cuius nihil prius fue
1145 2351 2051 2400 rit nec est aliquid tunc quod praecise tunc sit: et nulla pars eius prius fue
1142 2395 2042 2452 rit. Et est exemplum de corpore: quod continue mouetur localiter. Nam
1145 2440 2054 2488 quando est primo mutatum adhuc vel illum locum sibi equalem. vbi gratia.
1143 2484 2043 2532 ad locum a. constat quod habet aliquod dne loco a. quod prius non habuit: et
1140 2531 2039 2577 tamen nihil habet tunc de loco a. cuius nullam parte prius habuerit: nec
1146 2571 2040 2619 potest dari quid praecise tunc plus habeat quam prius habuit de loco a.
1140 2617 2045 2669 similiter non habet aliquid tunc cuius immediate post nihil habebit: vt supra
1136 2661 1971 2709 monstratum est: ita suo modo de forma dicendum est in casu dato.
1127 2701 2055 2788 ⁋ ertio videndum est vtrum cuiuslibet formarum huiusmodi sit dare
1329 2746 2046 2797 minimum Et quia partibilitas forme potest accipi tam
1139 2787 2033 2839 secundum intensionem quam secundum extensionem. ideo minimum in forma
1140 2832 2042 2886 potest intelligi etiam vtroque modo. ⁋ Item vtroque modo potest intelligi
1151 2877 2039 2926 dupliciter minimum forme: vno modo: vt dicatur minimum: quo nihil
1153 2919 2033 2970 forme est minus: nec potest esse minus in specie illa. Alio modo: illud
1154 2959 2033 3011 potest vocari minimum quod potest per se actu separatum subsistere: est
1148 3013 2030 3059 nihil eiusdem speciei minus eo posset per se separatum subsistere re¬
1151 3053 2056 3122 manens in specie illa. Tunc pono aliquas conclusiones ⁋ Priua conclusio est
