2456 3544
398 266 1303 337 sequente immediate partibiliter et continue creare in eodem
396 324 1301 381 subiecto aliquam partem: quo posito totalis intensio huius forme
392 365 1288 430 comprehendens illam subitam et successiuam haberet primum intensum esse:
408 406 1293 462 instanti enim dato illa forma primo esset intensa quamuis illa partialis inten
399 452 1291 510 sio que ponitur tota continua non haberet tale primum intensum esse. vtrum
399 495 1298 554 autem he possint dici et debeant vna intensio vel due non curo
406 538 1296 609 pro nunc. ⁋ Similiter posset deus aliquam partem forme corrumpere in
402 588 1294 639 instanti: et in tempore immediato reliquam successiue corrumpere: et
392 622 1304 682 tunc secundum intellectum praemissum in instanti dato illa forma esset pri¬
393 674 1301 727 mo remissa. ⁋ Contra dicta huius articuli dubitationes fie¬
395 707 1293 771 ri possent: sed earum solutiones patebunt ex solutionibus princi¬
399 755 1296 819 palium rationum questionis. ⁋ Ad primam ergo rationem principalem dicend
396 790 1295 858 secundum proprietatem sermonis loquendo: nulla forma augmentatur.
410 851 1296 898 nec itensiue nec extensiue: sicut satis bene probat ratio: nec est su¬
407 887 1303 942 scipit magis et minus: siue hoc intelligatur de susceptione reali:
395 930 1296 986 sicut accidens subiectum suscipit. Nam constat quod pars forme praexi¬
396 980 1299 1030 stens non suscipit hoc modo partem adueniente: nec de susceptione
401 1018 1308 1075 logycali secundum praedicationem: quoniam forma. vbi gratia. albedo non sit
395 1071 1295 1117 magis albedo: quam fuit prius: nec est magis albedo quam alia: nes
399 1104 1311 1166 eadem vno tempore est magis albedo quam alio: quamuis hoc modo pos¬
405 1153 1302 1204 set concedi quod suscipit magis et minus: quia vna albedo est ma¬
404 1195 1298 1249 ior intensiue siue perfectior quam alia: et albedo quae nunc est in subiecto
402 1233 1302 1293 maior est: quam albedo quae praefuit: non tamen eadem albedo numero nunc
401 1276 1298 1334 est maior et prius fuit minor: quamuis albedo que praefuit nunc
407 1320 1296 1377 sit minor: quam ea que nunc est: sic pars minor est suo toto: sed lo
410 1373 1314 1421 quendo secundum intellectum recte sentientium in proposito cum dicitur quod for
401 1409 1299 1463 ma augmentatur vel intenditur aut suscipit magis: non est aliud in
408 1451 1301 1505 telligedum: quam quod forme existenti in subiecto addit aliqua forma si¬
407 1504 1292 1550 milis cum ea faciens per se vnum et constituens vnam formam eiusde
413 1536 1314 1590 rationis maiorem intensiue seu perfectiorem: quam eius pars praecise quae prae¬
407 1589 1302 1636 fuit: et per quam subiectum est magis tale: quam erat per eam quam prehabe
411 1623 1311 1679 bat. ⁋ Similiter cum dicitur quod forma remittit vel minuitur aut
402 1671 1305 1724 suscipit minus: intelligi debet quod aliqua pars forme tollitur propter quam
414 1715 1299 1769 forma remanens est minor seu imperfectior et subiectum est pos¬
411 1762 1295 1811 minus tale quam fuit: et similitudo intelligendum est cum dicitur formam au
416 1800 1298 1859 geri extensiue seu extendi. Nam additur in illa parte subiecti for
409 1843 1312 1897 ma eiusdem rationis faciens cum priori vnam formam continuam que est
416 1884 1317 1938 maior et extensior: quam prior. Et subiectum eius est magis tale. sic
408 1928 1302 1981 suo modo de diminutione dicendum. ⁋ Ad secundam ratione respondeo
414 1973 1311 2026 negando antecedens quod est: quod in qualibet intensione est dare primum intensum
414 2013 1302 2068 esse. et cum hoc probatur per. P. 6. phy. qui vult vt arguitur quod in alte¬
414 2064 1310 2114 ratione est dare primum alteratum esse: dicendum quod istud non est verum¬.
402 2105 1311 2161 immo potius oppositum potest haberi ibidem proximo capostolo. vbi vult
420 2153 1301 2208 quod in omni motu et locali et augmentationis et alterationis et ge¬
417 2190 1304 2245 nerationis quodlibet mutatum esse praecedit moueri: et etiam mutatum
408 2238 1304 2289 esse id est ante quodlibet instans in quo vere dicitur hoc est mutatum: verum
408 2281 1314 2330 fuit dicere hoc mouetur: et similiter fuit verum dicere hoc est mutatum:
420 2324 1305 2378 quamuis non semper sedm eandem speciem transmutationis: vt ibi declarat
410 2376 1309 2420 Commenta. Est tamen intentio. P. in illa parte vbi allegatur quod ex eo
416 2410 1308 2466 ad quod est motus localis vel augmenti non est aliquid primo acquisi¬
407 2458 1311 2508 tum mobili: ex eo autem ad quod est alteratio: vt albedo vel alia
420 2498 1313 2560 qualitas est per se primum dare acquisitum mobili: quod est intelligendum
413 2550 1306 2598 quando mobile primum nec secundum totum: nec secundum partem erat in forma cum
419 2584 1311 2637 tali specie qualitatis: nec alicui tali coniunctum: vt supra dictum est: est
425 2628 1314 2680 hoc verum est si quelibet forma talis naturalis sibi determinet mi¬
420 2678 1305 2724 nimam quadtitate subiecti: in qua potest seorsum per se existere: vt sen
414 2717 1313 2773 sit philosophus: quoniam tunc in tanta parte subiecti simul forma introduci¬
426 2760 1308 2812 tur: et per consequens ex forma ad quam est motus habetur prima pars
417 2802 1316 2861 secundum extensionem: quia de tali parte loquitur ibi. P. et similiter Commenta.
420 2846 1314 2903 vt expresse ibi patet. huius autem prime partis generationem praecedit trans¬
423 2898 1307 2945 mutatio sui primi subiecti secundum forma oppositam. verbi gratia
414 2931 1308 2986 nigredinem vel rubedinem. Nam subiectum debens albefieri aliquo
417 2979 1304 3040 colore contrario extremo vel medio informatum est: vt patet. 5. phhy
429 3021 1317 3072 et prius ille color remittitur donec corrumpatur totaliter et in in¬
414 3073 1314 3128 stanti quo primo color ille complete corruptus est inducitur albedo
1361 249 2268 321 in illo subiecto. Ex quo patet. quod non quando prima pars albedinis gene
1358 301 2261 364 ratur subiectum eius est primo alteratum: sed prius alterabatur:
1358 344 2259 412 et prius fuit alteratum: quamuis secundum aliam speciem qualitatis. Si
1358 391 2256 452 autem sumatur alteratio secundum aliquam qualitatem solum pro ipsa
1365 440 2268 503 generatione vel introductione dicte qualitatis: sicut est dare
1357 482 2255 537 instans in quo est introducta prima pars qualitatis predicte: sic
1350 522 2250 586 concedi debet quod est dare instans in quo subiectum est primo altera¬.
1355 567 2256 625 tum secundum essentiam talis qualitatis. Ex hoc tamen non probatur antecedens
1346 611 2256 670 illud: tum quia non in qualibet alteratione hoc accidit. Nam frequen¬
1356 659 2267 712 ter generatur forma in aliqua parte subiecti et non est dare primam
1362 700 2251 760 partem illius forme genitam: quod est verum: tam secundum partes intensiuas: quam
1353 746 2259 801 secundum extensiuas: sicut supra declaratum est: tum quia esto quod detur in¬
1354 790 2273 844 stans in quo aliquod subiectum primo factum est album: non tamen sequitur
1355 826 2253 893 quod detur instans in quo ipsum primo factum sit magis album intensi
1355 880 2259 931 ue: aut maius album extensiue. Nam possibile est quod aliqua for¬
1359 919 2261 972 ma introducatur in instanti et in tempore intendatur vel extendatur secundum
1367 956 2259 1021 verum intellectum horum terminorum qui praemissus est. Et hoc siue ten
1361 1010 2268 1068 pus intensionis vel extensionis sit imediatum illi instanti: siue
1361 1046 2271 1103 non: et ideo illa prima generatio subita prime partis forme: nec est
1362 1089 2274 1148 intensio nec pars intensionis: sed potius quadam mutatio quae est finis et
1360 1130 2281 1195 terminus praecedentis mutationis secundum mentem Commentato. 6. phy. eo
1367 1177 2261 1237 aut si aliqua talis sit que non sequatur alium motum praecedentem ipsa
1361 1230 2263 1281 erit quadam generatio tantum et non augmentatio intensiue vel extensiue:
1366 1263 2272 1317 et in illo instanti sic erit genita quod non intensa nec extensa: et subiectum
1367 1311 2271 1366 sic tunc erit album et factum album: quod non magis vel minus album.
1370 1359 2270 1413 vt dictum est. Ex quo patet quod illa vniversalis propositio quae est antecedens non proba¬
1358 1388 2283 1453 tur sufficienter. ⁋ Ad 3am cum dicitur quod cuiuscumque forme acquisi
1367 1442 2275 1498 te de nouo per motum est dare primum instans esse. Respondeo secundum
1365 1483 2268 1539 distinctionem supra datam de primo instanti esse forme. Nsam si il¬
1359 1533 2270 1584 lud intelligatur primum instans forme: in quo ipsa est primo tota: siue
1370 1571 2277 1626 etiam in quo ipsa est et immediate ante non quodlibet eius fuit: conce¬
1365 1615 2268 1675 do propositionem: sed tunc nego consequentiam qua dicitur ergo intensio forme
1367 1655 2277 1715 non est continua. Nam aliquando libet forma in aliquo istanti sit primo
1362 1705 2268 1755 tota et perfecte acquisita: ipsa tamen prius partibiliter et continue acquire¬
1362 1747 2268 1801 batur: sicut libet in aliquo instanti locus aliquis sit primo perfecte
1374 1790 2274 1843 et totus acquisitus: eius tamen acquisitio fuit successiua et continua¬
1362 1832 2273 1889 nec probatio consequentie vadit contra hoc vt patet. Si vero illud dica¬
1369 1877 2283 1929 tur primum instans forme in quo scilicet ipsa vel aliquid eius est et imme¬
1368 1921 2270 1978 diate prius nihil eius fuit: tunc distinguo de forma que dicitur
1368 1964 2280 2017 acquiri per motum. Nam quaedam ideo dicitur acquiri per motum: quia
1367 2004 2274 2063 ipsa tota acquiritur partibiliter et continue: quaedam vero: quia eius acqui¬
1361 2055 2270 2107 sitio est finis praecedentis motus: quamuis ipsa non sit partibilis
1362 2095 2282 2152 vel successiua: sicut quis diceret quod forma subsitectalis impartibi¬
1367 2138 2267 2193 liter acquisibilis acquiritur per motum praecedentem. Quedam quoque
1376 2184 2276 2241 posset dici acquiri per motum ratione cuiusdam sue partis primo
1371 2226 2270 2279 modo: et ratione alterius secundo modo: vel ratione partis altero modo tantum¬
1370 2274 2271 2323 sicut si alicuius forme pars quedam sit facta in instan¬
1371 2313 2277 2367 ti: post motum tamen aliquem precedentem quem sequi¬
1376 2363 2277 2415 tur: vel etiam nullo motu per se precedente: et aliqua alia
1373 2405 2274 2459 pars sit successiue et continue acquisita in tempore post il¬
1377 2446 2268 2500 lud instans: siue immediato illi instanti: siue non. Si ergo
1382 2487 2267 2541 propositio assumpta intelligatur de forma que acquiritur
1376 2532 2267 2593 per motum. primo modo dicto: et de primo instanti esse
1368 2577 2263 2638 accepto secundo modo. dico quod ipsa est in toto falsa: quoniam
1370 2624 2274 2676 nullius forme sic acquisite per motum est dare primum
1376 2664 2269 2718 instans esse sub intellectu dato: quin immo ante quodlibet instans
1362 2712 2267 2763 in quo aliquid eius est acquisitum fuit aliquid eius prius
1374 2757 2271 2807 acquisitum: nec ad hunc intellectum loquitur phylosophus.
1373 2795 2273 2850 8o physicorum. sicut supra dictum est in responsione ad
1371 2850 2274 2893 tertiam rationem factam contra dicta in tertio articu¬
1380 2883 2268 2937 lo. Si vero intelligatur propositio de forma que acqui
1376 2925 2270 2978 ritur per motum secundo modo propositio potest concedi: sed tunc consequentia
1374 2970 2277 3022 non valet: quia acquisitio forme non est intentio vt in praecedente so¬
1376 3013 2273 3068 lutione dictum est. ⁋ Denique si de forma que dici posset
1367 3056 2282 3118 acquiri per motum tertio modo intelligatur propositio: potest concedi pro¬
