2467 3531
184 254 1091 319 positio illa ratione partis eius simul et indiuisibiliter acquisite: sed tunc
190 307 1080 368 consequentia neganda est. Nam esto quod vnius partis forme acquisitio
192 346 1091 410 sit subita: intensio tamen illius forme seu acquisitio illarum
180 397 1082 444 partium: per quas forma dicitur intendi potest esse tota continua et in
185 440 1086 492 tempore immediato illi instanti: et in hoc sensu dico quod non est impossibile
185 477 1086 541 quod aliqua forma acquiratur subito et continue id est sine quiete me¬
191 522 1090 577 dia intendatur successiue intensione continua: sicut in primo arti.
185 560 1077 619 dictum est. Et cum contra hoc dicitur quod non est dare primum instans ten
180 611 1079 659 poris mensurantis motum continuum: dicendum quod accipiendo
183 654 1080 702 proprie et precise motum continuum: qui scilicet est in infinitum parti¬
182 696 1077 754 bilis: non est dare primum instans in: quo scilicet subiectum quoc
172 739 1077 797 mouetur sit mutatum vel moueatur secundum illud: vel aliquid eius
173 782 1076 834 secundum quod est motus: est tamen dare primum instans in quo nec mo¬
168 829 1082 878 uetur nec est mutatum: sed incipit moueri exponendo ly. inci¬
167 869 1083 930 pit per negationem praesentis et positionem futuri: et hoc instans ali¬
176 917 1085 961 quado est vltimum instans: in quo mobile habet quietum esse et
167 956 1079 1016 non est mutatum secundum aliquid: aliquando vero est vel potest esse
170 996 1071 1060 instans in quo subiectum mutatur indiuisibiliter: vel est pri¬
163 1047 1083 1099 mo mutatum secundum aliquam formam: que tamen mutatio non est ali¬
167 1091 1077 1137 quod pertinens ad motum sequentem: sed potius ad precedentem
161 1129 1072 1185 tamquam finis eius: sicut generatio dicitur finis alterationis praecedentis:
168 1173 1077 1227 et sic alique mutationes indiuisibiles dicuntur finis praeceden¬
164 1215 1080 1275 tium motuum secundum Commmen. 6. phyco. vel ad nullum pertinet mo¬
167 1259 1068 1310 tum si nullum per se sequatur: et ideo si sumatur praecise intensio for¬
168 1305 1073 1352 me in casu dato. dico quod non est dare primum instans in quo
168 1347 1069 1403 forma intendatur: aut sit intensa: quamuis detur primum instans in quo
168 1389 1081 1445 est acquisita: et in quo incipit intendi: exponendo ly. incipit vt di¬
158 1435 1080 1485 ctum est: et ex hoc non tollitur quin intensio sit vere continua: sicut
167 1477 1065 1527 non tollit quin motus localis sit vere continuus: quamuis tem
167 1521 1078 1581 poris mensurantis ipsum sit dare primum instans: in quo mobile nec
159 1569 1068 1614 mouetur nec est motum: sed incipit moueri: si tamen improprie sumatur
165 1611 1068 1656 motus continuus pro aggregato ex mutatione prima indiuisibi¬
158 1649 1068 1704 li et motu immediate sequente vere diuisibili et continuo: non
162 1697 1067 1743 est inconueniens concedere quod sit dare primum instans temporis mensu¬
162 1739 1069 1785 rantis ipsum aggregatum: sicut si deus aliquod corpus transferret de
159 1779 1072 1830 loco a. ad locum b. in instanti: et immediate successiue et continue
158 1822 1067 1875 transferret idem de loco b. ad locum c. in tempore totius
155 1864 1068 1920 istius aggregati: ex prima mutatione indiuisibili et motu imme¬
161 1908 1065 1957 diate sequente diuisibili esset dare primum instans in quo mo¬
153 1946 1065 2009 bile esset mutatum: sed sic nimis improprie sumitur motus conti¬
149 1995 1074 2056 nuus. Solum enim ille proprie dicitur continuus: qui secundum quamlibet sui
155 2044 1068 2098 partem est in infinitum diuisibilis: quod non conuenit huiusmodi aggrega¬
163 2087 1063 2139 to. ⁋ Ad 4m cum dicitur cuiuslibet forme et naturalis que potest in¬
159 2129 1062 2175 tendi et remitti est dare minimum. ⁋ Respondeo quod si intellic
152 2174 1055 2229 gitur de minimo simpliciter propositio est falsa. Si vero de mi¬
144 2217 1057 2272 nimo quod potest separatum per se existere secundum sensum supra datum
154 2257 1067 2306 distinguendum est: quia vel intelligitur de minimo extensiue vel
147 2301 1050 2353 intensiue: secundo modo propositio est falsa: vt patet supra. Si primo
147 2347 1062 2398 modo potest concedi de minimo vel maximo quod non: sed tunc
137 2389 1058 2439 consequentia non valet cum infertur: ergo nulla forma potest intendi continuem
146 2432 1063 2479 magis autem consequentia haberet apparentiam si diceretur. ergo nulla for¬
158 2473 1051 2527 ma potest augmentari continue secundum extensionem. Sed tamen nec sic
152 2518 1059 2571 consequentia bona est: nec est si daretur minimum intensiue quod separa¬
155 2566 1053 2614 tum a reliquis partibus secundum intensionem posset existere: valeret
160 2608 1057 2653 consequentia ergo nulla intensio potest esse continua: et ratio est: quia licem sit dare
158 2649 1055 2696 tale minimum extensiue quod separatum etc. non tamen est dare mini¬
167 2694 1050 2746 mum inexistens et coniunctum: vt supra dictum est: et ideo id quod post mi¬
165 2737 1057 2790 nimum potens separatum existere generabitur poterit vtique esse mi¬
161 2779 1052 2830 nus tali minimo: sicut supra de nutritione et augmentatione
168 2820 1050 2879 animatorum est dictum: et sic talis augmentatio poterit esse continua
159 2864 1055 2913 in qua nulla pars erit primo genita: sed ante quamlibet genita
162 2911 1058 2956 erit aliqua minor. ⁋ Et per hoc potest responderi ad rationem Commentators.
159 2952 1051 3000 8. phy. que contra hoc videtur procedere: vbi ait. quod quia minima partium
165 2998 1056 3043 magnitudinis factarum est determinata in intellectu in actu: et quae¬
144 3035 1053 3102 libet earum fit in instanti cum sit indiuisibilis in factione: necesse est
1149 268 2033 331 vt iste partes non continuentur in motu nisi continuarentur instantia
1151 320 2036 375 ad inuicem. dicendum enim est quod quaelibet pars minima potens per se existe¬
1142 365 2039 420 re seperata: si detur minima: et non maxima non potens: vtique
1145 406 2043 462 determinata est: non autem quaelibet pars potens alteri inexistere seu
1146 448 2037 506 alteri coniuncta existere est determinata ad minimum: immo
1148 493 2030 548 nulla: similiter quaelibet minima potens per se existere si per se fiat est
1151 535 2036 591 generetur: et non infiat vel adgeneretur (si sic liceat loquius scilicet non
1143 583 2040 633 generetur nec fiat comiuncta alteri: indiuisibilis est in factione et
1139 625 2031 677 tota simul fit: nec potest fieri successiue: sed si alteri coniuncta gene
1143 665 2037 725 retur vtique diuisibilis est in factione id est potest fieri partibiliter: et prius
1148 704 2037 765 secundum vnam partem quam secundum aliam: et tunc fiet prius pars coniuncta minor mi¬
1143 757 2039 808 nima quae per se potest seperata fieri: vel per se sepaerata seorsum existe
1141 791 2033 845 re: alioquin numquam res aliqua tam modice posset augeri loquendo
1142 836 2034 893 de augmento animatorum quin in quolibet instanti quo esset aucta
1145 878 2047 935 esset in duplo maior quam prius vt supra dicebatur: quod tamen est falsum
1143 923 2037 977 vt sensui notum est: sic suo modo posset dici de intensione esto quod da¬
1139 966 1964 1023 retur minimum intensiue potens per se seorsum existere.
1178 1000 2034 1064 ⁋ Distinctionis. XXI. Questio. I
1372 1059 2041 1148 Ertio quero. vtrum forma corporalis im¬
1550 1104 2037 1159 tendatur per depurationem a contrario: et
1371 1145 2030 1202 remittatur per admixtionem contrarii: ⁋ Et argui¬
1377 1188 2037 1233 tur quod sic. p auctoritas P. 3o topico dicens quod quae contrariis
1362 1232 2037 1279 sunt impermixtiora: sunt magis talia vt albius
1365 1274 2031 1329 quod nigro impermixtius. Ex quo videtur quod intensi¬
1364 1318 2030 1368 or albedo minus est permixta nigredini: et re¬
1140 1360 2034 1408 missior magis: immo quod non sit aliud albedine esse intensiorem
1146 1400 2032 1459 quam minus esse nigredini mixtam. ⁋ 2o Commentatoris. 5. phy. ait. quod al¬
1133 1444 2034 1497 bum non fit minus album nisi ex mixtione contrarii. et in alio commen.¬
1131 1489 2031 1539 eiusdem li.o dicens quod diminutum in omni genere est diminutum per mixtio¬
1127 1533 2036 1580 nem contrarii. ⁋ 3o idem Commenta. 2o de generatione volens probare quatuor
1137 1576 2035 1628 elementa esse in mixto. dicens quod si calidum non esset in composito non esset
1140 1618 2037 1666 in eo frigidum nisi in fine id est in summo: ex quo videtur secundum ipsum quod purum
1128 1660 2036 1704 frigidum est frigidum in summo: et pura frigiditas est summa: et per con¬
1134 1702 2040 1752 sequens frigiditas non summa sed remissa est frigiditas mixta
1124 1747 2029 1808 caliditati: immo videtur quod non sit aliud frigiditatem esse
1127 1788 1752 1836 summam: quam esse puram et immixtam.
1110 1823 2027 1927 In oppositum arguitur: quia forme contrarie non possunt
1526 1875 2023 1931 esse simul in eodem subiecto primo: siue in ea
1127 1920 2031 1965 dem parte subiecti. ergo nulla forma intenditur per mixtionem contrarii.
1121 1956 1868 2009 Antecedens patet: ex diffinitione contrariorum: et consequentia nota est
1116 1999 2028 2096 In hac. q. duo erunt arti. In quorum primo videbitur de quosi¬
1387 2046 2028 2098 to: In 2o vero inquiret: an forme contrarie
1124 2094 2031 2147 possint simul esse in eodem subiecto primo: ita quod idem secundum idem vel ean¬
1121 2145 1828 2190 dem partem sit subiectum vtriusque forme contrarie.
1102 2178 2019 2273 Quantum ad primum dixerunt aliqui: et simplicius dicitur fuis
1378 2224 2029 2280 se huius opinionis: quod forma non suscipit ma
1133 2268 2019 2319 gis et minus neque intenditur et remittitur: nisi per hoc praecise: quia magis
1127 2314 2023 2367 vel minus miscetur forme contrarie: vnde quanto forma est permixtior
1126 2352 2018 2406 forme contrarie tanto est remissior: quanto autem est purior vel minus per¬
1115 2396 2030 2447 mixta contrarie tanto est intensior: nec est aliud formam intendi quam contrario
1115 2434 2023 2494 minus misceri: et eam remitti non est aliud quam contrarie forme magis
1128 2483 2035 2533 misceri: quae opinio solum auctoritas probatur superius arguendo inductis.
1115 2526 2035 2576 ⁋ hec opinio falsa est. vnde contra eam arguitur: primo quona aliqua forme inten¬
1115 2567 2034 2618 duntur et remittuntur quibus nulla forma est contraria: et hoc est verum de for¬
1124 2616 2028 2664 mis corporalibus: et similiter de spiritualibus: de corporalibus quidem vt de lu¬
1118 2657 2006 2701 mine cui nulla forma est contraria: et tamen intenditur aliquando: et quandoque re¬
1108 2702 2016 2754 mittitur. ⁋ Similiter visioni nulla forma est contraria: inteditur tamen et re¬
1118 2745 2013 2793 mittitur. Nam aliquando visio est perfectior et clarior: et aliquando minus:
1115 2787 2023 2839 sic cum corpus visum prius videtur de propinquo et post a remotis vel econtra.
1118 2829 2006 2876 ⁋ Similiter in formis spiritualibus quales sunt quae sunt in intellectum et volun¬
1112 2866 2031 2918 tate. vnde delectationi quae est in sciendo non est aliquod contrarium secundum. P. et tamen
1117 2915 2022 2964 suscipit magis minus. ⁋ Praeterea aliqua forme spirituales esto quod ha¬
1125 2957 2017 3008 beant contrarium: adhuc intendut et remittuntur sine illius admixtione:
1115 3001 2013 3048 quod probatur: quia alioquin sequeretur quod aliquis carens virtute et vitio si¬
1116 3045 2017 3120 bi contrario non posset acquirere virtutem illam quae caret: aut vitium oppo¬
