2433 3508
279 227 1197 310 causatur noticia conclusionis in alio. ⁋ Ad probationem de musica
281 273 1190 355 respectu arismetrice. dico quod nullus ignorans arismetricam
288 322 1181 396 nisi principio musice per experientiam: aut per aliam viam noscet: sed tantumo: cre
290 362 1191 436 deret: acquireret musicam quae est scientia: sed tantum modoquendam habitum creditum
279 412 1191 479 et quandam fidem: quam si vellemus possemus appellare musicam cre¬
273 454 1187 531 ditiuam. ⁋ Ad aliam dimissis multis aliorum solutionibus. Dico primo quod
282 491 1178 570 ratio peccat in forma tripliciter: tum quia est in 3a figura mi¬
269 541 1179 606 nore existente negatiua: tum quia altera praemissarum existente ne
269 577 1177 657 gatiua conclusio est affirmatiua: tum etiam: quia medium intrat conclusionem
273 629 1175 695 Si vero reducatur ad debitam formam non sequitur: aliqua conclusio ad suum
267 670 1182 741 propositum sicut potest faciliter patere inspicienti. ⁋ 2o dico: quod sicut non
269 718 1184 779 solum habitus scientifici dicuntur phisici vel metaphisici: sed
270 752 1181 828 etiam aliqui opinati: vnde frequenter philosophus quorumdam antiquorum
267 795 1176 873 opiniones: licet falsas vocat phisicas: quorumdam dicit non esse
255 850 1176 915 phisicas: sic etiam et quidam habitus crediti possunt dici metaphisici et
260 890 1170 953 geometrici et arismetrici: et talis esset perspectiuus ille habitus quem
264 936 1177 1002 quis acquireret simpliciter credens principia perspectiue. ⁋ hoc aut
254 978 1170 1041 prouenit: quia aliunde nominatur habitus phisicus vel metaph. et huiusmodi
262 1021 1167 1085 et aliunde scientia dicitur Nam ex eo quod de talibus vel talibus rebus est
251 1064 1161 1130 obiectiue dicitur phisicus vel aliquis talis: vt patet 6o metaphisice:
261 1103 1154 1173 ⁋ Dicitur aut scientia ex eo: quod est habitualis noticia ex actualibus
257 1153 1163 1211 vel ex his que per tales mediate vel immediate noticiis
254 1194 1166 1260 conclusionis causatis ex noticiis prioribus etc. iuxta doctrinam
251 1239 1163 1297 philosophi prio posteriorum acquisitam. Et ideo praeter defectum rationis quo ad
249 1279 1153 1349 formam: est etiam deffectus in materia: quoniam vtraque istarum. perspectiuus inquantum
249 1315 1164 1391 perspectiuus est sciens: perspedimentum inquantum perspectia est scientia: est falsa. ⁋ Ad
249 1371 1163 1432 primam confirmatione dico: quod non omnis perspectiua est scientia: sed illa du¬
253 1413 1160 1479 taxat quae est euidens noticia ex euidenti noticia suorum principiorum imme¬
251 1450 1152 1522 diate vel mediate genita: aut aliqua alia eiusdem rationis quam
248 1496 1163 1559 deus immediate per seipum vellet causare. ⁋ Ad 2am confirmationem:
248 1535 1153 1602 dico primo quod idem argumentum posst fieri de scientia non subalterna supposi¬
237 1577 1161 1653 to quod intellectus principiorum distinguatur ab habitu conclusionis: et sic pari¬
242 1627 1151 1693 ter potuissent dixisse absolute: quod theologia est scientia absque
242 1671 1161 1739 quod adderent subalterna: quod tamen non dicerent. ⁋ Dico 2o quod
243 1712 1157 1779 si aliquam perspectiuam: quae nunc de facto est scientia: deus conseruaret absque
246 1758 1157 1820 geoemtia: adhuc ipsa esset scientia apta nata in actus similes: in quos
246 1805 1157 1870 nunc est: si cetera pariter concurrerent: non aut ex hoc sequitur quod per¬
243 1841 1148 1897 spectiua quae acquireretur in aliquo carente geoemia esset scientia. ⁋ Ad 3am
236 1883 1154 1950 rationem concedo quod scientia subalterna: et similiter non subalterna non nouit
236 1927 1152 1993 sua principia: quia scientia non est principiorum vt supra dictum est: sed tam
242 1967 1145 2036 hec quam illa est noticia ex noticiis suorum principiorum causata.
243 2017 1140 2084 ⁋ Rsponsio ergo nunc aliter ad articulum istum. Et pono conclusiones 4
242 2061 1146 2122 ⁋ Prima est. quod ex discursu theologico non per se acquiritur
236 2100 1136 2172 scientia. ⁋ 2a quod acquiritur adhesio in animo dantis fidem sacre scripture
224 2150 1141 2211 in aliis autem non. ⁋ 3a quod non acquiritur adhesio cum formidine.
234 2193 1140 2251 ⁋ 4a quod acquirit fides quadam: ex quo patebit quod habitus theo¬
239 2233 1140 2298 logie qui consequenter acquiritur est quidam habitus creditiuus et fides
249 2273 1139 2342 idam acquisita. ⁋ Primam conclusionem probo sic. Smnis discursus
227 2324 1132 2385 per quem per se acquiritur scientia est ex propositionibus primis et immediatis no¬
229 2368 1127 2423 te sunt: patet ex primo posteriorum. vbi philosophus dicit: quod sine his vti¬
225 2410 1132 2471 que erit sillogismus: sed non faciet scientiam: sed discursus theolo
230 2453 1134 2517 gicuius non est ex talibus: cum sit ex creditis: vt patet ex articulo 2o er
219 2498 1123 2558 go etc. ⁋ Confirmatur: quia omnis discursus faciens per se scire est de
230 2542 1124 2609 monstratio: patet ex diffinitione demonstrationis primo posteriorum
227 2576 1128 2646 sed discursus theous non est demonstratio: alias infidelem etiam in
232 2627 1126 2693 naturalibus bene dispositum faceret scire et assentire conclusioni theologi¬
222 2665 1124 2729 ce: quod patet falsum. ⁋ 2o nullus discursus primo innitens auctori
219 2707 1122 2780 tati generat scientiam: sed omnis discursus theologicus est huiusmodi: vt patet
222 2760 1122 2815 ex articulo 2o ergo etc. maior patet: quia ex auctoritate sola fides
218 2801 1129 2858 gignitur: iuxta illud Augu. in de vtilitate credendi. quod intel
221 2845 1129 2906 ligimus demus rationi: quod credimus auctoritati. et in primo de libro
214 2884 1118 2951 ar.o ait: num ad auctoritatem legis confugiendum censes homnibus iam
207 2920 1128 2986 non tamen credere: sed intelligere cupientibus: q. d. nullo modo. vbi
212 2974 1127 3030 manifeste innuit quod probatio per auctoritate non scientiam: sed tantumo
207 3012 1118 3088 fidem aggenerat. ⁋ 3o nullus discursus theologicus maiorem
1251 245 2154 342 euidentiam vel certiudinem facit de veritate aliqua theologi¬
1239 306 2159 381 ca quam alius theologicus discursus faciat de veritate theo¬
1243 349 2148 428 logica contingenti per nullam experientiam nobis notam¬
1242 396 2156 466 ergo nullus discursus theologicus per se facit scientiam:
1250 437 2145 510 consequentia patet: quoniam nulla veritas contingens quae non est nota no
1245 480 2141 550 bis per experientiam est eque nobis nota: sicu illa de qua ha¬
1245 522 2136 602 bemus scientiam: antecedens probatur: quoniam siue theologice probetur: quod
1235 569 2139 646 deus est trinus et vnus: siue quod est eternus vel sapiens: aut quam
1238 615 2133 681 cumque aliam veritatem necessariam vel contingentem mere cre
1241 653 2134 728 dibilem: aut etiam naturaliter scibilem: quis theologice probet: non
1239 696 2135 774 maiorem faciet de ea euidentiam vel certitudinem quam faciet
1241 740 2131 811 alius de ista veritate quod deus iudicabit mundum: et quod secu¬
1241 787 2128 856 lum finietur: aut alia mere contingente si theologice probet il¬
1242 831 2126 897 lam: patet: quoniam vterque ex auctoritatibus sacre scripture proce
1233 871 2142 945 det: vt dictum est in arti. 2o non maiorem autem euidentiam vel
1233 911 2125 990 certitudinem faciet in mente vna auctoritas sacre scripture
1227 956 2120 1023 inquantum huius quam alia: sicut patet. ergo etc. ⁋ 2a conclusio quo ad
1226 997 2118 1076 primam partem probatur: quoniam omnis discursus necessitans intellictum
1230 1046 2123 1117 credentis sacran scripturam ad assentiendum ei: cui alias non as¬
1221 1084 2124 1160 sensisset per se causat in illo adhesionem: hoc patet: sed discur¬
1221 1129 2128 1200 sus theologicus est huiusmodi probatio: quia si theologice probetur
1215 1174 2125 1250 aliqua veritas non formaliter contenta in sacra scriptura: nec per
1221 1218 2124 1291 ecclesiam determinata ad credendum: cui est ante huiusmodi probatio
1220 1265 2121 1330 nem non assensisset fidelis: necessitatur talis intellectus ad as¬
1217 1299 2124 1377 sentiendum illi: quoniam impossibile est naturaliter assentire principiis
1214 1346 2117 1414 quin assentiat conclusioni: si appareat euidenter quod necessa
1217 1396 2120 1461 rio sequitur ex illis. Quo ad aliam partem: patet conclusio: quia
1208 1436 2110 1507 constat quod discursus theologicus non causat adhesionem
1211 1475 2113 1545 in animo alicuius pagani vel alterius non recipientis sa¬
1217 1519 2108 1589 cram scripturam ad fidem: esto quod ille ita nouerit conclu¬
1215 1560 2114 1632 sionem sequi ex premissis: sicut fidelis catholicus vel theo¬
1210 1602 2118 1677 logus. ⁋ Confirmatur etiam ista conclusio ex auctorita¬
1205 1645 2102 1715 te Dionysui de diui. non allegata superius in articulo secum¬
1215 1692 2111 1758 do questionis huius. ⁋ 3a conclusio probatur: quia omnis
1205 1739 2112 1807 adherens sine formidine aliquibus praemissis: adheret si¬
1214 1784 2104 1854 ne formidine conclusioni: quam noscit necessario sequi ex
1215 1818 2106 1888 illis: hoc patet: quia non apparet: vnde isti contingat formido:
1208 1870 2103 1931 qui nec ex premissis: cum eis assentiat firmiter: et sine for¬
1215 1912 2100 1977 midine: nec ex illatione: cum illam cognoscat esse necessariam. ⁋ Con¬
1202 1949 2108 2024 firmatur: quia non videtur possibile naturaliter: quod aliquis euidenter cogno¬
1196 1987 2105 2061 scat eta indubitanter assentiat: quod antecedens non potest esse verum sine consequente.
1206 2035 2100 2110 Et indubitanter assentiat antecedenti: quin indubitanter est consequen
1206 2085 2102 2147 ti quod cognoscit euidenter et indubitanter esse consequens ad illud. Pre
1206 2129 2102 2189 misse aut in discursu theologico debite regulato sunt antecedens ad
1199 2166 2103 2232 conclusionem theologicam: sed danus firmam fidem sacre scripture assentit
1209 2213 2095 2276 dubitanter praemissis discursus theologici: vt patet: ex arti. 2o
1191 2258 2093 2325 ergo etc. ⁋ 2o quia alias periculosum esset in theologia studere: quia de
1196 2305 2094 2369 tali studio consurgeret dubitatio circa sacram scripturam: vbi
1187 2334 2085 2418 autem dubitatio est: fides non est: vt dicit hu. de san. libo primo. Et Aug. 8o
1191 2381 2094 2451 de tri. vult quod in his quae ad fidem pertinent: sicut est scriptura sacra: non
1193 2426 2091 2496 licet dicere forte: quia dubsitinem importat: vnde ait. salua fide licem
1194 2477 2085 2537 dicere forte vergo maria talem faciem habebat. forte aut non talem: forte
1185 2508 2089 2582 aut de vergie natus est christus nemo salua fide christiana dixerit: et sic
1190 2555 2090 2630 de studio theolo modo quis fieret hereticus: consequentia priomo. quia quicumque du¬
1190 2599 2088 2673 bitat de veritate consequentis et certus est de consequentia eius ad antecedens: consequentur dubitatis
1193 2651 2090 2707 de veritate antecedentis. igitur si theologus de veritate con¬
1185 2687 2084 2762 clusionis theologice dubitaret: quam vtique certus est sequi ex
1181 2729 2088 2808 sacra scriptura: consequentur dubitaret de veritate sacre scripture.
1191 2771 2081 2848 ⁋ 4a conclusio faciliter probatur: quia omnis assensus absque
1187 2821 2073 2889 euidentia et formidine est fides: hec satis clara et sententialiter su
1182 2861 2073 2930 mitur ab hug. de sa. vbi proximo supra: sed adhesio causa
1189 2910 2067 2977 ta in animo firmiter credentis sacre scripture est huiusmodi: vt pat
1179 2956 2073 3005 ex conclusionibus praecedentibus. ergo etc. Ex hoc etiam vlterius
1187 2994 2084 3059 patet: vt dicebatur: quod habitus ex huiusmodi adhesionibus derelictus est
1177 3037 2087 3103 habitus creditiuus et fides quadam habitualis acquisita: et per
