2490 3522
194 267 1120 322 forma firmius inheret sibi et immobilius primum dici non potest: tum
198 320 1116 371 qui forma informans vnam partem subiecti non potest eadem ipsa naturaliter aliam
204 357 1103 421 informare de nouo: tum quia esto quod ita esset sic quod forma quasi in
203 407 1113 454 grederetur magis ad intima subiecti: adhuc subiectum non esset ma¬
204 446 1106 496 gis tale per ipsam: licet esset maius tale. Similiter 3m non facit ad proposii
204 493 1109 548 situm: tum quia ex hoc subiectum non esset magis tale formaliter: immo pos¬
200 535 1112 587 set esse econtra sic quis per ruborem verecundie qui est passio faciliter de¬
201 575 1104 628 lebilis aliquando magis rubeus est: quam vnus alius per rubedinem que
192 619 1119 672 est passibilis qualitas et magis radicata et firmata subiecto. vnde
197 666 1118 709 non ex hoc quod aliqua forma. vbi gratia albedo primanentius et immobi¬
195 704 1110 770 lius inheret aut diuturnius subiecto est ipsum magis tale: quamuis sit
191 756 1101 806 diutius tale: sicut est dicit. P. primo ethicorum neque inquit prpetuum esse ma¬
200 799 1104 850 gis bonum erit: sed neque magis quod diuturnius est eo quod vnius¬
197 837 1112 886 diei. tum quia nec ex hoc tali nouo modo habendi subiectum transmutaretur.
204 879 1107 929 Nam magis quiescendo sub forma radicatur et firmatur ipsa in subiecto
195 926 1110 967 quam si subiectum transmutaretur secundum ipsam. quod autem fit magis tale ne¬
192 967 1109 1029 cessario magis transmutatur secundum formam illam. Relinquitur ergo 2m
188 1010 1107 1066 valet quod ideo subiectum magis dicitur participare formam: quoniam secundum totum vel
192 1057 1121 1112 easdem partes suas perficitur pluribus partibus forme: aut forma perfe
188 1102 1110 1154 ctiore et maiore intensiue: et habet propositum. ⁋ 2o non valet responsio
197 1144 1119 1187 quoniam impossibile est totum subiectum cathegoredoe transmutari secundum totam
192 1184 1109 1231 formam quam habet non perdendo ipsam: quin aliqua pars subiecti acqui
185 1231 1100 1280 rat aliquam partem forme quam prius non habet: quoniam si quaelibet pars subiect
189 1273 1115 1323 habet eandem partem forme praecise nunc et prius forma prius posita
192 1313 1106 1361 tota cathegoremdo e et sincathegoremdoe vniformiter se habet peni¬
197 1362 1116 1412 tus ad totum subiectum: et per consequens totum subiectum cathegoremdaoe vnifor
186 1404 1116 1447 miter se habet ad totam formam cathegoremoaoe: ac per hoc non mu
192 1446 1108 1499 tatur: istud patet in exo eorum. Nam si nulla pars celi acquireret no¬
185 1486 1115 1541 uam partem loci secundum materiam vel subiectam: sed quaelibet maneret in ea¬
189 1530 1107 1584 dem parte loci impossibile esset totum celum cathegoremdo mutare locum
185 1573 1106 1626 secundum formam aut transferri de circulatione perfecta in circula¬
201 1621 1106 1669 tionem perfectam: quae sunt loca secundum formam: vt patet ibi: et 4o phyc. sed
194 1663 1122 1714 semper haberet eandem circulationem: vt patet. ⁋ In proposito autem
179 1708 1112 1755 constat quod non sic contingit. Nam vna pars subiecti non informatur alia
195 1753 1110 1802 parte forme quae prius informabatur alia pars subiecti: sicut vna pars ce¬
185 1795 1112 1850 li habet eandem partem loci: quam alia pars celi prius habebat: quapropter si quaeli¬
190 1832 1109 1876 bet pars subiecti retinet eandem partem forme praecise quam pus ha¬
204 1871 1119 1930 puit: nec aliam partem acquirit se necessario quod nec totum subiectum nec ali
191 1919 1119 1971 qua pars eius transmutatur secundum formam illam. ⁋ 3o arguo per rationem
192 1965 1106 2010 ab antiquo factam contra istam opinionem. Nam si forma intendus praecise
198 2008 1113 2055 secundum esse propter maiorem dispositionem subiecti. cum illa dispositio sit forma
192 2051 1116 2101 quaedam quaerendum est vtrum illa sit maior secundum suam essentiam: et habe¬
198 2096 1107 2146 tur propositum: an tantum secundum esse et propter aliam maiorem dispositionem subiecti ad
194 2139 1119 2190 ipsam: et sic vel proceditur in infinitum in dispositionibus: vel erit de¬
186 2180 1111 2233 uenire ad aliquam dispositionem: quae ideo sit maior: quia in se et secundum suam
200 2225 1106 2273 essentiam plures continet gradus: et habetur propositum: et cum hoc eadem
191 2264 1103 2319 ratione concedi debet de qualibet forma quod ipsa secundum suam essentiam inten
203 2311 1118 2370 datur. ⁋ Ad hanc autem rationem ipsi dupliciter respondent. Primo quidem di¬
201 2357 1109 2408 cendum quod 2a qualitates intenduntur propter intensionem primarum qualita¬
192 2406 1106 2453 tum formalium quae sunt qualitates primo actiue et passiue et sunt dispo
206 2442 1118 2493 sitiones ad qualitates secundas. ille autem intenduntur propter intensionem
192 2486 1112 2538 primarum qualitatum materialium quae sunt raritas et densitas. ille vero non
199 2529 1118 2580 intendunt propter intensione primarum aliarum priorum qualitatum: sed rari¬
192 2575 1113 2626 tas praecise intenditur propter maiorem extensionem materie: et densitas propter
204 2622 1110 2673 maiorem materie constrictionem. Nam tanto res rarior est: quanto ipsa
206 2660 1107 2704 sine additione alicuius extrinseci maiorem occupat vel oc
204 2705 1113 2751 cupare nata est locum: et econtra de densitate. Quia autem materia nunc simul
201 2750 1113 2798 extensior vel minus extensa non requiritur aliqua alia dispositio: sed in
207 2790 1109 2846 na sua est: vt sic formaliter potest extendi per quantitatem et ab agen¬
203 2835 1110 2887 te actiue: et sic vitatur processus in infinitum in dispositionibus. ⁋ 2o respon
197 2874 1118 2925 detur quod possibile est formam intendi propter maiorem dispositionem subiecti:
203 2925 1121 2973 esto quod illa dispositio subiecti non intendatur. Nam vna forma potestre¬
209 2969 1118 3017 cipi in subiecto mediante duplici qualitate: sicut caslitas mediante
197 3009 1119 3058 siccitate et humiditate: siccitas tamen magis disponit ad calo¬
192 3050 1113 3124 rem: quam huiditas: vnde in materia sicca ceteris paribus est calor inten
1175 261 2087 324 sior: quam in huminda. Si ergo aliquod subiectum sit calite et humidum et
1182 320 2080 366 postea fiat siccum: erit calidius quam fuit prius: et tamen subiectum non erit.
1173 366 2072 412 magis calitem aut dispositum ad calore propter intensionem prioris di¬
1179 407 2090 454 positionis: sed propter nouam dispositionem alterius rationis a prima. ⁋ Contra.
1169 455 2084 508 prima responsio non valet: tum quia non est necesse quod quandocumque aliquod subiectum fit
1170 493 2078 552 magis vel minus tale ipsum rarefiat vel condensetur: sic probatum
1172 535 2082 585 est. s. in prima. q. de augmento formarum. arti: primo. Et patet etiam: quia si lu¬
1179 583 2076 633 ne appropinquaretur aliquod corpus potens eam illuminare: quanto
1175 622 2088 676 plus appropinquaretur: tanto eius lumen intenderetur: et tamen ipsa non
1170 669 2085 715 rarefieret aut condensaretur. tum quia et in formis spiritualibus in anima
1176 710 2084 762 rationali est intensio ea remissio etia sated istos: et tamen ibi nulla est conden¬
1163 750 2081 800 satio vel rarefactio: et ibi tunc ratio fcam est insolubilis. ⁋ 2a quoqmue
1170 793 2081 842 responsio non valet. nam vt probatum est. supra q. et articio allegatis. possibile est aliquam
1169 838 2073 891 intensionem esse continuam: quae posito non poterit dici quod forma intendatir
1167 882 2081 933 propter aliquam dispositionem secundum speciem: nisi poneretur quod in qualibet parte
1167 930 2084 979 temporis mensurantis intensionem illam subiectum sit mutatum secundum infinitas
1175 969 2073 1026 formas specie daestentes. ⁋ Item cum possibile sit aliquam earum esse tantum per
1182 1015 2085 1065 vnum instans: sequitur quod simul habebit infinitas formas specie draisentes quod
1170 1055 2072 1102 sunt inconuenientia. ⁋ 4o contra opi. sequeretur quod forma subiectalis est susci
1172 1100 2072 1154 piat magis et minus. Nam si ideo forma accidentalis suscipit magis
1172 1146 2087 1190 et minus: quia subiectum quod perficit potest esse seu est magis et minus dis¬
1169 1189 2088 1244 positum: cum est subiectum vel materia forme substantialis aliquando sit magis dis¬
1173 1230 2088 1284 posita ad formam illam substactalem quam primo fuit. Similiter vna ma plus¬
1178 1272 2087 1325 quam alia. nam forma subiectalis non habet in esse indiuisibili dispositionem:
1167 1315 2079 1363 cum quadam corpora magis videamus disposita ad animam quibusdam
1176 1358 2085 1410 aliis. vnde et meliores habent operationes in eis. similiter non quaelibet materia
1175 1400 2093 1451 in qua inducitur forma ignis est eodem modo et eque bene disposita ad ipsam:
1170 1445 2087 1503 vt patet ad sensum: seitu quod etiam forme subitectales suscipient magis et mi¬
1173 1490 2074 1537 nus quod isti negant: vnde nisi in subiecto magis disposito esset for
1167 1530 2088 1579 intensiue secundum se maior: quam ea quae est in minus disposito: ipsum non
1167 1578 2085 1622 esset magis tale: quam illud. Nec valet responsio: eorum: qua dicunt ideo for
1167 1616 2093 1667 materia subsiectalem non suscipere magis et minus: quia ipsa dat esse speci
1174 1658 2093 1710 ficum substantiale: et tale esse non potest variari: nisi ipsa forma varietur secundum
1167 1704 2094 1749 speciem. non valet inquam: quoniam sicut forma subiectalis dat esse specium substantiale:
1175 1739 2093 1793 ita forma accidentalis dat esse spedieum accidentale. Si ergo propter aliam dispositio¬
1170 1786 2087 1838 nem subiecti potest variari esse formae accidentalis non variata forma acci
1179 1826 2078 1878 dentali spediete. sic propter aliam dispositionem materie potest variari esse for
1167 1875 2085 1926 subsiectalis ipsa non variata spediete: et sic sicut eadem forma accidentalis specie
1176 1917 2090 1968 et nuoa propter maiorem vel minorem dispositionem subiecti potest dare esse
1177 1962 2091 2013 subiecto magis vel minus: sic et substantialis: aut si subiectalis non pote¬
1175 2003 2082 2054 rit: neque et accidentalis hoc poterit. ⁋ Dico ergo quantum ad hunc artium
1183 2051 2078 2100 quod forma quaelibet corporal qua intenditur: intenditur per acquisitionem noue for
1182 2092 2085 2142 totaliter vel partialiter eiusdem rationis. Et quod in qualibet intensione hususmod
1179 2134 2084 2187 acquiratur noua forma vel pars forme: patet ex rationibus praemissis. quod
1175 2179 2088 2226 vero illud nouiter acquisitum sit eiusdem rationis cum priore: patet ex
1184 2217 2076 2275 eo quod forma non augetur: nisi per simile: nec subiectum fit mag
1169 2263 2109 2310 tale formaliter: nisi per aliquod simile ei quo est tale. ⁋ Con¬
1179 2309 2093 2353 tra ista tamen sunt obiectiones alique. Primo quidem: quia augmen¬
1173 2355 2093 2407 tatio et generatio sunt mutationes desparate. igitur augo potest esse si¬
1184 2394 2088 2444 ne generatione: et per consequens potest forma augmentari sine productio¬
1181 2435 2092 2488 ne alicuius alterius partis similis: ac per hic sine additione al
1182 2480 2109 2528 terius. ⁋ 2o in indiuiduis eiusdem rationis non est ordo essen
1179 2524 2093 2574 tialis secundum perfectionem. Si autem forma intensa esset in se et secundum suam
1177 2568 2091 2617 essentiam perfectior alia non eque intensa: iam vnum indiuiduum
1181 2609 2100 2660 esset essentialiter et inequaliter persectius alio indiuiduo eiusden¬
1185 2658 2094 2707 rationis. ⁋ 3o si forma auged per additionem: aut illud additum
1179 2697 2100 2751 est essentiale naturae vel forme specifice: aut accidentalem tantum. si essen¬
1179 2740 2089 2792 tiale. ergo praeexistens forma cui additur non erat per se in specie illa cum
1185 2783 2090 2830 careret eo quod est de ratione et essentia speciei. Si accidentale. ergo non fa¬
1183 2824 2100 2878 cit per se vnum cum praeexistente: et per consequens non augmentat ipsam. ⁋ 4o si
1190 2870 2092 2915 forma intendus per hoc quod sibi additur alia consimilis. ergo et forma subsiectalis et
1181 2915 2102 2969 consimiliter quantitas intenderetur ex additione alicuius consimilis: cum et forme
1182 2959 2089 3010 substantiali possit addi similis forma vel pars similis faciens per
1191 3001 2092 3049 se vnum cum ea: et similiter quantitati. consequens tamen est sfcilitet: quia nec substectalis forma
1182 3045 2109 3100 nec quantitas suscipit magis et minus. ⁋ 5o cum aliqua res
