2448 3551
392 262 1304 322 alba condensatur ipsa fit albior: vt patet ad sensum: et tamen non
392 313 1299 370 generatur tunc aliqua pars noua albedinis. ergo non est concedendum
384 364 1301 416 intensionem forme fieri per additionem. ⁋ 6o cum aliquod corpus
390 400 1290 453 visum a remotis fit propinquius videnti: visio intendit et videns
390 446 1295 499 clarius et perfectius videt: et tamen visioni nihil additur. cum ipsa sit
386 491 1292 542 totaliter simpliciter et indiuisibilis. ⁋ Ad primum quamuis de genertione posset
387 528 1285 584 multipliciter distingui: quantum tamen sufficit ad propositum loquendo de ge¬
390 563 1302 628 neratione forme accidentalis eo modo quo conceditur ipsam generari. Di¬
380 619 1296 670 co quod genertio forme tripliciter accipi potest. Uno modo generaliter pro productione
389 660 1302 705 forme quae non praefuit. Alio modo specialius pro productione forme quae non
383 704 1298 761 praefuit: aliqua tamen pars praefuit eius et aliqua non. 3o modo pro productione forme quae
377 749 1290 802 non fuit neque aliqua eius pars: sed secundum quodlibet sui incipit esse. Si su¬
383 793 1296 842 matur generatio forme primo modo. dico quod impossibile est augmentationem forme
374 837 1299 887 esse sine generatione forme: et loquor de intensiua augmentatione de
383 880 1301 922 quae nunc agitur. ratio est: quia nunquam est intensio forme: nisi ex ea qua ad¬
386 922 1302 973 ditur et ea cui additur fiat vna forma per se vna: vnde siue adda
384 967 1289 1015 tur praeexistens praeexistenti: siue noua praeexistenti non est intensio: neque forma
381 1005 1297 1063 dicitur augeri nisi ex vtraque fiat quadam forma totalis per se vna: sicut
383 1053 1298 1101 ex eo quod huiditas sacitin quae fuit in vino additur et coniungitur hui¬
384 1098 1289 1147 ditati existenti in corpore christi: et albedo hostie iungitur albedini
374 1141 1302 1199 oculi christi. cum christus et quaelibet pars eius sit sub quadam parte sactein: quia tamen ex
377 1184 1290 1230 hac huiditate et illa non fit huiditas aliqua totalis per se vna.
381 1227 1289 1284 Similiter nec ex hac et illa albedine: idcirco nec ista nec illa dicitur
384 1271 1287 1324 augeri. Nec obstat quantum ad hoc quod huiditas et albedo saciten
378 1321 1289 1372 non insunt neque informant corpus christi sicut accitiua eius: quia quamuis hoc im
374 1361 1301 1413 pediat ne corpus christi sit albius vel huidius: non tamen impediret: quin
384 1400 1298 1455 huiditas esset aucta: et similiter albedo: si vtreque facerent vnam for
375 1450 1302 1506 mteria per se: vnde si huiditati separate adderetur huiditas seperata et
382 1490 1295 1533 constituerent huiditatem vnam per se vtique esset augmentatio hu¬
381 1529 1296 1591 miditatis: et tamen nihil esset per illam huidius neque humidum. vt ergo
375 1572 1281 1623 forma vere dicatur augeri necesse est quod ex ea quae praefuit et illa quae ad
381 1615 1290 1675 ditur constituatur vna forma per se. talis autem forma ex vtraque consti¬
368 1666 1286 1719 tuta tunc est et non praefuit: esto quod vtraque pars eius praefuisset: et per
381 1702 1284 1763 consequens noua forma est genita: primo modo loquendo de generatione. Sed generatio
375 1743 1278 1800 hoc modo bene potest esse sine augmentatione: quoniam possibile est formam genera
378 1792 1281 1845 ri cuius nulla pars praefuit. Et tunc non est augmentatio: cum in qualibet
369 1832 1290 1885 augmentatione forme aliqua pars eius praefuit. Si 2o modo sumatur generatio for¬
366 1879 1284 1933 me. dico quod numeraliter non potest esse augmentatio intensiua forme sine
378 1924 1290 1971 generatione: quoniam forme praeexistenti non potest addi aliqua alia forma praeexistens:
365 1965 1284 2023 sic quod sint in eodem subiecto primo: sed vt forma intendatur naturaliter oportet aliquam
367 2008 1296 2068 partem forme de nouo fieri in eodem subiecto primo faciens per se vnum cum
365 2055 1283 2102 praeexistente: et tunc constat quod est generatio forme hoc 2o mod sumpta. Per po
368 2100 1283 2153 tentiam autem dei augtatio forme potest esse sine huiusmodi generatione. Nam potest
366 2143 1293 2189 deus formam praeexistentem alteri forme vnire: sic quod vtraque erit in
366 2184 1277 2235 eodem primo subiecto et faciant per se vnam formam eiusdem rationis. Sed econve
365 2230 1283 2284 genatio sic sumpta per nullam potentiam potest esse sine augaonem: quoniam quando
381 2272 1283 2323 cumque est talis genertio forme ex parte quae praefuit: et ea quae nouiter fcam¬
377 2317 1282 2369 est: fit forma maior intensiue. Si autem 3o modo sumatur genertio est naturaliter
369 2355 1280 2407 aliquando est sine auganotiem: et patet: sed econverso augdo non potest naturaliter esse sine ge
369 2399 1284 2460 neratione. Per potesm vero dei potest: vt patet per ea qua immediate dicta
375 2440 1280 2499 sunt. Et per hoc patet quo est concedendum quod genertio et augdo sint muta¬
380 2490 1283 2545 tationes disperate et quo non. ⁋ Ad 2m dicendum: quod tam inter in¬
372 2532 1286 2586 diuitia eiusdem rationis quam diuersarum rationum est ordo essentialiter secundum
372 2572 1278 2630 perfectionem id est vno est essentialiter aliud perfectius. drisenter tamen hoec
378 2621 1278 2679 est in his et in illis. Nam in quibuslibet indiuiduis diuersarum ratio.
366 2663 1290 2716 num est talis ordo saltem secundum commne dictum philosophorum. et Aug. idem inuit
375 2706 1278 2753 3o de li airio non autem inter qualibet indiuitisa eiusdem rationis est talis
365 2752 1284 2797 ordo. Nam possibile est aliqua esse: et de facto sunt: quae sunt eque perfe
377 2794 1268 2840 cta. ⁋ Ad 3m dicendum: quod natura et forma speciei potest accipi dupliciter. Uno
368 2838 1284 2889 proprie pro essentia et nam extra animam quam significat species et diffi
365 2883 1286 2934 nitio speciei: et sic quelibet nam singularis ex animam per speciem si¬
365 2926 1274 2980 gnificata est nam speciei. Alio modo sumi potest na et forma speciei impro¬
377 2966 1278 3019 prie scilicet pro diffinitione speciei. Si sumatur primo modo: dico quod illud ad¬
369 3010 1265 3057 ditum est essentiale nare speciei. Nam est pars intrinseca et essentia
366 3049 1283 3124 lis forme illius quae ex ipso addito et parte cui additum est consti¬
1344 250 2274 327 tuitur: et tunc patet quod consequentia non valet. Nam etiam pars praeexistens erat
1344 321 2261 368 natura speciei cui nec erat nec est essentiale illud additum: nec
1356 359 2271 410 tamen sequitur. ergo ipsa non fuit per se in specie illa: sict anima sortis est
1353 409 2259 458 aliquid essentiale hoc modo naturae speciei humane: nec tamen quia plato ca¬
1352 449 2262 490 ret anima sortes sequitur quod plato non sit per se in specie humana eo mo¬
1352 485 2264 545 do quo res dicunt esse in specie. Si vero sumatur forma speciei 2o
1356 531 2265 580 modo. sic dico quod proprie loquendo illud additum non est sibi ac¬
1361 576 2262 624 tidentale neque esentiale: nec est aliqua res ex animam que non est
1355 620 2271 677 signum. Solum enim termini ex qubus componitur diffinitio sunt si¬
1361 671 2265 718 bi essentiales. Improprie tamen posset concedi quod est essentiale
1358 712 2270 760 diffinitioni: quia de eo seu de aliquo termino stante pro eo praedica¬
1350 749 2283 805 tur in quid diffinitio. Sed nec sic procedit consequentia. ⁋ Ad 4m di¬
1356 796 2276 848 cendum quod non quelibet additio similis in specie faciens cum eo cui
1361 837 2258 889 additur per se vnum indiuiduum illius speciei sufficit ad augmentatio¬
1361 886 2264 937 nem intensiuam. Sed oportet vltra hoc quod additum et illud cui additur sint
1364 929 2270 977 n eodem situ primo: nec faciant aliquod maius extensiue. naturaliter autem ta¬
1363 965 2263 1024 lis additio non potest fieri ad formam substectalem: et ideo ipsa non potest
1356 1011 2271 1063 intendi vel remitti naturaliter. Si tamen haec esset possibile ita intenderetur et
1362 1057 2265 1114 qugmentaretur intensiue: sicut forma accidentalis: et sic ipsa augo
1353 1101 2265 1150 mentatur extensiue ex additione similis facientis vnum per se cum
1361 1142 2263 1195 illa. Utrum autem per potentiam dei hoc sit possibile: posset esse
1349 1185 2273 1238 dubium pro eo quod etiam si deus possit plures formas subiectales
1355 1227 2265 1282 eiusdem speciei simul iungere secundum situm: sic quod omnes sint in eodem
1343 1279 2279 1330 situ primo: sicut duas animas in eodem corpore. Dubium tamen est
1349 1320 2276 1372 an quaelibet illarum posset totum illud informare: et sic an ex vtra¬
1356 1367 2280 1415 que posset vna fieri que essentialiter vtramque includeret: quorum
1353 1405 2262 1454 vtrumque requireretur ad intensionem. per hoc patet quid dicendum de quanti
1347 1451 2282 1501 tate. ⁋ Ad 5m dico quod si res alba condensetur et nullus gra¬
1353 1494 2274 1539 dus albedinis de nouo generetur ipsa non fit albior secundum vri¬
1357 1536 2274 1592 tatem: sed solum secundum apparentiam: eo quod propter maiorem propinquitatem
1356 1585 2277 1634 ptium fortius mouet sensum: sicut duo lumina proxima magis
1349 1625 2280 1677 illuminant idem illuminabile: quam distantia: et ita de aliis agen¬
1350 1666 2270 1718 tibus. Nam virtus vnita fortius agit. Si vero res homo condensa
1344 1712 2273 1765 ta sit albior secundum veritatem. dico quod necesse est ibi esse nouum
1352 1760 2261 1809 gradum albedinis additum: et maiorem intensiue albedinem esse
1347 1797 2283 1851 generatam. ⁋ Ad 6um dico quod visio intenditur per additionem si¬
1349 1841 2265 1895 milis in specie: sic alie forme: nec est essentialiter simplex: sed vere
1347 1890 2283 1935 ex partibus eiusdem rationis composita: sicut albedo. ⁋ Ad rationes
1353 1930 2283 1986 opi respondeo. Et ad primam quide per quam probant formam nec inten
1353 1971 2283 2026 di secundum essentiam: neque habere latitudine aliquam in sua essentia: co
1350 2018 2283 2071 sed penitus esse indiuisibilem ex similitudine numerorum ad 6
1353 2057 2283 2115 essentias formarum. Dicendum primo quod si similitudo. P. in lo ert
1354 2109 2282 2161 to illo esset inter numeros et essentias formarum probaretur
1360 2149 2259 2206 appositum eius quod volunt. si formam esse secundum essentiam diuisi¬
1337 2187 2270 2251 bilem et habere partes intrinsecas. Nam prima similitudo quam
1352 2232 2264 2286 ponit. P. est quod numerus habet partes intrinsecas et est essen¬
1344 2281 2264 2331 tialiter diuisibilis: licet non in infinitum: et sic secundum hoc essentia
1353 2330 2263 2377 orme habebit intrinsecas partes: quod negant. ⁋ Respondeo
1350 2369 2264 2417 autem quod. P. non assimilat numeros ad essentias formarum secundum
1353 2409 2273 2459 quod hic de formis est sermo: sed assimilat eos ad diffinitiones
1350 2455 2258 2501 exprimentes essentias rerum: et non ad quascumque: sed ad diffi
1346 2498 2256 2548 nitiones subiectarum compositarum: quas solas proprie diffiniri in¬
1343 2541 2256 2594 mediate probauit. et hoc euidentissime patet. Dicit enim ponen
1345 2579 2259 2638 do primam similitudinem. Nam diffinitio. numerus quidem diuisi
1350 2626 2282 2687 bilis: quia enim et in indiuisibilia: vbi Commentatoris. exponens ait. id est ergo
1344 2673 2250 2717 diffinitio assimilatur numero: quia diffinitio diuiditur in res in¬
1337 2711 2259 2769 diuisibiles quemadmodum numerus. Sed ditunt in hoc: quoniam il
1344 2756 2271 2815 lud quod non diuiditur in numeris est vnitas et in diffinitione est ge
1346 2804 2261 2854 nus et differentia. Deinde ponit. P. aliam similitudinem quam isti arguen
1350 2842 2256 2899 do inducunt. dicens. Et quemadmodum nec a numero ablato ali¬
1343 2894 2259 2941 quo aut addito ex quibus numerus est non adhuc idem nume¬
1344 2938 2262 2984 rus est: sed alter: quamuis minimum auferatur aut addatur. sic nec
1338 2975 2268 3034 diffinitio: nec quod quid erat esse adhuc erit: aliqua ablato aut addito:
1344 3020 2284 3075 vbi concisio id est quemadmoum quando alicui nuoa additur vnum aut ab eo
1341 3067 2283 3132 diminuitur vnum transfertur in aliam naturam numeri. Similiter diffinitiones com¬
