<?xml version="1.0" encoding="UTF-8" standalone="yes"?>
<PcGts xmlns="http://schema.primaresearch.org/PAGE/gts/pagecontent/2013-07-15" xmlns:xsi="http://www.w3.org/2001/XMLSchema-instance" xsi:schemaLocation="http://schema.primaresearch.org/PAGE/gts/pagecontent/2013-07-15 http://schema.primaresearch.org/PAGE/gts/pagecontent/2013-07-15/pagecontent.xsd">
    <Metadata>
        <Creator>prov=University of Rostock/Institute of Mathematics/CITlab|PLANET AI GmbH/Gundram Leifert/gundram.leifert@planet-ai.de:name=cod-ae1bsb-m3-withbase(htr_id=25848)::::v=2.6.6
prov=University of Rostock/Institute of Mathematics/CITlab|PLANET AI GmbH/Tobias Gruening/tobias.gruening@planet-ai.de:name=de.uros.citlab.module.baseline2polygon.B2PSeamMultiOriented:v=2.6.6
prov=University of Rostock/Institute of Mathematics/CITlab|PLANET AI GmbH/Tobias Gruening/tobias.gruening@planet-ai.de:name=/net_tf/LA73_249_0mod360.pb:de.uros.citlab.segmentation.CITlab_LA_ML:v=2.6.6
Transkribus</Creator>
        <Created>2020-07-19T01:37:31.118+02:00</Created>
        <LastChange>2020-08-29T20:47:10.448+02:00</LastChange>
        <TranskribusMetadata docId="436159" pageId="17676279" pageNr="181" tsid="38677975" status="IN_PROGRESS" userId="25065" imgUrl="https://files.transkribus.eu/Get?id=QSSSIPARCAGAJBHRXINXQVJE&amp;fileType=view" xmlUrl="https://files.transkribus.eu/Get?id=WLJQTMLKSFYDOOYJEQEEVJBN" imageId="13347491"/>
    </Metadata>
    <Page imageFilename="180.jpg" imageWidth="2467" imageHeight="3523">
        <ReadingOrder>
            <OrderedGroup id="ro_1598728124054" caption="Regions reading order">
                <RegionRefIndexed index="0" regionRef="TextRegion_1597342907507_1470"/>
                <RegionRefIndexed index="1" regionRef="TextRegion_1597342907507_1469"/>
            </OrderedGroup>
        </ReadingOrder>
        <TextRegion orientation="0.0" id="TextRegion_1597342907507_1470" custom="readingOrder {index:0;}">
            <Coords points="173,201 1130,201 1130,3087 173,3087"/>
            <TextLine id="r3l5" custom="readingOrder {index:0;}">
                <Coords points="185,296 1088,306 1082,249 186,248"/>
                <Baseline points="191,290 235,290 280,291 324,291 369,291 414,291 458,291 503,291 547,291 592,291 637,291 681,291 726,291 770,293 815,293 860,293 904,293 949,294 993,294 1038,294 1083,296"/>
                <TextEquiv>
                    <Unicode>firmatur hoc quoniam impossibile est aliquam latitudinem ex indiuisibili</Unicode>
                </TextEquiv>
            </TextLine>
            <TextLine id="r3l7" custom="readingOrder {index:1;}">
                <Coords points="192,347 1091,350 1091,305 1031,301 192,296"/>
                <Baseline points="197,333 241,335 285,335 330,335 374,336 419,336 463,336 507,336 552,336 596,335 641,335 685,335 729,336 774,336 818,336 863,336 907,338 951,338 996,339 1040,341 1085,344"/>
                <TextEquiv>
                    <Unicode>bus praecise compositam adequare aliquam aliam latitudinem quantum</Unicode>
                </TextEquiv>
            </TextLine>
            <TextLine id="r3l9" custom="readingOrder {index:2;}">
                <Coords points="190,387 1086,392 1086,351 1009,344 190,350"/>
                <Baseline points="195,377 239,377 283,377 327,377 372,378 416,378 460,378 504,378 549,378 593,378 637,380 681,380 726,380 770,380 814,381 858,381 903,381 947,381 991,383 1035,383 1080,383"/>
                <TextEquiv>
                    <Unicode>ad totalitatem et divisibilitatem: sic quod cuilibet parti vnius correspondeat</Unicode>
                </TextEquiv>
            </TextLine>
            <TextLine id="r3l11" custom="readingOrder {index:3;}">
                <Coords points="195,427 1091,431 1091,388 195,389"/>
                <Baseline points="201,422 245,422 289,422 333,422 378,422 422,422 466,422 510,422 555,422 599,422 643,423 687,423 732,423 776,423 820,425 864,425 909,425 953,425 997,425 1041,425 1086,425"/>
                <TextEquiv>
                    <Unicode>tanta pars alterius: et econverso nisi vtraque sit ex indiuisibilibus constitu¬</Unicode>
                </TextEquiv>
            </TextLine>
            <TextLine id="r3l14" custom="readingOrder {index:4;}">
                <Coords points="189,475 1036,484 1093,477 1094,432 189,430"/>
                <Baseline points="195,464 239,464 284,465 328,465 373,465 418,465 462,466 507,467 552,467 596,467 641,467 686,467 730,468 775,468 820,468 864,468 909,468 954,470 998,470 1043,470 1088,471"/>
                <TextEquiv>
                    <Unicode>ta: alioquin posset etiam dici quod motus de gaese passionis est composi¬</Unicode>
                </TextEquiv>
            </TextLine>
            <TextLine id="r3l17" custom="readingOrder {index:5;}">
                <Coords points="191,520 1087,524 1064,474 191,472"/>
                <Baseline points="197,509 241,509 285,509 329,509 374,509 418,510 462,510 506,510 551,510 595,510 639,510 683,511 728,512 772,512 816,512 860,512 905,512 949,512 993,512 1037,513 1082,513"/>
                <TextEquiv>
                    <Unicode>tus ex mutatis esse: et tamen tempus mensurans ipsum adequate non esset con</Unicode>
                </TextEquiv>
            </TextLine>
            <TextLine id="r3l19" custom="readingOrder {index:6;}">
                <Coords points="179,566 1092,565 1092,527 1041,516 179,523"/>
                <Baseline points="185,552 230,552 275,552 320,552 365,552 410,552 455,552 500,553 545,554 590,554 635,554 680,555 725,555 770,555 815,555 860,555 905,557 950,557 995,557 1040,555 1086,555"/>
                <TextEquiv>
                    <Unicode>positum ex instantibus: quod nec isti dicerent: nec aliquis qui demonstratio¬</Unicode>
                </TextEquiv>
            </TextLine>
            <TextLine id="r3l21" custom="readingOrder {index:7;}">
                <Coords points="186,604 1079,607 1079,569 986,560 186,566"/>
                <Baseline points="192,593 236,594 280,594 324,596 368,596 412,596 456,597 500,597 544,597 588,597 632,597 676,599 720,599 764,599 808,599 852,599 896,599 940,599 984,600 1028,600 1073,600"/>
                <TextEquiv>
                    <Unicode>nes. 6. phy. attenderet. ⁋ 2a quoqe responsio non valet. primo quidem: quia pa</Unicode>
                </TextEquiv>
            </TextLine>
            <TextLine id="r3l23" custom="readingOrder {index:8;}">
                <Coords points="185,648 1085,658 1085,605 186,608"/>
                <Baseline points="191,638 235,638 279,638 324,638 368,639 413,639 457,639 501,639 546,639 590,641 635,641 679,641 723,641 768,641 812,642 857,642 901,642 945,642 990,642 1034,642 1079,642"/>
                <TextEquiv>
                    <Unicode>ri ratione posset dici quod magnitudo esset composita praecise ex indi</Unicode>
                </TextEquiv>
            </TextLine>
            <TextLine id="r3l25" custom="readingOrder {index:9;}">
                <Coords points="182,688 1094,706 1095,652 1050,648 183,649"/>
                <Baseline points="188,681 233,681 278,683 323,683 368,683 413,683 458,684 503,684 548,684 593,684 638,683 683,683 728,683 773,683 818,684 863,684 908,684 953,686 998,686 1043,687 1089,689"/>
                <TextEquiv>
                    <Unicode>uisibilibus infinitis tamen: et nihilominus motus continue factus super</Unicode>
                </TextEquiv>
            </TextLine>
            <TextLine id="r3l27" custom="readingOrder {index:10;}">
                <Coords points="192,731 1083,742 1062,691 192,690"/>
                <Baseline points="198,725 244,726 290,726 336,726 383,728 429,728 475,728 521,728 568,728 614,728 660,728 706,728 753,728 799,728 845,728 891,729 938,729 984,729 1030,729 1077,729"/>
                <TextEquiv>
                    <Unicode>eam non esset compositus ex mutatis esse. 2o quia si secundum nullum gradum</Unicode>
                </TextEquiv>
            </TextLine>
            <TextLine id="r3l29" custom="readingOrder {index:11;}">
                <Coords points="180,782 1090,780 1090,745 1023,733 181,730"/>
                <Baseline points="186,768 233,768 280,768 327,770 375,770 422,770 469,770 517,770 564,770 611,770 659,770 706,771 753,771 801,771 848,771 895,771 943,773 990,773 1037,773 1085,774"/>
                <TextEquiv>
                    <Unicode>illius est motus: sed praecise mutatum esse: et ipsa praecise ex talibus gra¬</Unicode>
                </TextEquiv>
            </TextLine>
            <TextLine id="r3l31" custom="readingOrder {index:12;}">
                <Coords points="186,822 1091,824 1074,779 186,778"/>
                <Baseline points="192,812 236,812 281,812 326,813 370,813 415,813 460,813 504,813 549,813 594,813 639,813 683,813 728,813 773,813 817,813 862,813 907,815 951,815 996,815 1041,816 1086,818"/>
                <TextEquiv>
                    <Unicode>dibus constituitur: et per talia mutata esse indiuisibilia tota acquiri¬</Unicode>
                </TextEquiv>
            </TextLine>
            <TextLine id="r3l33" custom="readingOrder {index:13;}">
                <Coords points="192,862 1094,867 1083,822 192,828"/>
                <Baseline points="198,854 242,855 287,855 331,855 376,855 420,855 465,855 509,857 554,857 598,857 643,857 687,857 732,857 776,858 821,858 865,858 910,858 954,858 999,858 1043,858 1088,858"/>
                <TextEquiv>
                    <Unicode>tur: sequitur quod nec et ad ipsam totam latitudinem sit motus: sed ad </Unicode>
                </TextEquiv>
            </TextLine>
            <TextLine id="r3l35" custom="readingOrder {index:14;}">
                <Coords points="183,906 1090,915 1072,865 183,866"/>
                <Baseline points="188,900 232,900 277,899 322,899 367,899 412,899 457,899 501,899 546,900 591,900 636,900 681,900 726,900 771,900 815,902 860,902 905,902 950,902 995,902 1040,903 1085,903"/>
                <TextEquiv>
                    <Unicode>totam ipsam mobile sit motum: et non prius mouebatur ad ipsam: aut</Unicode>
                </TextEquiv>
            </TextLine>
            <TextLine id="r3l37" custom="readingOrder {index:15;}">
                <Coords points="189,955 1065,956 1082,912 189,904"/>
                <Baseline points="194,942 238,942 282,942 326,942 370,942 414,944 458,944 502,944 546,944 590,944 635,944 679,945 723,945 767,945 811,945 855,945 899,945 943,945 987,945 1031,945 1076,945"/>
                <TextEquiv>
                    <Unicode>si mouebatur ille motus componebat praecitue ex momentis vel mu</Unicode>
                </TextEquiv>
            </TextLine>
            <TextLine id="r3l39" custom="readingOrder {index:16;}">
                <Coords points="179,989 990,1005 1082,999 1094,952 179,953"/>
                <Baseline points="185,987 230,987 275,986 320,986 365,986 410,986 455,987 501,987 546,987 591,987 636,987 681,987 726,987 771,989 817,989 862,989 907,989 952,989 997,989 1042,990 1088,990"/>
                <TextEquiv>
                    <Unicode>tatis esse: vt arguit. P. de magnitudinie si componatur ex indiui</Unicode>
                </TextEquiv>
            </TextLine>
            <TextLine id="r3l41" custom="readingOrder {index:17;}">
                <Coords points="193,1036 1082,1043 1075,993 193,989"/>
                <Baseline points="198,1028 241,1029 285,1029 329,1031 373,1031 417,1031 461,1031 505,1031 549,1031 593,1032 637,1032 680,1032 724,1031 768,1031 812,1031 856,1031 900,1031 944,1031 988,1031 1032,1032 1076,1032"/>
                <TextEquiv>
                    <Unicode>sibilibus: et tbet probatio eius ibi et hoc: ex hoc quod ponit totam latitudi</Unicode>
                </TextEquiv>
            </TextLine>
            <TextLine id="r3l43" custom="readingOrder {index:18;}">
                <Coords points="185,1080 1090,1080 1090,1048 998,1038 185,1040"/>
                <Baseline points="191,1073 235,1073 280,1074 325,1074 369,1074 414,1074 459,1074 503,1074 548,1074 593,1075 638,1076 682,1076 727,1076 772,1076 816,1076 861,1076 906,1076 950,1076 995,1076 1040,1076 1085,1076"/>
                <TextEquiv>
                    <Unicode>nem acquiri per sorltua mutata esse et per talia indiuisibilia praecise eua¬</Unicode>
                </TextEquiv>
            </TextLine>
            <TextLine id="r3l45" custom="readingOrder {index:19;}">
                <Coords points="177,1122 1080,1124 1062,1081 177,1085"/>
                <Baseline points="182,1118 226,1116 271,1116 315,1116 360,1116 405,1116 449,1116 494,1116 538,1118 583,1118 628,1118 672,1118 717,1118 761,1118 806,1119 851,1119 895,1119 940,1119 984,1119 1029,1118 1074,1118"/>
                <TextEquiv>
                    <Unicode>cuari: nec refert an fuit finita vel infinita: quia si finita motus</Unicode>
                </TextEquiv>
            </TextLine>
            <TextLine id="r3l47" custom="readingOrder {index:20;}">
                <Coords points="185,1168 1092,1175 1092,1131 1060,1124 185,1130"/>
                <Baseline points="191,1161 235,1161 280,1160 325,1160 370,1160 414,1160 459,1161 504,1161 549,1161 593,1161 638,1161 683,1161 728,1163 772,1163 817,1163 862,1163 907,1163 951,1163 996,1163 1041,1161 1086,1161"/>
                <TextEquiv>
                    <Unicode>erit compositus ex finitis mutatis esse: et si infinita ex infinitis:</Unicode>
                </TextEquiv>
            </TextLine>
            <TextLine id="r3l49" custom="readingOrder {index:21;}">
                <Coords points="183,1216 1089,1213 1089,1175 1047,1167 183,1175"/>
                <Baseline points="188,1203 232,1203 277,1205 322,1205 367,1205 411,1205 456,1205 501,1205 546,1205 590,1206 635,1206 680,1206 725,1206 769,1206 814,1206 859,1206 904,1206 948,1205 993,1205 1038,1205 1083,1205"/>
                <TextEquiv>
                    <Unicode>quorum vtrumque impossibile est: vt patet. 6. phy. et declarabitur in 2o 3o in</Unicode>
                </TextEquiv>
            </TextLine>
            <TextLine id="r3l51" custom="readingOrder {index:22;}">
                <Coords points="173,1254 918,1269 1082,1255 1082,1212 173,1219"/>
                <Baseline points="179,1247 223,1247 268,1247 313,1247 358,1247 403,1247 448,1248 492,1248 537,1248 582,1248 627,1248 672,1248 717,1248 762,1248 806,1250 851,1250 896,1248 941,1248 986,1248 1031,1248 1076,1247"/>
                <TextEquiv>
                    <Unicode>remissione pars forme aparte tollit. ergo in intensione pars parti addi¬</Unicode>
                </TextEquiv>
            </TextLine>
            <TextLine id="r3l53" custom="readingOrder {index:23;}">
                <Coords points="184,1302 1091,1296 1070,1254 184,1253"/>
                <Baseline points="189,1290 233,1290 278,1290 323,1290 368,1290 413,1290 458,1290 502,1292 547,1292 592,1292 637,1292 682,1292 727,1293 772,1293 816,1293 861,1293 906,1293 951,1292 996,1292 1041,1292 1086,1290"/>
                <TextEquiv>
                    <Unicode>tur: consequentia patet: quia modo contrario habent fieri motus praedicti: et ipsam etiam con¬</Unicode>
                </TextEquiv>
            </TextLine>
            <TextLine id="r3l55" custom="readingOrder {index:24;}">
                <Coords points="173,1341 1083,1343 1076,1298 173,1301"/>
                <Baseline points="179,1332 223,1334 268,1334 313,1334 358,1334 403,1334 448,1334 493,1335 538,1335 583,1335 628,1335 672,1335 717,1335 762,1335 807,1335 852,1335 897,1335 942,1335 987,1335 1032,1335 1077,1335"/>
                <TextEquiv>
                    <Unicode>cedit opinio. Antecedens probo: si enim aliquod causalitem remittit frntum: aut cum</Unicode>
                </TextEquiv>
            </TextLine>
            <TextLine id="r3l57" custom="readingOrder {index:25;}">
                <Coords points="180,1381 1092,1386 1092,1349 1047,1339 180,1347"/>
                <Baseline points="186,1377 231,1376 276,1376 321,1376 366,1377 411,1377 456,1377 501,1377 546,1379 591,1379 636,1379 681,1380 726,1380 771,1380 816,1380 861,1380 906,1380 951,1380 996,1379 1041,1378 1086,1377"/>
                <TextEquiv>
                    <Unicode>est factum minus frigidum habet aliquam partem frinditatis quam habe¬</Unicode>
                </TextEquiv>
            </TextLine>
            <TextLine id="r3l59" custom="readingOrder {index:26;}">
                <Coords points="185,1428 1086,1429 1079,1384 185,1383"/>
                <Baseline points="191,1419 235,1419 279,1420 324,1421 368,1421 413,1421 457,1422 502,1422 546,1422 591,1424 635,1424 679,1424 724,1424 768,1424 813,1424 857,1424 902,1424 946,1422 991,1422 1035,1422 1080,1421"/>
                <TextEquiv>
                    <Unicode>bat antequam inciperet remitti: et habetur propositum: aut non: sed frigidi¬</Unicode>
                </TextEquiv>
            </TextLine>
            <TextLine id="r3l61" custom="readingOrder {index:27;}">
                <Coords points="175,1471 1079,1479 1079,1430 1052,1428 175,1429"/>
                <Baseline points="180,1463 224,1463 269,1464 313,1464 358,1464 403,1464 447,1464 492,1465 537,1466 581,1466 626,1466 671,1466 715,1467 760,1467 805,1467 849,1467 894,1467 939,1467 983,1467 1028,1467 1073,1467"/>
                <TextEquiv>
                    <Unicode>tas quam actu habet est nouiter in ipso acquisita et causata: sed hoc est in</Unicode>
                </TextEquiv>
            </TextLine>
            <TextLine id="r3l63" custom="readingOrder {index:28;}">
                <Coords points="177,1516 1086,1520 1086,1485 1038,1470 178,1474"/>
                <Baseline points="183,1505 227,1506 272,1506 317,1508 362,1508 407,1508 452,1509 496,1509 541,1509 586,1509 631,1509 676,1511 721,1511 766,1511 810,1511 855,1511 900,1511 945,1511 990,1511 1035,1511 1080,1511"/>
                <TextEquiv>
                    <Unicode>conueniens: tum quia non apparet a quo sit causata nisi a caualo remitte</Unicode>
                </TextEquiv>
            </TextLine>
            <TextLine id="r3l66" custom="readingOrder {index:29;}">
                <Coords points="169,1555 977,1574 1076,1564 1077,1517 169,1514"/>
                <Baseline points="174,1550 218,1550 263,1550 308,1550 353,1550 398,1551 443,1551 487,1551 532,1553 577,1553 622,1553 667,1553 712,1554 757,1554 801,1554 846,1554 891,1554 936,1554 981,1554 1026,1554 1071,1553"/>
                <TextEquiv>
                    <Unicode>te: et sic cum nulla alia forma adhuc sit in ipso causata: sequitur quod</Unicode>
                </TextEquiv>
            </TextLine>
            <TextLine id="r3l68" custom="readingOrder {index:30;}">
                <Coords points="180,1602 1083,1608 1083,1564 1010,1560 180,1561"/>
                <Baseline points="186,1595 230,1595 275,1595 319,1595 364,1596 408,1596 453,1596 497,1596 542,1596 586,1596 631,1596 676,1598 720,1598 765,1598 809,1598 854,1598 898,1598 943,1598 987,1598 1032,1598 1077,1598"/>
                <TextEquiv>
                    <Unicode>calitem per se causat frigiditatem: quod est inconueniens: tum quia cum calibet</Unicode>
                </TextEquiv>
            </TextLine>
            <TextLine id="r3l71" custom="readingOrder {index:31;}">
                <Coords points="167,1651 1079,1650 1079,1608 1046,1603 167,1604"/>
                <Baseline points="173,1638 218,1638 263,1638 308,1638 353,1640 398,1640 443,1640 488,1640 533,1640 578,1640 623,1641 668,1641 713,1641 758,1641 803,1641 848,1641 893,1641 938,1641 983,1641 1028,1640 1073,1640"/>
                <TextEquiv>
                    <Unicode>sit per se inductiuum caloris: nec naturaliter ob aliud remittat fri¬</Unicode>
                </TextEquiv>
            </TextLine>
            <TextLine id="r3l73" custom="readingOrder {index:32;}">
                <Coords points="178,1697 1095,1689 1095,1653 985,1645 178,1647"/>
                <Baseline points="183,1683 228,1683 273,1683 318,1683 364,1683 409,1683 454,1682 500,1682 545,1683 590,1683 636,1683 681,1683 726,1683 771,1683 817,1683 862,1683 907,1683 953,1683 998,1683 1043,1683 1089,1685"/>
                <TextEquiv>
                    <Unicode>gidum nisi vt corrumpat: et eo corrupto causaret calorem. si primo corru</Unicode>
                </TextEquiv>
            </TextLine>
            <TextLine id="r3l75" custom="readingOrder {index:33;}">
                <Coords points="177,1738 1066,1737 1085,1688 177,1696"/>
                <Baseline points="182,1725 226,1725 271,1725 316,1725 361,1725 406,1725 451,1725 495,1725 540,1725 585,1725 630,1725 675,1725 720,1725 765,1725 809,1725 854,1725 899,1725 944,1725 989,1725 1034,1725 1079,1725"/>
                <TextEquiv>
                    <Unicode>pisset aliquando suam frinditatem: mox induxisset calorem: et non aliam</Unicode>
                </TextEquiv>
            </TextLine>
            <TextLine id="r3l76" custom="readingOrder {index:34;}">
                <Coords points="174,1777 1084,1780 1084,1739 1024,1730 174,1738"/>
                <Baseline points="180,1766 227,1766 274,1766 321,1766 369,1767 416,1767 463,1767 511,1767 558,1767 605,1767 653,1767 700,1767 747,1767 795,1767 842,1767 889,1767 937,1769 984,1769 1031,1769 1079,1770"/>
                <TextEquiv>
                    <Unicode>frigiditatem: alioquin naturaliter superflue ageret et ociose. ⁋ Contra</Unicode>
                </TextEquiv>
            </TextLine>
            <TextLine id="r3l79" custom="readingOrder {index:35;}">
                <Coords points="185,1816 1082,1823 1082,1783 1029,1772 185,1772"/>
                <Baseline points="191,1809 235,1809 279,1809 323,1809 368,1809 412,1809 456,1811 500,1811 545,1811 589,1811 633,1811 677,1811 722,1811 766,1811 810,1812 854,1812 899,1812 943,1813 987,1814 1031,1814 1076,1815"/>
                <TextEquiv>
                    <Unicode>conclusionem istam plurima fiunt argumentum ex quibus meliora referam: per quorum</Unicode>
                </TextEquiv>
            </TextLine>
            <TextLine id="r3l80" custom="readingOrder {index:36;}">
                <Coords points="182,1862 1070,1876 1080,1823 182,1823"/>
                <Baseline points="188,1854 232,1854 276,1853 320,1853 365,1853 409,1853 453,1853 498,1854 542,1854 586,1854 631,1854 675,1855 719,1856 763,1856 808,1856 852,1856 896,1856 941,1856 985,1856 1029,1856 1074,1856"/>
                <TextEquiv>
                    <Unicode>solutiones poterit ad cetera responderi. ⁋ Primo quidem arguitur quod</Unicode>
                </TextEquiv>
            </TextLine>
            <TextLine id="r3l82" custom="readingOrder {index:37;}">
                <Coords points="183,1904 1094,1908 1085,1863 183,1862"/>
                <Baseline points="189,1895 234,1895 279,1896 324,1896 369,1896 414,1896 459,1898 504,1898 549,1898 594,1898 639,1898 684,1898 729,1898 774,1898 819,1898 864,1898 909,1899 954,1899 999,1899 1044,1899 1089,1899"/>
                <TextEquiv>
                    <Unicode>forma intensa non esset vna per se: quoniam nunquam ex aliquibus fit vnum:</Unicode>
                </TextEquiv>
            </TextLine>
            <TextLine id="r3l84" custom="readingOrder {index:38;}">
                <Coords points="180,1949 1091,1955 1091,1907 1055,1903 180,1904"/>
                <Baseline points="186,1940 231,1940 276,1940 321,1940 366,1940 411,1940 456,1940 501,1940 546,1940 591,1940 636,1941 681,1941 726,1941 771,1941 816,1941 861,1941 906,1941 951,1941 996,1941 1041,1941 1086,1940"/>
                <TextEquiv>
                    <Unicode>nisi vnum sit in potentia ad alterum. Si enim vtrumque sit in actu: non fit</Unicode>
                </TextEquiv>
            </TextLine>
            <TextLine id="r3l86" custom="readingOrder {index:39;}">
                <Coords points="183,1997 1092,1991 1067,1948 184,1956"/>
                <Baseline points="189,1983 233,1983 278,1983 323,1983 368,1983 413,1983 458,1983 502,1983 547,1983 592,1983 637,1985 682,1985 727,1985 772,1985 816,1985 861,1986 906,1986 951,1986 996,1985 1041,1985 1086,1985"/>
                <TextEquiv>
                    <Unicode>ex eis vnum in actu: vt patet. 7. meta. Similiter nec si vtrumque sit in</Unicode>
                </TextEquiv>
            </TextLine>
            <TextLine id="r3l88" custom="readingOrder {index:40;}">
                <Coords points="185,2032 1097,2036 1097,2001 1053,1994 185,1997"/>
                <Baseline points="191,2028 236,2027 281,2027 326,2025 371,2025 416,2025 461,2025 506,2025 551,2025 596,2027 641,2027 686,2027 731,2028 776,2028 821,2028 866,2028 911,2028 956,2028 1001,2028 1046,2028 1092,2027"/>
                <TextEquiv>
                    <Unicode>potentia: quia tunc neutrum ordinatur ad alterum: sed forma praecedes non</Unicode>
                </TextEquiv>
            </TextLine>
            <TextLine id="r3l90" custom="readingOrder {index:41;}">
                <Coords points="183,2078 970,2093 1088,2081 1088,2036 183,2042"/>
                <Baseline points="188,2069 232,2069 277,2069 322,2069 367,2069 411,2069 456,2070 501,2070 546,2070 590,2071 635,2072 680,2072 725,2072 769,2073 814,2073 859,2073 904,2073 948,2073 993,2073 1038,2072 1083,2072"/>
                <TextEquiv>
                    <Unicode>est in potentia ad sequentem cum forme non sit forma. ergo etc. ⁋ 2o idem</Unicode>
                </TextEquiv>
            </TextLine>
            <TextLine id="r3l92" custom="readingOrder {index:42;}">
                <Coords points="188,2129 1085,2126 1077,2078 188,2078"/>
                <Baseline points="194,2114 238,2114 282,2114 326,2112 371,2112 415,2112 459,2112 503,2114 548,2114 592,2114 636,2115 680,2115 725,2115 769,2115 813,2115 857,2115 902,2115 946,2115 990,2115 1034,2115 1079,2114"/>
                <TextEquiv>
                    <Unicode>probat: quoniam si forma praecedens cum adueniente facit vnum: aut se</Unicode>
                </TextEquiv>
            </TextLine>
            <TextLine id="r3l94" custom="readingOrder {index:43;}">
                <Coords points="173,2165 1004,2173 1085,2165 1086,2126 173,2130"/>
                <Baseline points="179,2157 224,2156 269,2156 314,2156 359,2156 404,2156 449,2156 494,2157 539,2157 584,2157 629,2157 674,2159 719,2159 764,2159 809,2159 854,2160 899,2160 944,2160 989,2159 1034,2159 1080,2159"/>
                <TextEquiv>
                    <Unicode>totis fiunt vnum aut aliquo sui: non se totis: quia tunc necessario ali</Unicode>
                </TextEquiv>
            </TextLine>
            <TextLine id="r3l96" custom="readingOrder {index:44;}">
                <Coords points="170,2205 1092,2217 1092,2172 1026,2166 171,2164"/>
                <Baseline points="176,2201 221,2201 267,2201 312,2201 358,2201 403,2201 449,2201 494,2201 540,2201 585,2201 631,2201 676,2202 722,2202 767,2202 813,2202 858,2202 904,2202 949,2202 995,2202 1040,2201 1086,2201"/>
                <TextEquiv>
                    <Unicode>tera corrumperetur. non enim possibile est vnam realitatem in alteram rea</Unicode>
                </TextEquiv>
            </TextLine>
            <TextLine id="r3l98" custom="readingOrder {index:45;}">
                <Coords points="177,2253 1091,2253 1071,2211 177,2208"/>
                <Baseline points="183,2244 228,2244 273,2244 318,2244 363,2244 408,2244 453,2244 499,2244 544,2244 589,2244 634,2244 679,2245 724,2246 769,2246 815,2246 860,2246 905,2246 950,2246 995,2246 1040,2244 1086,2244"/>
                <TextEquiv>
                    <Unicode>litatem per totalem et oimodam identitatem transire sua propria realita</Unicode>
                </TextEquiv>
            </TextLine>
            <TextLine id="r3l100" custom="readingOrder {index:46;}">
                <Coords points="185,2294 1083,2296 1083,2255 955,2249 186,2259"/>
                <Baseline points="191,2288 235,2286 279,2286 323,2286 368,2286 412,2286 456,2288 501,2288 545,2288 589,2288 634,2288 678,2289 722,2289 766,2289 811,2289 855,2289 899,2289 944,2289 988,2289 1032,2289 1077,2289"/>
                <TextEquiv>
                    <Unicode>te manente: sed nec praecedens nec subsequens corrumpitur: cum per re¬</Unicode>
                </TextEquiv>
            </TextLine>
            <TextLine id="r3l102" custom="readingOrder {index:47;}">
                <Coords points="182,2342 1079,2343 1088,2297 182,2304"/>
                <Baseline points="188,2333 232,2331 277,2331 322,2331 366,2331 411,2331 456,2331 500,2331 545,2331 590,2331 635,2332 679,2333 724,2333 769,2333 813,2333 858,2333 903,2333 947,2333 992,2331 1037,2331 1082,2330"/>
                <TextEquiv>
                    <Unicode>missionem possit auferri: quod per intensionem fuit additu for</Unicode>
                </TextEquiv>
            </TextLine>
            <TextLine id="r3l105" custom="readingOrder {index:48;}">
                <Coords points="171,2384 968,2390 1091,2383 1091,2347 171,2349"/>
                <Baseline points="177,2376 222,2375 267,2375 313,2375 358,2375 404,2375 449,2375 495,2375 540,2375 586,2375 631,2375 676,2375 722,2376 767,2376 813,2376 858,2376 904,2376 949,2376 995,2375 1040,2375 1086,2375"/>
                <TextEquiv>
                    <Unicode>me priori. non faciunt ergo vnum per omimodam identitatem siue se to¬</Unicode>
                </TextEquiv>
            </TextLine>
            <TextLine id="r3l106" custom="readingOrder {index:49;}">
                <Coords points="173,2425 1076,2430 1052,2381 173,2386"/>
                <Baseline points="179,2417 223,2417 268,2417 312,2418 357,2418 401,2418 446,2418 490,2418 535,2418 579,2420 624,2420 669,2420 713,2420 758,2420 802,2420 847,2420 891,2420 936,2418 980,2418 1025,2418 1070,2417"/>
                <TextEquiv>
                    <Unicode>tis: nec potest dici quod vniantur aliquibus sui: sicut due aqua vniuntu</Unicode>
                </TextEquiv>
            </TextLine>
            <TextLine id="r3l108" custom="readingOrder {index:50;}">
                <Coords points="179,2469 1083,2473 1083,2425 179,2428"/>
                <Baseline points="185,2460 229,2460 274,2460 318,2460 363,2460 408,2462 452,2462 497,2462 541,2462 586,2462 631,2462 675,2462 720,2462 764,2462 809,2462 854,2462 898,2462 943,2462 987,2462 1032,2460 1077,2460"/>
                <TextEquiv>
                    <Unicode>suis vltimis: quoniam tunc forma intensa esset quoddam quantum continuum</Unicode>
                </TextEquiv>
            </TextLine>
            <TextLine id="r3l110" custom="readingOrder {index:51;}">
                <Coords points="182,2514 1082,2513 1082,2478 1029,2467 182,2468"/>
                <Baseline points="188,2505 232,2505 276,2505 321,2505 365,2505 410,2505 454,2505 498,2505 543,2505 587,2505 632,2505 676,2505 720,2507 765,2507 809,2507 854,2507 898,2505 942,2505 987,2505 1031,2504 1076,2504"/>
                <TextEquiv>
                    <Unicode>habens partes situ distinctas et maius quam forma remissa: quod est scurum</Unicode>
                </TextEquiv>
            </TextLine>
            <TextLine id="r3l113" custom="readingOrder {index:52;}">
                <Coords points="188,2562 1078,2562 1078,2513 188,2513"/>
                <Baseline points="194,2552 240,2550 286,2550 332,2550 379,2549 425,2549 471,2549 517,2549 564,2549 610,2549 656,2549 702,2550 749,2550 795,2550 841,2550 887,2550 934,2550 980,2549 1026,2549 1073,2549"/>
                <TextEquiv>
                    <Unicode>⁋ 3o aut ille partes facerent vnum vnitate simplicitatis: et hoc</Unicode>
                </TextEquiv>
            </TextLine>
            <TextLine id="r3l115" custom="readingOrder {index:53;}">
                <Coords points="186,2599 1083,2604 1083,2567 1048,2556 186,2562"/>
                <Baseline points="192,2592 236,2592 280,2592 324,2592 369,2592 413,2592 457,2592 501,2592 546,2592 590,2592 634,2592 678,2592 723,2592 767,2592 811,2594 855,2594 900,2594 944,2594 988,2594 1032,2594 1077,2594"/>
                <TextEquiv>
                    <Unicode>non potest esse: quia tunc transirent in omimmodam identitatem: et proprias en</Unicode>
                </TextEquiv>
            </TextLine>
            <TextLine id="r3l117" custom="readingOrder {index:54;}">
                <Coords points="171,2642 1091,2648 1083,2603 171,2604"/>
                <Baseline points="177,2636 222,2636 267,2636 313,2636 358,2636 404,2636 449,2636 495,2636 540,2636 586,2636 631,2636 676,2637 722,2637 767,2637 813,2637 858,2637 904,2637 949,2636 995,2636 1040,2636 1086,2636"/>
                <TextEquiv>
                    <Unicode>titates amitterent: aut vnitate compositionis sicut materia et forma: et</Unicode>
                </TextEquiv>
            </TextLine>
            <TextLine id="r3l118" custom="readingOrder {index:55;}">
                <Coords points="183,2687 1085,2695 1085,2649 1028,2643 183,2643"/>
                <Baseline points="189,2678 233,2679 278,2679 322,2679 367,2679 411,2679 456,2679 500,2679 545,2679 589,2679 634,2679 679,2679 723,2679 768,2679 812,2679 857,2679 901,2679 946,2681 990,2681 1035,2681 1080,2681"/>
                <TextEquiv>
                    <Unicode>hoc non: cum sint eiusdem rationis: aut vnitate continuitatis: et hoc</Unicode>
                </TextEquiv>
            </TextLine>
            <TextLine id="r3l121" custom="readingOrder {index:56;}">
                <Coords points="176,2737 1071,2736 1095,2689 176,2697"/>
                <Baseline points="182,2723 227,2723 272,2723 318,2723 363,2723 408,2723 454,2723 499,2723 544,2724 590,2724 635,2724 680,2724 726,2724 771,2724 816,2724 862,2724 907,2724 952,2723 998,2723 1043,2723 1089,2723"/>
                <TextEquiv>
                    <Unicode>etiam non: cum continuum sit quantum et maius qualibet eius parte: aut vnita¬</Unicode>
                </TextEquiv>
            </TextLine>
            <TextLine id="r3l123" custom="readingOrder {index:57;}">
                <Coords points="176,2778 1003,2781 1082,2776 1082,2733 176,2738"/>
                <Baseline points="182,2765 226,2765 271,2766 316,2766 361,2766 405,2766 450,2766 495,2768 540,2768 584,2768 629,2768 674,2768 719,2768 763,2769 808,2769 853,2768 898,2768 942,2768 987,2768 1032,2766 1077,2766"/>
                <TextEquiv>
                    <Unicode>te homogeneitatis: quod etiam non potest dici: quia homogenea non vniunr</Unicode>
                </TextEquiv>
            </TextLine>
            <TextLine id="r3l125" custom="readingOrder {index:58;}">
                <Coords points="182,2818 1082,2824 1082,2775 1037,2770 182,2777"/>
                <Baseline points="188,2808 232,2808 276,2810 321,2810 365,2810 410,2811 454,2811 498,2811 543,2811 587,2811 632,2811 676,2811 720,2811 765,2811 809,2811 854,2811 898,2811 942,2811 987,2811 1031,2811 1076,2811"/>
                <TextEquiv>
                    <Unicode>tur nisi per continuationem vt aqua aqua. vnde anima anime non vnitur: quam</Unicode>
                </TextEquiv>
            </TextLine>
            <TextLine id="r3l127" custom="readingOrder {index:59;}">
                <Coords points="192,2857 1086,2868 1086,2824 1036,2817 192,2813"/>
                <Baseline points="198,2852 242,2852 286,2853 330,2853 374,2853 418,2853 462,2853 506,2853 550,2855 594,2855 639,2855 683,2855 727,2855 771,2855 815,2855 859,2855 903,2855 947,2855 991,2855 1035,2855 1080,2855"/>
                <TextEquiv>
                    <Unicode>uis homogenee sint: aut vnitate alicuius etiam aggregationis: et</Unicode>
                </TextEquiv>
            </TextLine>
            <TextLine id="r3l129" custom="readingOrder {index:60;}">
                <Coords points="192,2906 1089,2906 1089,2870 1031,2858 192,2857"/>
                <Baseline points="198,2894 242,2894 286,2895 330,2895 375,2895 419,2897 463,2897 507,2897 552,2897 596,2897 640,2898 684,2898 729,2898 773,2898 817,2898 861,2898 906,2898 950,2898 994,2897 1038,2897 1083,2897"/>
                <TextEquiv>
                    <Unicode>hoc est horribilius: quia tunc esset alicuius infinite multitudinis:</Unicode>
                </TextEquiv>
            </TextLine>
            <TextLine id="r3l131" custom="readingOrder {index:61;}">
                <Coords points="193,2945 1056,2958 1085,2907 193,2911"/>
                <Baseline points="198,2937 242,2939 286,2939 330,2940 374,2940 418,2940 462,2941 506,2942 550,2942 594,2942 638,2942 682,2942 726,2942 770,2942 814,2942 858,2942 902,2942 946,2942 990,2942 1034,2940 1079,2940"/>
                <TextEquiv>
                    <Unicode>et rerum innumerabilium. ⁋ 4o tunc forma intensa: immo etiam quali¬</Unicode>
                </TextEquiv>
            </TextLine>
            <TextLine id="r3l132" custom="readingOrder {index:62;}">
                <Coords points="183,2993 1095,2991 1082,2948 183,2946"/>
                <Baseline points="188,2981 233,2981 278,2982 323,2982 368,2982 413,2982 458,2984 503,2984 548,2984 593,2984 638,2984 683,2985 728,2985 773,2985 818,2985 863,2985 908,2985 953,2985 998,2984 1043,2984 1089,2984"/>
                <TextEquiv>
                    <Unicode>bet remissa esset seipsa diuisibilis et habens partes: et per consequens se</Unicode>
                </TextEquiv>
            </TextLine>
            <TextLine id="r3l135" custom="readingOrder {index:63;}">
                <Coords points="193,3041 1076,3039 1077,2994 193,2990"/>
                <Baseline points="198,3026 241,3026 285,3026 328,3027 372,3027 416,3027 459,3027 503,3027 547,3028 590,3029 634,3029 678,3029 721,3029 765,3030 809,3030 852,3030 896,3030 940,3030 983,3030 1027,3029 1071,3029"/>
                <TextEquiv>
                    <Unicode>ipsa esset quanta vel quantitas: quod est contra dogmata phyca. Et 2t</Unicode>
                </TextEquiv>
            </TextLine>
            <TextLine id="r3l137" custom="readingOrder {index:64;}">
                <Coords points="182,3087 647,3108 1094,3083 1080,3036 182,3036"/>
                <Baseline points="188,3074 233,3074 278,3072 323,3072 368,3072 413,3074 458,3074 503,3074 548,3074 593,3075 638,3075 683,3075 728,3076 773,3077 818,3077 863,3077 908,3077 953,3077 998,3075 1043,3075 1088,3074"/>
                <TextEquiv>
                    <Unicode>consequentia patet. prima vero probatur: quia quod ipsa habeat partes patet per opinionem con</Unicode>
                </TextEquiv>
            </TextLine>
            <TextEquiv>
                <Unicode>firmatur hoc quoniam impossibile est aliquam latitudinem ex indiuisibili
bus praecise compositam adequare aliquam aliam latitudinem quantum
ad totalitatem et divisibilitatem: sic quod cuilibet parti vnius correspondeat
tanta pars alterius: et econverso nisi vtraque sit ex indiuisibilibus constitu¬
ta: alioquin posset etiam dici quod motus de gaese passionis est composi¬
tus ex mutatis esse: et tamen tempus mensurans ipsum adequate non esset con
positum ex instantibus: quod nec isti dicerent: nec aliquis qui demonstratio¬
nes. 6. phy. attenderet. ⁋ 2a quoqe responsio non valet. primo quidem: quia pa
ri ratione posset dici quod magnitudo esset composita praecise ex indi
uisibilibus infinitis tamen: et nihilominus motus continue factus super
eam non esset compositus ex mutatis esse. 2o quia si secundum nullum gradum
illius est motus: sed praecise mutatum esse: et ipsa praecise ex talibus gra¬
dibus constituitur: et per talia mutata esse indiuisibilia tota acquiri¬
tur: sequitur quod nec et ad ipsam totam latitudinem sit motus: sed ad 
totam ipsam mobile sit motum: et non prius mouebatur ad ipsam: aut
si mouebatur ille motus componebat praecitue ex momentis vel mu
tatis esse: vt arguit. P. de magnitudinie si componatur ex indiui
sibilibus: et tbet probatio eius ibi et hoc: ex hoc quod ponit totam latitudi
nem acquiri per sorltua mutata esse et per talia indiuisibilia praecise eua¬
cuari: nec refert an fuit finita vel infinita: quia si finita motus
erit compositus ex finitis mutatis esse: et si infinita ex infinitis:
quorum vtrumque impossibile est: vt patet. 6. phy. et declarabitur in 2o 3o in
remissione pars forme aparte tollit. ergo in intensione pars parti addi¬
tur: consequentia patet: quia modo contrario habent fieri motus praedicti: et ipsam etiam con¬
cedit opinio. Antecedens probo: si enim aliquod causalitem remittit frntum: aut cum
est factum minus frigidum habet aliquam partem frinditatis quam habe¬
bat antequam inciperet remitti: et habetur propositum: aut non: sed frigidi¬
tas quam actu habet est nouiter in ipso acquisita et causata: sed hoc est in
conueniens: tum quia non apparet a quo sit causata nisi a caualo remitte
te: et sic cum nulla alia forma adhuc sit in ipso causata: sequitur quod
calitem per se causat frigiditatem: quod est inconueniens: tum quia cum calibet
sit per se inductiuum caloris: nec naturaliter ob aliud remittat fri¬
gidum nisi vt corrumpat: et eo corrupto causaret calorem. si primo corru
pisset aliquando suam frinditatem: mox induxisset calorem: et non aliam
frigiditatem: alioquin naturaliter superflue ageret et ociose. ⁋ Contra
conclusionem istam plurima fiunt argumentum ex quibus meliora referam: per quorum
solutiones poterit ad cetera responderi. ⁋ Primo quidem arguitur quod
forma intensa non esset vna per se: quoniam nunquam ex aliquibus fit vnum:
nisi vnum sit in potentia ad alterum. Si enim vtrumque sit in actu: non fit
ex eis vnum in actu: vt patet. 7. meta. Similiter nec si vtrumque sit in
potentia: quia tunc neutrum ordinatur ad alterum: sed forma praecedes non
est in potentia ad sequentem cum forme non sit forma. ergo etc. ⁋ 2o idem
probat: quoniam si forma praecedens cum adueniente facit vnum: aut se
totis fiunt vnum aut aliquo sui: non se totis: quia tunc necessario ali
tera corrumperetur. non enim possibile est vnam realitatem in alteram rea
litatem per totalem et oimodam identitatem transire sua propria realita
te manente: sed nec praecedens nec subsequens corrumpitur: cum per re¬
missionem possit auferri: quod per intensionem fuit additu for
me priori. non faciunt ergo vnum per omimodam identitatem siue se to¬
tis: nec potest dici quod vniantur aliquibus sui: sicut due aqua vniuntu
suis vltimis: quoniam tunc forma intensa esset quoddam quantum continuum
habens partes situ distinctas et maius quam forma remissa: quod est scurum
⁋ 3o aut ille partes facerent vnum vnitate simplicitatis: et hoc
non potest esse: quia tunc transirent in omimmodam identitatem: et proprias en
titates amitterent: aut vnitate compositionis sicut materia et forma: et
hoc non: cum sint eiusdem rationis: aut vnitate continuitatis: et hoc
etiam non: cum continuum sit quantum et maius qualibet eius parte: aut vnita¬
te homogeneitatis: quod etiam non potest dici: quia homogenea non vniunr
tur nisi per continuationem vt aqua aqua. vnde anima anime non vnitur: quam
uis homogenee sint: aut vnitate alicuius etiam aggregationis: et
hoc est horribilius: quia tunc esset alicuius infinite multitudinis:
et rerum innumerabilium. ⁋ 4o tunc forma intensa: immo etiam quali¬
bet remissa esset seipsa diuisibilis et habens partes: et per consequens se
ipsa esset quanta vel quantitas: quod est contra dogmata phyca. Et 2t
consequentia patet. prima vero probatur: quia quod ipsa habeat partes patet per opinionem con</Unicode>
            </TextEquiv>
        </TextRegion>
        <TextRegion orientation="0.0" id="TextRegion_1597342907507_1469" custom="readingOrder {index:1;}">
            <Coords points="1130,201 2061,201 2061,3087 1130,3087"/>
            <TextLine id="line_1597342891847_1449" custom="readingOrder {index:0;}">
                <Coords points="1158,301 2067,311 2067,259 1158,250"/>
                <Baseline points="1164,296 1209,296 1254,297 1299,297 1344,297 1389,297 1434,299 1479,299 1524,299 1569,299 1614,299 1659,299 1704,299 1749,299 1794,299 1839,299 1884,299 1929,300 1974,300 2019,300 2061,300"/>
                <TextEquiv>
                    <Unicode>pra quam arguit: sed quod seipa probatur: quoniam alioquin haberet partes praeci¬</Unicode>
                </TextEquiv>
            </TextLine>
            <TextLine id="r3l8" custom="readingOrder {index:1;}">
                <Coords points="1152,345 2051,350 2051,316 1973,302 1152,304"/>
                <Baseline points="1157,341 1201,341 1245,341 1290,341 1334,341 1379,341 1423,341 1467,341 1512,341 1556,341 1601,341 1645,341 1689,341 1734,341 1778,341 1823,341 1867,342 1911,342 1956,343 2000,344 2045,345"/>
                <TextEquiv>
                    <Unicode>se per subiectum: et per consequens situ distantes: he autem partes intensiona</Unicode>
                </TextEquiv>
            </TextLine>
            <TextLine id="r3l10" custom="readingOrder {index:2;}">
                <Coords points="1157,388 2057,395 2057,353 2022,349 1158,347"/>
                <Baseline points="1163,383 1207,383 1251,383 1296,383 1340,384 1385,384 1429,384 1473,384 1518,384 1562,384 1607,384 1651,384 1695,386 1740,386 1784,386 1829,386 1873,386 1917,386 1962,386 2006,387 2051,387"/>
                <TextEquiv>
                    <Unicode>les sunt in eodem subiecto primo: ipsa ergo seipsa est diuisibilis et habens</Unicode>
                </TextEquiv>
            </TextLine>
            <TextLine id="r3l13" custom="readingOrder {index:3;}">
                <Coords points="1148,441 2058,436 2058,395 1960,386 1148,392"/>
                <Baseline points="1154,428 1198,428 1243,428 1288,428 1333,428 1378,428 1423,428 1468,428 1513,428 1558,428 1603,428 1647,428 1692,429 1737,429 1782,429 1827,429 1872,429 1917,429 1962,429 2007,429 2052,429"/>
                <TextEquiv>
                    <Unicode>partes. ⁋ 5o alii sic. sequeretur quod esset aliqua forma infinita intensi¬</Unicode>
                </TextEquiv>
            </TextLine>
            <TextLine id="r3l15" custom="readingOrder {index:4;}">
                <Coords points="1152,482 2050,480 2050,446 2012,436 1152,441"/>
                <Baseline points="1158,470 1202,470 1246,471 1291,471 1335,471 1379,471 1424,471 1468,471 1512,471 1557,471 1601,471 1645,471 1690,471 1734,473 1778,473 1823,473 1867,473 1911,473 1956,473 2000,473 2045,474"/>
                <TextEquiv>
                    <Unicode>ue. consequens est impossibile: consequentia declaratur. Nam ponatur quod aliquod corpus lu¬</Unicode>
                </TextEquiv>
            </TextLine>
            <TextLine id="line_1597342891848_1451" custom="readingOrder {index:5;}">
                <Coords points="1146,519 2049,529 2067,476 1146,482"/>
                <Baseline points="1151,510 1201,512 1252,513 1303,515 1354,515 1404,515 1455,515 1506,515 1557,515 1607,515 1658,515 1709,515 1760,515 1810,515 1861,515 1912,516 1963,516 2013,518 2061,518"/>
                <TextEquiv>
                    <Unicode>minosum causet lumen in aliquo susceptiuo luminis in instam</Unicode>
                </TextEquiv>
            </TextLine>
            <TextLine id="r3l20" custom="readingOrder {index:6;}">
                <Coords points="1155,564 2055,573 2033,524 1155,518"/>
                <Baseline points="1161,557 1205,557 1249,557 1294,557 1338,557 1383,558 1427,558 1471,558 1516,558 1560,558 1605,558 1649,558 1693,560 1738,560 1782,560 1827,560 1871,560 1915,560 1960,561 2004,561 2049,561"/>
                <TextEquiv>
                    <Unicode>ti a. et continue post a. moueatur versus illud susceptiuum luminis:</Unicode>
                </TextEquiv>
            </TextLine>
            <TextLine id="r3l22" custom="readingOrder {index:7;}">
                <Coords points="1149,606 2020,619 2056,611 2057,573 1149,565"/>
                <Baseline points="1155,599 1199,600 1244,600 1289,600 1334,600 1379,602 1423,602 1468,602 1513,602 1558,602 1603,602 1647,602 1692,602 1737,603 1782,603 1827,603 1871,603 1916,603 1961,603 2006,603 2051,603"/>
                <TextEquiv>
                    <Unicode>certum est quod hoc posito lumen continue augmentat in illo per ac¬</Unicode>
                </TextEquiv>
            </TextLine>
            <TextLine id="r3l24" custom="readingOrder {index:8;}">
                <Coords points="1151,654 2047,654 2047,609 1151,606"/>
                <Baseline points="1157,642 1201,642 1245,644 1289,644 1334,644 1378,644 1422,645 1466,645 1511,645 1555,645 1599,647 1643,647 1688,647 1732,647 1776,647 1820,647 1865,647 1909,647 1953,647 1997,647 2042,647"/>
                <TextEquiv>
                    <Unicode>quisitionem noui luminis. Cum ergo in quolibet instanti temporis mensuran¬</Unicode>
                </TextEquiv>
            </TextLine>
            <TextLine id="r3l26" custom="readingOrder {index:9;}">
                <Coords points="1151,696 2045,702 2045,654 2019,651 1151,655"/>
                <Baseline points="1157,684 1201,686 1245,686 1289,687 1333,687 1377,689 1421,689 1465,689 1509,689 1553,689 1598,689 1642,690 1686,690 1730,690 1774,690 1818,690 1862,690 1906,690 1950,690 1994,690 2039,690"/>
                <TextEquiv>
                    <Unicode>tis motum continuum appropinqutionis corporis luminosi causaret illud</Unicode>
                </TextEquiv>
            </TextLine>
            <TextLine id="r3l28" custom="readingOrder {index:10;}">
                <Coords points="1150,742 2057,740 2057,702 1990,692 1150,696"/>
                <Baseline points="1155,728 1199,729 1244,731 1289,731 1334,731 1379,732 1423,732 1468,732 1513,732 1558,732 1603,732 1647,732 1692,732 1737,732 1782,732 1827,732 1871,732 1916,732 1961,732 2006,732 2051,732"/>
                <TextEquiv>
                    <Unicode>corpus luminosum tantum lumen quantum causauit in instanti a. et instan¬</Unicode>
                </TextEquiv>
            </TextLine>
            <TextLine id="r3l30" custom="readingOrder {index:11;}">
                <Coords points="1148,780 2054,787 2054,740 1148,742"/>
                <Baseline points="1154,773 1198,773 1243,773 1288,774 1332,774 1377,774 1422,774 1466,776 1511,776 1556,776 1601,776 1645,776 1690,777 1735,777 1779,777 1824,777 1869,777 1913,777 1958,776 2003,776 2048,776"/>
                <TextEquiv>
                    <Unicode>tia sint infinita in tempore illo: sequitur quod si omnia talia lumina re¬</Unicode>
                </TextEquiv>
            </TextLine>
            <TextLine id="r3l32" custom="readingOrder {index:12;}">
                <Coords points="1146,828 2049,831 2024,779 1146,787"/>
                <Baseline points="1152,815 1196,816 1241,816 1285,817 1330,818 1374,818 1419,818 1463,818 1508,818 1552,819 1597,819 1642,819 1686,819 1731,819 1775,819 1820,819 1864,819 1909,819 1953,821 1998,821 2043,821"/>
                <TextEquiv>
                    <Unicode>maneant simul: quod in fine erunt in illo susceptiuo infinita luminia</Unicode>
                </TextEquiv>
            </TextLine>
            <TextLine id="r3l34" custom="readingOrder {index:13;}">
                <Coords points="1146,874 2048,876 2048,831 1943,824 1146,828"/>
                <Baseline points="1151,860 1195,861 1240,861 1284,861 1329,861 1373,863 1418,863 1462,863 1507,863 1551,863 1596,863 1641,863 1685,864 1730,864 1774,864 1819,864 1863,864 1908,864 1952,864 1997,863 2042,863"/>
                <TextEquiv>
                    <Unicode>partialia equalia: et per consequens lumen totale erit in infinitum intensiue: quod</Unicode>
                </TextEquiv>
            </TextLine>
            <TextLine id="r3l36" custom="readingOrder {index:14;}">
                <Coords points="1149,913 2046,913 2046,877 1914,866 1149,873"/>
                <Baseline points="1155,902 1199,903 1243,903 1287,903 1332,905 1376,905 1420,905 1464,905 1509,905 1553,905 1597,905 1641,905 1686,905 1730,905 1774,906 1818,906 1863,906 1907,906 1951,906 1995,906 2040,908"/>
                <TextEquiv>
                    <Unicode>aut illud luminosum in quolibet instanti causaret tantum lumen quantum causauit</Unicode>
                </TextEquiv>
            </TextLine>
            <TextLine id="r3l38" custom="readingOrder {index:15;}">
                <Coords points="1151,955 2052,956 2039,913 1151,912"/>
                <Baseline points="1157,947 1201,947 1245,948 1290,948 1334,950 1379,950 1423,950 1468,951 1512,951 1557,951 1601,951 1645,951 1690,951 1734,951 1779,950 1823,950 1868,950 1912,950 1957,950 2001,948 2046,948"/>
                <TextEquiv>
                    <Unicode>in instanti a. probatur: quia quanto agens est propinquius passo equaliter dis¬</Unicode>
                </TextEquiv>
            </TextLine>
            <TextLine id="r3l40" custom="readingOrder {index:16;}">
                <Coords points="1161,996 2052,1005 2052,956 2018,954 1161,956"/>
                <Baseline points="1167,989 1213,990 1259,992 1305,992 1352,993 1398,993 1444,993 1490,993 1537,993 1583,993 1629,993 1675,993 1722,993 1768,993 1814,993 1860,993 1907,993 1953,992 1999,992 2046,992"/>
                <TextEquiv>
                    <Unicode>posito: tanto effcntiam perfectiorem producit: agens aut illud in quoli¬</Unicode>
                </TextEquiv>
            </TextLine>
            <TextLine id="r3l42" custom="readingOrder {index:17;}">
                <Coords points="1152,1038 2051,1044 2051,1004 1951,995 1153,999"/>
                <Baseline points="1158,1031 1202,1032 1246,1034 1291,1035 1335,1035 1379,1037 1424,1037 1468,1037 1512,1037 1557,1037 1601,1037 1645,1037 1690,1037 1734,1037 1778,1037 1823,1037 1867,1037 1911,1037 1956,1037 2000,1037 2045,1038"/>
                <TextEquiv>
                    <Unicode>bet instanti dicti temporis est propinquius passo: et illud est eque dispo</Unicode>
                </TextEquiv>
            </TextLine>
            <TextLine id="r3l44" custom="readingOrder {index:18;}">
                <Coords points="1147,1085 2058,1088 2058,1043 1147,1037"/>
                <Baseline points="1152,1076 1197,1076 1242,1077 1287,1077 1332,1079 1377,1079 1422,1079 1467,1079 1512,1079 1557,1080 1602,1080 1647,1080 1692,1080 1737,1080 1782,1080 1827,1080 1872,1080 1917,1079 1962,1079 2007,1079 2052,1079"/>
                <TextEquiv>
                    <Unicode>situm: quoniam vnum lumen non indisponit ad aliud. ergo in quolibet poste</Unicode>
                </TextEquiv>
            </TextLine>
            <TextLine id="r3l46" custom="readingOrder {index:19;}">
                <Coords points="1146,1129 2048,1135 2036,1086 1146,1091"/>
                <Baseline points="1152,1118 1196,1119 1241,1121 1285,1121 1330,1122 1374,1122 1419,1124 1463,1124 1508,1124 1552,1124 1597,1124 1641,1124 1686,1124 1730,1124 1775,1124 1819,1124 1864,1122 1908,1122 1953,1122 1997,1122 2042,1122"/>
                <TextEquiv>
                    <Unicode>riore instanti: maius vel saltem equale lumen causat lumen: quod causauit</Unicode>
                </TextEquiv>
            </TextLine>
            <TextLine id="r3l48" custom="readingOrder {index:20;}">
                <Coords points="1158,1167 2045,1170 2045,1132 2020,1130 1158,1126"/>
                <Baseline points="1164,1163 1207,1163 1251,1164 1295,1164 1339,1165 1382,1166 1426,1166 1470,1166 1514,1167 1557,1167 1601,1167 1645,1167 1689,1167 1732,1167 1776,1167 1820,1167 1864,1167 1907,1167 1951,1166 1995,1166 2039,1164"/>
                <TextEquiv>
                    <Unicode>in instanti a. et si maius: est habet propositum: tum quia in quolibet alio in</Unicode>
                </TextEquiv>
            </TextLine>
            <TextLine id="r3l50" custom="readingOrder {index:21;}">
                <Coords points="1153,1213 2060,1219 2061,1164 1153,1170"/>
                <Baseline points="1158,1205 1202,1206 1247,1208 1292,1208 1337,1209 1382,1209 1427,1209 1471,1211 1516,1211 1561,1211 1606,1211 1651,1211 1696,1211 1741,1211 1785,1211 1830,1211 1875,1209 1920,1209 1965,1209 2010,1209 2055,1208"/>
                <TextEquiv>
                    <Unicode>stanti: vel causat equale lumen vel maius vel minus. Si equale habetur</Unicode>
                </TextEquiv>
            </TextLine>
            <TextLine id="r3l52" custom="readingOrder {index:22;}">
                <Coords points="1148,1260 2048,1262 2024,1214 1148,1215"/>
                <Baseline points="1154,1248 1198,1250 1242,1251 1287,1251 1331,1253 1376,1253 1420,1253 1464,1254 1509,1254 1553,1254 1598,1254 1642,1254 1686,1254 1731,1254 1775,1254 1820,1253 1864,1253 1908,1253 1953,1253 1997,1253 2042,1251"/>
                <TextEquiv>
                    <Unicode>intentum. Si maius conceditur propositum: quia maius includit equale. Si vero</Unicode>
                </TextEquiv>
            </TextLine>
            <TextLine id="r3l54" custom="readingOrder {index:23;}">
                <Coords points="1156,1299 2052,1305 2027,1261 1156,1257"/>
                <Baseline points="1161,1292 1205,1293 1249,1293 1293,1295 1338,1295 1382,1296 1426,1296 1470,1296 1515,1296 1559,1296 1603,1296 1647,1296 1692,1296 1736,1296 1780,1296 1824,1296 1869,1296 1913,1295 1957,1295 2001,1295 2046,1295"/>
                <TextEquiv>
                    <Unicode>minus tunc signetur instans vnum in tempore illo: et sit. dicens ergo in d. causatur</Unicode>
                </TextEquiv>
            </TextLine>
            <TextLine id="r3l56" custom="readingOrder {index:24;}">
                <Coords points="1152,1345 2055,1343 2055,1307 2014,1298 1152,1300"/>
                <Baseline points="1157,1335 1201,1337 1246,1337 1290,1338 1335,1338 1380,1340 1424,1340 1469,1340 1513,1340 1558,1340 1603,1340 1647,1340 1692,1340 1736,1340 1781,1340 1826,1340 1870,1340 1915,1338 1959,1338 2004,1338 2049,1337"/>
                <TextEquiv>
                    <Unicode>minus lumen quam in aliquo priore. Et per consequens in quolibet instanti prio¬</Unicode>
                </TextEquiv>
            </TextLine>
            <TextLine id="r3l58" custom="readingOrder {index:25;}">
                <Coords points="1147,1392 2032,1399 2058,1393 2058,1347 1147,1349"/>
                <Baseline points="1152,1379 1197,1380 1242,1380 1287,1382 1332,1382 1377,1382 1422,1382 1467,1383 1512,1383 1557,1383 1602,1383 1647,1383 1692,1383 1737,1383 1782,1382 1827,1382 1872,1382 1917,1382 1962,1382 2007,1382 2052,1382"/>
                <TextEquiv>
                    <Unicode>re causabatur maius lumen: quia est lumen causatum in d. ergo et equale: et cum</Unicode>
                </TextEquiv>
            </TextLine>
            <TextLine id="r3l60" custom="readingOrder {index:26;}">
                <Coords points="1142,1440 1997,1443 2047,1431 2047,1392 1142,1395"/>
                <Baseline points="1148,1425 1192,1425 1237,1425 1282,1425 1326,1426 1371,1427 1416,1427 1460,1427 1505,1427 1550,1427 1595,1427 1639,1427 1684,1427 1729,1427 1773,1427 1818,1427 1863,1425 1907,1425 1952,1425 1997,1424 2042,1424"/>
                <TextEquiv>
                    <Unicode>post a. et ante d. sint instantia infinita. ergo in illo susceptiuo secundum</Unicode>
                </TextEquiv>
            </TextLine>
            <TextLine id="r3l62" custom="readingOrder {index:27;}">
                <Coords points="1145,1473 2041,1477 2057,1433 1145,1441"/>
                <Baseline points="1151,1467 1196,1467 1241,1468 1286,1469 1331,1469 1376,1469 1421,1469 1466,1470 1511,1470 1556,1470 1601,1470 1646,1470 1691,1470 1736,1470 1781,1470 1826,1470 1871,1469 1916,1469 1961,1469 2006,1467 2051,1467"/>
                <TextEquiv>
                    <Unicode>opinionem: erunt luminia equalia infinita: omne autem lumen compositum ex in¬</Unicode>
                </TextEquiv>
            </TextLine>
            <TextLine id="r3l64" custom="readingOrder {index:28;}">
                <Coords points="1142,1518 2051,1515 2051,1474 1971,1467 1819,1489 1142,1471"/>
                <Baseline points="1148,1509 1192,1511 1237,1512 1282,1512 1327,1512 1372,1512 1417,1514 1461,1514 1506,1514 1551,1514 1596,1514 1641,1514 1686,1512 1731,1512 1775,1512 1820,1512 1865,1512 1910,1512 1955,1512 2000,1512 2045,1512"/>
                <TextEquiv>
                    <Unicode>finitis luminibus equalibus est infinitum intensiue. ⁋ 6o omnis forma</Unicode>
                </TextEquiv>
            </TextLine>
            <TextLine id="r3l67" custom="readingOrder {index:29;}">
                <Coords points="1145,1563 2061,1560 2047,1515 1145,1518"/>
                <Baseline points="1151,1554 1196,1554 1241,1556 1286,1556 1331,1556 1377,1556 1422,1557 1467,1557 1512,1556 1557,1556 1603,1556 1648,1556 1693,1556 1738,1556 1783,1554 1829,1554 1874,1554 1919,1554 1964,1554 2009,1553 2055,1553"/>
                <TextEquiv>
                    <Unicode>quae intenditur per additionem partis ad partem est intensior sua parte:</Unicode>
                </TextEquiv>
            </TextLine>
            <TextLine id="r3l69" custom="readingOrder {index:30;}">
                <Coords points="1148,1615 2058,1604 2058,1562 2025,1559 1148,1562"/>
                <Baseline points="1154,1596 1198,1597 1243,1598 1288,1598 1333,1599 1378,1599 1423,1599 1468,1599 1513,1598 1558,1598 1603,1598 1647,1598 1692,1596 1737,1596 1782,1596 1827,1596 1872,1595 1917,1595 1962,1596 2007,1596 2052,1596"/>
                <TextEquiv>
                    <Unicode>sed nulla forma est intensior sua parte. ergo nulla sic intenditur. Et lo</Unicode>
                </TextEquiv>
            </TextLine>
            <TextLine id="r3l70" custom="readingOrder {index:31;}">
                <Coords points="1163,1658 2034,1655 2063,1604 1163,1611"/>
                <Baseline points="1169,1640 1213,1640 1257,1640 1302,1640 1346,1640 1391,1640 1435,1640 1480,1640 1524,1640 1569,1640 1613,1640 1657,1640 1702,1640 1746,1640 1791,1640 1835,1640 1880,1638 1924,1638 1969,1638 2013,1637 2058,1637"/>
                <TextEquiv>
                    <Unicode>quitur de partibus formalibus seu intensiuis: maior patet. minor pro¬</Unicode>
                </TextEquiv>
            </TextLine>
            <TextLine id="r3l72" custom="readingOrder {index:32;}">
                <Coords points="1147,1692 2061,1690 2053,1646 1147,1647"/>
                <Baseline points="1152,1682 1197,1683 1242,1683 1287,1683 1332,1683 1377,1683 1422,1683 1468,1683 1513,1683 1558,1683 1603,1683 1648,1683 1693,1683 1738,1683 1784,1682 1829,1682 1874,1682 1919,1682 1964,1682 2009,1682 2055,1682"/>
                <TextEquiv>
                    <Unicode>batur. Si enim detur oppositum sumatur calor intensissimus: et sit a. et sint</Unicode>
                </TextEquiv>
            </TextLine>
            <TextLine id="r3l74" custom="readingOrder {index:33;}">
                <Coords points="1148,1731 1912,1743 2066,1734 2066,1691 1148,1695"/>
                <Baseline points="1154,1724 1199,1725 1244,1725 1289,1725 1335,1727 1380,1727 1425,1727 1471,1727 1516,1727 1561,1727 1607,1727 1652,1727 1697,1727 1742,1725 1788,1725 1833,1725 1878,1725 1924,1725 1969,1725 2014,1724 2060,1724"/>
                <TextEquiv>
                    <Unicode>due medietates eius b. et c. Si a. est intensior quam b. ergo et b. est im¬</Unicode>
                </TextEquiv>
            </TextLine>
            <TextLine id="r3l77" custom="readingOrder {index:34;}">
                <Coords points="1154,1776 1950,1787 2052,1774 2052,1733 1154,1736"/>
                <Baseline points="1160,1766 1204,1767 1248,1769 1292,1769 1337,1769 1381,1770 1425,1770 1470,1770 1514,1770 1558,1770 1603,1770 1647,1770 1691,1770 1735,1770 1780,1769 1824,1769 1868,1769 1913,1769 1957,1768 2001,1767 2046,1767"/>
                <TextEquiv>
                    <Unicode>tensior quam sua medietas: et sic vltra diuidendo quousque deue¬</Unicode>
                </TextEquiv>
            </TextLine>
            <TextLine id="r3l78" custom="readingOrder {index:35;}">
                <Coords points="1155,1818 2032,1824 2057,1822 2057,1770 1155,1776"/>
                <Baseline points="1161,1811 1205,1812 1250,1812 1294,1812 1339,1812 1383,1812 1428,1812 1472,1812 1517,1812 1561,1812 1606,1812 1650,1812 1695,1812 1739,1812 1784,1812 1828,1811 1873,1811 1917,1811 1962,1811 2006,1812 2051,1812"/>
                <TextEquiv>
                    <Unicode>niatur ad calorem remississimum: et cum omnes huiusmodi partes sint in eodem</Unicode>
                </TextEquiv>
            </TextLine>
            <TextLine id="r3l81" custom="readingOrder {index:36;}">
                <Coords points="1145,1866 2054,1863 2054,1822 1976,1814 1145,1818"/>
                <Baseline points="1151,1856 1195,1856 1240,1856 1285,1856 1330,1856 1375,1856 1420,1856 1464,1856 1509,1857 1554,1857 1599,1857 1644,1857 1689,1857 1734,1857 1778,1856 1823,1856 1868,1856 1913,1856 1958,1854 2003,1854 2048,1853"/>
                <TextEquiv>
                    <Unicode>subiecto primo: sequitur quod in eodem subiecto primo erunt simul calor intensissimus</Unicode>
                </TextEquiv>
            </TextLine>
            <TextLine id="r3l83" custom="readingOrder {index:37;}">
                <Coords points="1142,1904 2054,1904 2034,1861 1142,1869"/>
                <Baseline points="1148,1898 1193,1898 1238,1898 1283,1899 1328,1899 1373,1899 1418,1899 1463,1899 1508,1899 1553,1899 1598,1899 1643,1899 1688,1899 1733,1899 1778,1899 1823,1899 1868,1898 1913,1898 1958,1898 2003,1897 2048,1896"/>
                <TextEquiv>
                    <Unicode>et calor remississimus: hoc autem est impossibile: tum quia calor intensissimus</Unicode>
                </TextEquiv>
            </TextLine>
            <TextLine id="r3l85" custom="readingOrder {index:38;}">
                <Coords points="1154,1953 2012,1957 2057,1946 2057,1906 1154,1910"/>
                <Baseline points="1160,1940 1204,1941 1249,1941 1293,1942 1338,1943 1382,1943 1427,1943 1471,1943 1516,1943 1560,1944 1605,1943 1650,1943 1694,1943 1739,1943 1783,1943 1828,1943 1872,1943 1917,1941 1961,1941 2006,1941 2051,1940"/>
                <TextEquiv>
                    <Unicode>et calor remississimus si ponant in diuersis subiecti propinquis agunt</Unicode>
                </TextEquiv>
            </TextLine>
            <TextLine id="r3l87" custom="readingOrder {index:39;}">
                <Coords points="1154,1993 2057,2005 2057,1945 1154,1956"/>
                <Baseline points="1160,1985 1204,1985 1249,1986 1293,1986 1338,1986 1382,1986 1427,1988 1471,1988 1516,1988 1560,1988 1605,1988 1650,1988 1694,1988 1739,1988 1783,1987 1828,1986 1872,1986 1917,1985 1961,1984 2006,1983 2051,1982"/>
                <TextEquiv>
                    <Unicode>et patiuntur abinuicem. Nam intensus expellit gradum remissum. ergo</Unicode>
                </TextEquiv>
            </TextLine>
            <TextLine id="r3l89" custom="readingOrder {index:40;}">
                <Coords points="1156,2038 2054,2034 2054,2004 1987,1987 1156,1999"/>
                <Baseline points="1161,2027 1205,2028 1249,2028 1294,2030 1338,2030 1382,2030 1427,2031 1471,2031 1515,2031 1560,2030 1604,2030 1648,2030 1693,2030 1737,2030 1781,2028 1826,2028 1870,2028 1914,2028 1959,2028 2003,2028 2048,2028"/>
                <TextEquiv>
                    <Unicode>non sunt compossibilia in eodem subiecto: tum quia calor remissus aliquo mo¬</Unicode>
                </TextEquiv>
            </TextLine>
            <TextLine id="r3l91" custom="readingOrder {index:41;}">
                <Coords points="1154,2079 2060,2083 2060,2034 1154,2038"/>
                <Baseline points="1160,2070 1204,2072 1249,2072 1294,2073 1338,2073 1383,2073 1428,2073 1472,2073 1517,2073 1562,2073 1607,2073 1651,2073 1696,2073 1741,2073 1785,2072 1830,2072 1875,2072 1919,2072 1964,2072 2009,2072 2054,2072"/>
                <TextEquiv>
                    <Unicode>contrariatur intenso. ergo non potest esse cum eo: hoc ratio: vt dicunt: euidentior est si</Unicode>
                </TextEquiv>
            </TextLine>
            <TextLine id="r3l93" custom="readingOrder {index:42;}">
                <Coords points="1151,2123 2046,2128 2055,2078 1151,2082"/>
                <Baseline points="1157,2114 1201,2114 1246,2115 1290,2115 1335,2115 1380,2117 1424,2117 1469,2117 1513,2117 1558,2117 1603,2117 1647,2117 1692,2117 1736,2117 1781,2115 1826,2115 1870,2115 1915,2115 1959,2114 2004,2114 2049,2114"/>
                <TextEquiv>
                    <Unicode>fiat de raritate intensissima: simul enim erunt in eodem subiecto adequae¬</Unicode>
                </TextEquiv>
            </TextLine>
            <TextLine id="r3l95" custom="readingOrder {index:43;}">
                <Coords points="1149,2164 1951,2174 2061,2167 2061,2121 1149,2127"/>
                <Baseline points="1154,2157 1199,2157 1244,2158 1289,2159 1334,2159 1379,2159 1424,2160 1469,2160 1514,2160 1559,2160 1604,2160 1649,2160 1694,2160 1739,2160 1784,2160 1829,2159 1874,2159 1919,2159 1964,2157 2009,2157 2055,2156"/>
                <TextEquiv>
                    <Unicode>te raritas maxia et raritas valde remissa: et per consequens partes in me</Unicode>
                </TextEquiv>
            </TextLine>
            <TextLine id="r3l97" custom="readingOrder {index:44;}">
                <Coords points="1148,2209 1964,2218 2052,2206 2052,2162 1148,2165"/>
                <Baseline points="1154,2201 1198,2201 1243,2201 1287,2202 1332,2202 1377,2202 1421,2204 1466,2204 1510,2204 1555,2204 1600,2204 1644,2204 1689,2204 1733,2204 1778,2204 1823,2204 1867,2203 1912,2202 1956,2202 2001,2201 2046,2199"/>
                <TextEquiv>
                    <Unicode>dietate subiecti iacebunt magis propinqua: et minus propinqua et magis reo</Unicode>
                </TextEquiv>
            </TextLine>
            <TextLine id="line_1597342891857_1453" custom="readingOrder {index:45;}">
                <Coords points="1149,2253 2009,2260 2067,2253 2067,2204 1149,2209"/>
                <Baseline points="1154,2243 1201,2244 1248,2244 1295,2246 1342,2246 1389,2246 1436,2247 1483,2247 1530,2247 1577,2247 1624,2247 1671,2247 1718,2247 1765,2247 1812,2246 1859,2246 1906,2246 1953,2244 2000,2243 2047,2242 2061,2241"/>
                <TextEquiv>
                    <Unicode>te eminus renote simul: quod est impossibile. ⁋ 75o sic. nulla forma remittitur.</Unicode>
                </TextEquiv>
            </TextLine>
            <TextLine id="r3l101" custom="readingOrder {index:46;}">
                <Coords points="1160,2300 1996,2308 2061,2298 2061,2253 1160,2255"/>
                <Baseline points="1166,2288 1210,2288 1254,2289 1299,2289 1343,2289 1388,2291 1432,2291 1477,2291 1521,2291 1566,2291 1610,2291 1654,2291 1699,2289 1743,2289 1788,2289 1832,2289 1877,2289 1921,2288 1966,2288 2010,2288 2055,2288"/>
                <TextEquiv>
                    <Unicode>per diminutionem partis a parte. ergo non intenditur per additionem partis</Unicode>
                </TextEquiv>
            </TextLine>
            <TextLine id="r3l103" custom="readingOrder {index:47;}">
                <Coords points="1155,2344 2015,2346 2051,2341 2051,2295 1154,2306"/>
                <Baseline points="1160,2330 1204,2331 1248,2333 1292,2333 1337,2334 1381,2334 1425,2334 1469,2334 1514,2334 1558,2334 1602,2334 1646,2333 1691,2333 1735,2333 1779,2331 1823,2331 1868,2331 1912,2331 1956,2330 2000,2330 2045,2330"/>
                <TextEquiv>
                    <Unicode>ad partem: consequentia patet: quia intensio eta remisio sunt contraria et habent fieri mo</Unicode>
                </TextEquiv>
            </TextLine>
            <TextLine id="r3l104" custom="readingOrder {index:48;}">
                <Coords points="1161,2382 2041,2388 2054,2340 1161,2342"/>
                <Baseline points="1167,2373 1211,2374 1255,2375 1299,2376 1343,2376 1387,2376 1431,2378 1475,2378 1519,2378 1563,2378 1607,2378 1651,2376 1695,2376 1739,2376 1783,2376 1827,2375 1871,2375 1915,2375 1959,2375 2003,2374 2048,2373"/>
                <TextEquiv>
                    <Unicode>dis contrariis. Antecedens probatur: quia quaelibet medietas forme secundum intensionem est</Unicode>
                </TextEquiv>
            </TextLine>
            <TextLine id="r3l107" custom="readingOrder {index:49;}">
                <Coords points="1157,2425 2060,2423 2060,2383 2015,2380 1157,2383"/>
                <Baseline points="1163,2418 1207,2418 1252,2420 1296,2420 1341,2420 1386,2420 1430,2420 1475,2420 1519,2420 1564,2420 1609,2420 1653,2420 1698,2420 1742,2420 1787,2420 1832,2418 1876,2418 1921,2418 1965,2417 2010,2417 2055,2417"/>
                <TextEquiv>
                    <Unicode>eque proxima agenti remittenti eam: et est equalis alteri in virtute re</Unicode>
                </TextEquiv>
            </TextLine>
            <TextLine id="r3l109" custom="readingOrder {index:50;}">
                <Coords points="1146,2469 2058,2474 2042,2420 1146,2428"/>
                <Baseline points="1152,2459 1197,2460 1242,2462 1287,2463 1332,2463 1377,2465 1422,2465 1467,2465 1512,2465 1557,2465 1602,2465 1647,2465 1692,2465 1737,2463 1782,2463 1827,2463 1872,2462 1917,2462 1962,2462 2007,2462 2052,2462"/>
                <TextEquiv>
                    <Unicode>sistitiua: et universaliter nulla est ratio propter quam vna potius corrumpatur quam</Unicode>
                </TextEquiv>
            </TextLine>
            <TextLine id="r3l111" custom="readingOrder {index:51;}">
                <Coords points="1154,2518 2041,2517 2064,2475 1154,2478"/>
                <Baseline points="1160,2504 1204,2505 1249,2505 1294,2507 1339,2507 1384,2507 1429,2507 1474,2507 1519,2507 1564,2507 1609,2507 1653,2507 1698,2507 1743,2507 1788,2505 1833,2505 1878,2505 1923,2505 1968,2504 2013,2504 2058,2504"/>
                <TextEquiv>
                    <Unicode>alia: et sic vel vtraque simul corrumpetur vel neutra corrumpetur: et</Unicode>
                </TextEquiv>
            </TextLine>
            <TextLine id="r3l112" custom="readingOrder {index:52;}">
                <Coords points="1154,2557 2057,2551 2057,2519 2013,2511 1154,2518"/>
                <Baseline points="1160,2546 1204,2547 1249,2549 1293,2549 1338,2550 1383,2550 1427,2550 1472,2552 1516,2552 1561,2552 1606,2552 1650,2550 1695,2550 1739,2550 1784,2550 1829,2549 1873,2549 1918,2549 1962,2547 2007,2547 2052,2547"/>
                <TextEquiv>
                    <Unicode>eodem modo dicendum est de medietatibus medietatum: et sic de omnibus.</Unicode>
                </TextEquiv>
            </TextLine>
            <TextLine id="r3l114" custom="readingOrder {index:53;}">
                <Coords points="1158,2602 2060,2599 2037,2554 1158,2556"/>
                <Baseline points="1164,2591 1208,2592 1253,2592 1297,2594 1342,2594 1386,2594 1431,2594 1475,2594 1520,2594 1564,2594 1609,2594 1653,2594 1698,2592 1742,2592 1787,2592 1831,2592 1876,2591 1920,2591 1965,2591 2009,2591 2054,2592"/>
                <TextEquiv>
                    <Unicode>Si autem vtraque simul corrumpetur: non igitur per ablationem partis a par</Unicode>
                </TextEquiv>
            </TextLine>
            <TextLine id="r3l116" custom="readingOrder {index:54;}">
                <Coords points="1157,2643 2032,2651 2060,2643 2060,2598 1157,2603"/>
                <Baseline points="1163,2636 1207,2636 1252,2636 1296,2636 1341,2637 1386,2637 1430,2637 1475,2637 1519,2637 1564,2637 1609,2637 1653,2636 1698,2636 1742,2636 1787,2636 1832,2635 1876,2634 1921,2634 1965,2633 2010,2633 2055,2633"/>
                <TextEquiv>
                    <Unicode>te. ⁋ Forte diceretur ad rationem quod inter medietates formae eius¬</Unicode>
                </TextEquiv>
            </TextLine>
            <TextLine id="r3l119" custom="readingOrder {index:55;}">
                <Coords points="1154,2685 2055,2690 2055,2643 1985,2638 1154,2644"/>
                <Baseline points="1160,2678 1204,2679 1248,2680 1293,2681 1337,2682 1382,2682 1426,2682 1471,2682 1515,2682 1560,2682 1604,2681 1648,2681 1693,2681 1737,2679 1782,2679 1826,2679 1871,2678 1915,2678 1960,2678 2004,2678 2049,2678"/>
                <TextEquiv>
                    <Unicode>dem est ordo secundum naturam: propter quam naturaliter vna corruptibilis est ante</Unicode>
                </TextEquiv>
            </TextLine>
            <TextLine id="line_1597342891859_1455" custom="readingOrder {index:56;}">
                <Coords points="1155,2732 2056,2731 2066,2693 1155,2696"/>
                <Baseline points="1161,2724 1207,2724 1253,2723 1300,2723 1346,2723 1392,2724 1439,2724 1485,2724 1531,2724 1578,2724 1624,2724 1670,2724 1717,2724 1763,2724 1809,2723 1856,2723 1902,2723 1948,2721 1995,2721 2041,2720 2061,2719"/>
                <TextEquiv>
                    <Unicode>alteram. ⁋ Contra. quoniam ille medietates nullum habent maiorem or</Unicode>
                </TextEquiv>
            </TextLine>
            <TextLine id="r3l122" custom="readingOrder {index:57;}">
                <Coords points="1145,2779 1937,2786 2061,2774 2061,2731 1145,2732"/>
                <Baseline points="1151,2765 1196,2765 1241,2766 1286,2766 1331,2766 1377,2766 1422,2768 1467,2768 1512,2768 1557,2768 1603,2768 1648,2768 1693,2768 1738,2768 1783,2768 1829,2768 1874,2768 1919,2766 1964,2765 2009,2765 2055,2763"/>
                <TextEquiv>
                    <Unicode>dinem in eodem subiecto: quam si essent in diuersis subiectis: hoc patet: quia ipse</Unicode>
                </TextEquiv>
            </TextLine>
            <TextLine id="r3l124" custom="readingOrder {index:58;}">
                <Coords points="1148,2818 1994,2825 2055,2819 2055,2773 1148,2779"/>
                <Baseline points="1154,2810 1198,2810 1243,2810 1288,2810 1333,2810 1377,2810 1422,2810 1467,2810 1512,2810 1556,2811 1601,2811 1646,2811 1691,2811 1735,2811 1780,2810 1825,2810 1870,2810 1914,2810 1959,2808 2004,2807 2049,2807"/>
                <TextEquiv>
                    <Unicode>ad subiectum vniformiter se habent. Nam equaliter et vniformiter ipsum</Unicode>
                </TextEquiv>
            </TextLine>
            <TextLine id="r3l126" custom="readingOrder {index:59;}">
                <Coords points="1154,2869 2019,2862 2061,2856 2061,2817 1154,2821"/>
                <Baseline points="1160,2855 1204,2855 1249,2853 1294,2853 1339,2853 1383,2853 1428,2853 1473,2853 1518,2853 1562,2853 1607,2853 1652,2853 1697,2853 1741,2853 1786,2853 1831,2853 1876,2852 1920,2852 1965,2851 2010,2850 2055,2849"/>
                <TextEquiv>
                    <Unicode>perficiunt: et etiam equaliter extenduntur in subiecto. Si autem ille due medie¬</Unicode>
                </TextEquiv>
            </TextLine>
            <TextLine id="r3l128" custom="readingOrder {index:60;}">
                <Coords points="1158,2906 1957,2910 2054,2902 2054,2857 1158,2869"/>
                <Baseline points="1163,2897 1207,2897 1251,2895 1295,2895 1340,2895 1384,2895 1428,2895 1472,2897 1517,2897 1561,2897 1605,2897 1649,2897 1694,2897 1738,2897 1782,2897 1826,2897 1871,2897 1915,2895 1959,2894 2003,2893 2048,2891"/>
                <TextEquiv>
                    <Unicode>tates essent in diuersis subiectis mediis existentibus equaliter dispositis</Unicode>
                </TextEquiv>
            </TextLine>
            <TextLine id="r3l130" custom="readingOrder {index:61;}">
                <Coords points="1154,2952 2043,2945 2054,2902 1154,2910"/>
                <Baseline points="1160,2939 1204,2939 1248,2939 1293,2940 1337,2940 1382,2940 1426,2940 1470,2940 1515,2940 1559,2940 1604,2940 1648,2940 1692,2940 1737,2940 1781,2939 1826,2939 1870,2939 1914,2938 1959,2937 2003,2937 2048,2936"/>
                <TextEquiv>
                    <Unicode>et omnibus aliis conditionibus paribus: constat quod illud agens in eadem mensura</Unicode>
                </TextEquiv>
            </TextLine>
            <TextLine id="line_1597342891860_1457" custom="readingOrder {index:62;}">
                <Coords points="1164,2991 1999,2997 2067,2985 2067,2943 1164,2955"/>
                <Baseline points="1170,2982 1216,2982 1263,2984 1309,2984 1356,2984 1402,2984 1449,2984 1495,2984 1542,2984 1588,2984 1635,2984 1681,2984 1728,2984 1774,2984 1821,2982 1867,2982 1914,2982 1960,2982 2007,2981 2053,2981 2061,2981"/>
                <TextEquiv>
                    <Unicode>adequata corrumperet vtramque quia equaliter ageret in earum subiecta. ⁋ Con¬</Unicode>
                </TextEquiv>
            </TextLine>
            <TextLine id="r3l134" custom="readingOrder {index:63;}">
                <Coords points="1151,3037 2031,3040 2065,3036 2065,2986 1151,2999"/>
                <Baseline points="1157,3026 1202,3026 1247,3027 1292,3027 1337,3027 1382,3029 1427,3029 1473,3029 1518,3029 1563,3029 1608,3027 1653,3027 1698,3027 1743,3027 1789,3026 1834,3026 1879,3024 1924,3024 1969,3024 2014,3023 2060,3023"/>
                <TextEquiv>
                    <Unicode>firro: quoniam actio est ratione contrarietatis: et agens vtrique mediem equaliter</Unicode>
                </TextEquiv>
            </TextLine>
            <TextLine id="line_1597342891861_1459" custom="readingOrder {index:64;}">
                <Coords points="1154,3097 2000,3090 2067,3080 2067,3032 1154,3038"/>
                <Baseline points="1160,3072 1207,3072 1254,3072 1302,3073 1349,3074 1397,3074 1444,3074 1491,3074 1539,3074 1586,3074 1634,3074 1681,3074 1728,3074 1776,3074 1823,3074 1871,3072 1918,3071 1965,3070 2013,3069 2060,3068 2061,3067"/>
                <TextEquiv>
                    <Unicode>contrariatur. ergo in vtramque equaliter et simul aget. ⁋ Secudo quia si su</Unicode>
                </TextEquiv>
            </TextLine>
            <TextEquiv>
                <Unicode>pra quam arguit: sed quod seipa probatur: quoniam alioquin haberet partes praeci¬
se per subiectum: et per consequens situ distantes: he autem partes intensiona
les sunt in eodem subiecto primo: ipsa ergo seipsa est diuisibilis et habens
partes. ⁋ 5o alii sic. sequeretur quod esset aliqua forma infinita intensi¬
ue. consequens est impossibile: consequentia declaratur. Nam ponatur quod aliquod corpus lu¬
minosum causet lumen in aliquo susceptiuo luminis in instam
ti a. et continue post a. moueatur versus illud susceptiuum luminis:
certum est quod hoc posito lumen continue augmentat in illo per ac¬
quisitionem noui luminis. Cum ergo in quolibet instanti temporis mensuran¬
tis motum continuum appropinqutionis corporis luminosi causaret illud
corpus luminosum tantum lumen quantum causauit in instanti a. et instan¬
tia sint infinita in tempore illo: sequitur quod si omnia talia lumina re¬
maneant simul: quod in fine erunt in illo susceptiuo infinita luminia
partialia equalia: et per consequens lumen totale erit in infinitum intensiue: quod
aut illud luminosum in quolibet instanti causaret tantum lumen quantum causauit
in instanti a. probatur: quia quanto agens est propinquius passo equaliter dis¬
posito: tanto effcntiam perfectiorem producit: agens aut illud in quoli¬
bet instanti dicti temporis est propinquius passo: et illud est eque dispo
situm: quoniam vnum lumen non indisponit ad aliud. ergo in quolibet poste
riore instanti: maius vel saltem equale lumen causat lumen: quod causauit
in instanti a. et si maius: est habet propositum: tum quia in quolibet alio in
stanti: vel causat equale lumen vel maius vel minus. Si equale habetur
intentum. Si maius conceditur propositum: quia maius includit equale. Si vero
minus tunc signetur instans vnum in tempore illo: et sit. dicens ergo in d. causatur
minus lumen quam in aliquo priore. Et per consequens in quolibet instanti prio¬
re causabatur maius lumen: quia est lumen causatum in d. ergo et equale: et cum
post a. et ante d. sint instantia infinita. ergo in illo susceptiuo secundum
opinionem: erunt luminia equalia infinita: omne autem lumen compositum ex in¬
finitis luminibus equalibus est infinitum intensiue. ⁋ 6o omnis forma
quae intenditur per additionem partis ad partem est intensior sua parte:
sed nulla forma est intensior sua parte. ergo nulla sic intenditur. Et lo
quitur de partibus formalibus seu intensiuis: maior patet. minor pro¬
batur. Si enim detur oppositum sumatur calor intensissimus: et sit a. et sint
due medietates eius b. et c. Si a. est intensior quam b. ergo et b. est im¬
tensior quam sua medietas: et sic vltra diuidendo quousque deue¬
niatur ad calorem remississimum: et cum omnes huiusmodi partes sint in eodem
subiecto primo: sequitur quod in eodem subiecto primo erunt simul calor intensissimus
et calor remississimus: hoc autem est impossibile: tum quia calor intensissimus
et calor remississimus si ponant in diuersis subiecti propinquis agunt
et patiuntur abinuicem. Nam intensus expellit gradum remissum. ergo
non sunt compossibilia in eodem subiecto: tum quia calor remissus aliquo mo¬
contrariatur intenso. ergo non potest esse cum eo: hoc ratio: vt dicunt: euidentior est si
fiat de raritate intensissima: simul enim erunt in eodem subiecto adequae¬
te raritas maxia et raritas valde remissa: et per consequens partes in me
dietate subiecti iacebunt magis propinqua: et minus propinqua et magis reo
te eminus renote simul: quod est impossibile. ⁋ 75o sic. nulla forma remittitur.
per diminutionem partis a parte. ergo non intenditur per additionem partis
ad partem: consequentia patet: quia intensio eta remisio sunt contraria et habent fieri mo
dis contrariis. Antecedens probatur: quia quaelibet medietas forme secundum intensionem est
eque proxima agenti remittenti eam: et est equalis alteri in virtute re
sistitiua: et universaliter nulla est ratio propter quam vna potius corrumpatur quam
alia: et sic vel vtraque simul corrumpetur vel neutra corrumpetur: et
eodem modo dicendum est de medietatibus medietatum: et sic de omnibus.
Si autem vtraque simul corrumpetur: non igitur per ablationem partis a par
te. ⁋ Forte diceretur ad rationem quod inter medietates formae eius¬
dem est ordo secundum naturam: propter quam naturaliter vna corruptibilis est ante
alteram. ⁋ Contra. quoniam ille medietates nullum habent maiorem or
dinem in eodem subiecto: quam si essent in diuersis subiectis: hoc patet: quia ipse
ad subiectum vniformiter se habent. Nam equaliter et vniformiter ipsum
perficiunt: et etiam equaliter extenduntur in subiecto. Si autem ille due medie¬
tates essent in diuersis subiectis mediis existentibus equaliter dispositis
et omnibus aliis conditionibus paribus: constat quod illud agens in eadem mensura
adequata corrumperet vtramque quia equaliter ageret in earum subiecta. ⁋ Con¬
firro: quoniam actio est ratione contrarietatis: et agens vtrique mediem equaliter
contrariatur. ergo in vtramque equaliter et simul aget. ⁋ Secudo quia si su</Unicode>
            </TextEquiv>
        </TextRegion>
    </Page>
</PcGts>
