2467 3529
432 251 1339 333 caritas acquisita et cupiditas sunt incompossibiles secundum habitum.
435 332 1328 380 dici potest probabiliter: quod si sumatur caritas acquisita perfecta scilicet erg
438 369 1347 427 ea qua quis habitualiter deum diligit super omnia. et quicquid di¬
435 413 1343 470 ligit diligit propter deum: tali caritati nulla habitualis cupiditas
432 454 1332 507 mortalis est sibi compossibilis: alioquin in eodem simul essent ha¬
440 503 1331 554 bitus acquisiti ad incompossibiles actus inclinantes: videlicet
432 549 1322 597 diligere creaturam plusquam deum: vel non propter deum: qui est act
438 587 1335 646 cupiditatis. et diligere deum plusquam creaturam: et non propter ipsam
444 638 1330 683 creaturam: qui est actus caritatis. quamuis autem non omnis cupiditas
431 669 1326 728 sit formaliter contraria caritati infuse: de qua nunc principalis
437 722 1331 772 agitur. aliquo tamen modo potest dici contraria virtualiter: quia scilicet in¬
432 765 1343 812 clinat ad actus vel demeritorie corruptiuos caritatis et
435 804 1339 860 incompossibiles actibus eius. vt cupiditas mortalis vel
426 854 1338 900 aliquo modo impeditiuos mediate vel immediate: ne sic perfecte
431 889 1341 949 actus caritatis eliciantur. vt magis in dubio vno dicetur. et
431 930 1340 994 propter hoc vtraque potest dici. licet dissimiliter venenum esse carita
438 974 1335 1029 tis. nec ex hoc habet aliquid contra superius dicta. videlibet quod con
435 1025 1328 1072 trarie forme non possunt in eodem simul est. ⁋ 3a conclusio est quod caritas au
434 1072 1325 1124 getur per acquisitionem noui gradus caritatis et non praecise per ma
440 1106 1331 1163 lorem dispositionem subiecti. Que conclusio potest probari per aliquas rati
435 1145 1334 1204 num factarum in praecedenti q. ad probandum similem conclusionem de for
434 1190 1338 1247 mis corporalibus. ⁋ 2o specialiter. Nam querendum est per quid anima
435 1233 1329 1290 vno tempore est magis disposita ad caritatem: quam alio. Nam aut hoc
432 1280 1332 1328 est: quia maiorem habet caritatem. ita quod minor caritas disponit ad
432 1322 1338 1375 maiorem: sicut aliqui dicunt quod minus lumen disponit ad ma
437 1363 1337 1417 ius. et si sic dicatur ponantur gradus in esse caritatis et concedi¬
441 1408 1343 1463 tur propositum aut ideo est magis disposita: quia eius cupiditas est
447 1463 1337 1510 divinuta. et vnus homo est magis dispositus: quam alius: quia eius cu
446 1497 1337 1553 piditas est minor. ⁋ Et hoc reprobatur. primo: quia si nullus homo vnquam
440 1549 1337 1594 peccasset nullam aliquis cupiditatem habuisset. et tamen vnus fuis¬
433 1581 1325 1639 set iustior et deo carior quam alius: et idem homo vno tempore quam ali¬
444 1634 1338 1684 ⁋ Item in bonis angelis non fuit vlla cupiditas. et tamen non
434 1668 1343 1725 habuerunt omnes equalem caritatem antequam essent beati. sicut nec
432 1719 1338 1766 omnium est equalis beatitudo: sed vnus alio maiorem habu¬
444 1755 1334 1810 it. supposito quod habuerint meritum antequam praemium. aut etiam si non
440 1799 1340 1857 prius: sed simul: nihilominus vnus nunc maiorem habet caritatem
443 1847 1346 1894 et alius minorem. et tamen nullus habet minorem cupiditatem cum
438 1885 1339 1938 nulla sit in eis cupiditas. ⁋ 2o quia vel cupiditas minuitur
437 1934 1337 1983 secundum suam essentiam: et habetur propositum: vel secundum esse tantum propter
438 1972 1338 2028 aliam dispositionem. et sic de alia queratur in infinitum ⁋ 3o anima est
432 2023 1343 2069 magis disposita propter aliquam aliam formam existentem in ea. et
437 2055 1334 2111 tunc vel oportet quod semper quandocumque caritas augetur noua forma secundum
428 2102 1345 2160 speciem acquiratur in anima per quam sit magis disposita: quod videtur incon
431 2147 1343 2201 ueniens. et maxime si contingat caritatem augeri continue. vel
434 2187 1334 2248 quod illa forma disponens augeatur in sua essentia. aut vltima anima est
428 2232 1334 2293 magis disposita propter remotionem alicuius forme indisponentis
438 2285 1334 2330 ad caritatem. et tunc eodem modo necesse est quod semper in augmen
432 2323 1342 2372 to caritatis vel tollatur forma alterius rationis vel eadem esen¬
429 2363 1335 2411 tialiter minuatur: et conceditur propositum. ⁋ Ad rationem istam forsan dice
428 2407 1340 2460 retur quod ista maior dispositio anime est maior capacitas eius. vnde si
434 2452 1337 2506 cut anima fit magis et magis capax caritatis sic eam magis
425 2494 1341 2555 participat et fit carior. ⁋ Contra. aut capacitas anime est aliqua en
434 2536 1334 2593 titas distincta ab essentia et potentia anime: aut non. si sic: illa non est
431 2579 1340 2635 nisi quaedam forma existens vel in essentia vel in potentia. et tunc vel que
429 2620 1338 2678 rendum est quo fiat maior: an scilicet in sua essentia vel qualiter vt prius.
431 2663 1336 2718 Si vero capacitas sit aliqua entitas talis distincta: cum ipsa anima
434 2714 1328 2767 non suscipiat intensionem in se ipsa neque potentia est: oportet intelligeri
425 2760 1335 2812 quod capacitas ideo dicatur maior: quia anima est capacior: immo id ipsum
431 2797 1343 2853 oportet intelligere per hoc quod dicitur quod capacitas anime est maior ac si
432 2841 1328 2888 diceretur anima est magis capax caritantis. et ille est melior intel
426 2885 1337 2941 lectus qui possit haberi ex verbis illis. ⁋ Sed tunc stat quaesti quaere
435 2925 1334 2981 anima vno tempore est magis capax caritatis: quam alio: quia vel hoc est propter
438 2979 1344 3019 remotionem alicuius forme impedientis capacitatem: sicut oculus
435 3015 1337 3070 est minus capax lucis propter humorem aliquem impedientem: et
427 3056 1337 3113 fit magis capax per remotionem illius: vel hoc est propter appositionem
1401 248 2291 329 alicuius disponentis: et vtrumlibet istorum dicatur ratio procedit contra illud
1397 320 2285 372 vt supra. ⁋ Item constat quod vicium aliquando auget in anima. et suma¬
1392 351 2296 417 tur primum vicium genitum in anima sortes et de ipso queratur qualiter augetur:
1391 407 2294 454 nec potest inueniri aliqua dispositio in anima ad vicium illud: propter quam
1394 441 2297 502 anima sit magis disposita ad maius vicium: nisi ipsummet vicium
1395 493 2288 542 cuius vnus gradus disponit ad alium. Et similiter argui posset de aliis
1395 541 2285 587 habitibus anime ac est de actibus qui intenduntur. ⁋ 4a conclusio: quod no
1392 573 2291 634 est necesse in augmento caritatis corrumpi caritatem praeexistentem
1388 616 2297 677 ⁋ hanc primo probo: quia alioquin sequitur: quod impossibile est caritate a deo
1398 657 2300 717 augeri per aliquod tempus continue. consequens istud falsum esse puto: et ipsi
1395 701 2291 758 similiter habent hoc putare. cum concedant aliquas formas posse a nali
1397 756 2304 805 bus causis suis continue augeri. consequentia vero patet: quoniam si oppositum con
1391 783 2295 844 sequentis simul cum antecedente ponatur verum: sequitur quod tempus sit compositum ex
1391 828 2306 900 instantibus. sicut in 5a ratioe articuli secundi praecedentis quaestionis in simili
1393 884 2316 944 probatum est. ⁋ 2o alie forme corporales vel spirituales dum inten
1400 924 2296 976 duntur non corrumpitur praeexistens: ergo non est necesse caritatem praeexistentem cor
1391 968 2294 1021 rumpi si intendat. consequentia est satis clara cuilibet. antecedens quantum ad for
1395 1003 2292 1062 mas corporales et est spirituales quae naturaliter augentur communiter probatur in prae¬
1391 1059 2290 1105 cedenti. q. Nunc tamen specialiter de intellectualibus sicut sunt habitus acui
1406 1095 2316 1153 siti in mente probo per rationem satis communem et bonam. Et suppontio ex 2o
1397 1137 2295 1191 ethycorum ac est experientia quod tales habitus augentur per actus ab
1403 1194 2300 1239 eis elicitos tamquam per causas actiuas partiales. Et suppono ex de¬
1406 1220 2300 1278 claratione posita in principio secundi articuli praecedentis quaestionis: ac¬
1400 1268 2299 1327 etiam concessione opinionis opposite quod si augmentum forme fiat per
1399 1321 2297 1366 corruptionem praecedentis: quelibet forma in intensione inducitur in
1403 1354 2304 1408 instanti. Pono ergo quod in sortes augeatur habitus: et sumo habitum
1394 1400 2297 1455 auctum qui sit b. et productum in hoc praesenti instanti: siue hoc instans
1403 1440 2300 1497 sit finale temporis intensionis: siue medium. posito quod intensio fiat
1407 1496 2298 1547 in tempore: seu etiam sit instans in quo fiat subita intentio: si talis de¬
1400 1527 2297 1590 tur tunc arguo. in huiusmodi instanti producitur b. igitur in hoc instanti est
1395 1571 2310 1629 actus a quo elicitur. et vltra: ergo in hoc instanti est habitus a quo il
1404 1618 2306 1670 le elicitur: ergo in hoc instanti simul cum habitu b. est habitus aliquis praeexistens in
1402 1656 2288 1716 sorte. Prima consequentia probatur ex eo quod omne quod producitur ab aliqua prgo
1402 1713 2292 1765 ducente: et per consequens existente producitur: quia impossibile est aliquod non existens
1391 1749 2298 1814 producere aliquam entitatem. habitus aut producitur ab actu. et per idem
1390 1797 2298 1852 patet 2a consequentia quia actus quo augetur habitus ab habitum est aliquo produci¬
1397 1835 2294 1893 tur: immo illum tantum consueti sumus dicere augeri. ⁋ Ad hanc
1391 1880 2302 1932 rationem respondetur negando consequentiam. Ad probationem
1390 1922 2305 1975 dicitur quod res pro primo instanti in quo est non indiget actuali praesentia
1398 1965 2297 2021 vel existentia sui agentis: quia iam tunc facta est: et quando fcaua
1406 2009 2297 2065 est non indiget faciente. ⁋ Contra. suppono tamquam certum: quod omnis
1404 2053 2298 2105 effectus singularis et determinatus est vel fuit productus ab aliqua
1398 2101 2301 2151 causa singulari: et dete rminata: quae est actualiter vel fuit: cum ergo causa habitus
1401 2145 2303 2202 supponatur esse actus. huius habitus b. est vel fuit aliquis singularis
1401 2183 2309 2235 actus causa: et vocetur ille dicensergo dicen est vel fuit: si est: habetur propositum: si non est:
1397 2224 2300 2277 sed fuit: aut fuit per instans tantum: aut per tempus: si per instans tantum: cum non sict
1406 2266 2306 2327 istans instanti immediatum: tempus fuit medium inter instans in quo actus fuit et
1398 2313 2304 2375 hoc instans: sed non est intelligibile: quod nunc primo aliquid producatur:
1404 2368 2296 2414 aut sit productum ab aliquo quod non est: et per tempus immediate praecedens
1391 2400 2303 2451 etiam non fuit: alias posset dici: quod ignis nuc producitur ab ignem qui
1401 2451 2302 2496 fuit tempore moysi in incendio dathan et abyro. Si vero fuit per
1410 2496 2294 2550 prieus: aut huit aliquod instans vltimum sui esse prus quod nihil eius fuit et
1404 2531 2303 2590 idem sequitur: aut habuit vltimum instans pus quod aliquid eius fuit:
1407 2574 2291 2626 et tunc sequitur: quod fuit remissus per ablatione partis a parte contra id
1398 2614 2309 2671 quod tamet opinio: aut primum instans sui non esse: et tunc aut illud instans est
1391 2659 2303 2713 hoc praesens aut fuit aliquid praeterintum. Si praeteritum sequitur idem quod pri¬
1391 2703 2300 2758 us illatum est. Si hoc praesens: sequitur quod vel nullus habitus potest intendi
1394 2745 2300 2804 continue naturaliter: cuius oppositum probabitur articulo sequenti: vel instans
1400 2796 2303 2851 fuit immediatum instanti. patet: quia si augeatur continue actus qui est causa ha¬
1401 2836 2300 2886 bitus habet esse per instans tantum: et quia ponitur primo non esse in instanti in quo est
1407 2875 2292 2937 habitus patet propositum ⁋ Praeterea non est intelligibile: quod aliquid sit causa effi
1407 2921 2297 2974 ciens alicuius entitatis nisi ipsam producat dum ipsum est vel aliquid
1395 2965 2301 3015 illius: aut quod sit dispositio praecedens et necessitans ad illam: sic opinio
1398 3008 2306 3059 opposita. dicens de aliqua generatione forme substantialis: quae sequitur necessario
1403 3048 2297 3106 dispositionem praecedentem factam ab agente pro instanti gnationis nan
