1416 2066
192 164 92 55 Et
238 164 169 55 videtur
361 164 138 55 etiam
453 164 123 55 quod
530 164 215 55 principium
699 164 185 55 existens
838 164 92 55 in
884 164 169 55 plantis
1007 164 108 55 sit
1068 164 154 55 aliqua
1161 164 92 55 ani-

197 213 112 45 ma.
261 213 96 45 in
309 213 112 45 hoc
373 213 128 45 enim
453 213 128 45 solo
533 213 240 45 communicant
725 213 192 45 plantae,
870 213 80 45 &
902 213 208 45 animalia.
1062 213 96 45 Et
1110 213 112 45 hoc
1158 213 96 45 dif-

200 252 120 47 fert
275 252 75 47 a
305 252 194 47 principio
454 252 209 47 sensibili:
619 252 75 47 &
649 252 135 47 nihil
738 252 135 47 habet
828 252 149 47 sensum
933 252 120 47 sine
992 252 105 47 isto.

220 329 108 51 Cum
281 329 139 51 dedit
374 329 186 51 rationem
513 329 93 51 in
560 329 170 51 sermone
684 329 201 51 praedicto
838 329 139 51 super
931 329 139 51 hoci,
1024 329 124 51 quod
1101 329 139 51 anima
1179 329 77 51 non

202 374 186 39 diuiditur
344 374 243 39 essentialiter
544 374 100 39 per
601 374 200 39 diuisionem
758 374 186 39 subiecti,
901 374 86 39 ex
944 374 114 39 hoc,
1015 374 114 39 quod
1087 374 157 39 apparet
1201 374 86 39 in

211 413 163 49 plantis:
334 413 68 49 &
361 413 109 49 iste
429 413 123 49 sermo
511 413 95 49 non
565 413 95 49 est
620 413 163 49 acceptus
743 413 68 49 a
770 413 163 49 ratione,
892 413 109 49 nisi
960 413 95 49 ei,
1015 413 95 49 qui
1069 413 163 49 concedit
1178 413 82 49 quod

212 459 163 41 plantae
331 459 148 41 habent
434 459 163 41 animam:
553 459 178 41 incoepit
686 459 192 41 declarare
834 459 104 41 hoc
893 459 178 41 quomodo,
1026 459 74 41 &
1056 459 148 41 dicit,
1159 459 89 41 Et
1189 459 74 41 vi-

216 491 129 52 detur
301 491 129 52 etiam
387 491 114 52 quod
458 491 214 52 principium,
630 491 100 52 &c.
687 491 129 52 idest
773 491 71 52 &
801 491 157 52 videtur
915 491 129 52 etiam
1001 491 114 52 quod
1072 491 143 52 princ:
1158 491 100 52 pium,

208 534 100 45 quo
265 534 156 45 plantae
378 534 213 45 nutriuntur,
549 534 71 45 &
577 534 185 45 augentur,
720 534 100 45 sit
777 534 142 45 anima.
876 534 85 45 in
919 534 100 45 hoc
976 534 114 45 enim
1047 534 185 45 principio
1175 534 85 45 exi-

210 570 217 41 stimantur
377 570 167 41 habere
495 570 318 41 communicationem
762 570 117 41 cum
829 570 234 41 animalibus
1013 570 184 41 secudum
1130 570 117 41 vitam

211 608 74 43 &
241 608 118 43 ideo
314 608 103 43 non
373 608 162 43 dicitur
491 608 176 43 mortuum,
623 608 118 43 nisi
696 608 162 43 animal,
814 608 118 43 quod
888 608 132 43 caret
976 608 206 43 principio,
1137 608 74 43 T
1152 608 103 43 idest

207 649 132 43 vita,
295 649 103 43 non
354 649 190 43 principio
500 649 146 43 sensus
603 649 73 43 &
632 649 146 43 motus.
735 649 103 43 Et,
793 649 103 43 cum
852 649 176 43 narrauit
983 649 117 43 quod
1057 649 176 43 animalia
1174 649 73 43 com

211 691 177 39 municant
344 691 89 39 in
388 691 103 39 hoc
448 691 192 39 principio
595 691 103 39 cum
654 691 162 39 plantis
772 691 177 39 secundum
905 691 148 39 vitam,
1009 691 177 39 incoepit
1127 691 118 39 narra-

210 724 92 47 re
256 724 123 47 quod
332 724 168 47 plantae
455 724 107 47 non
516 724 230 47 communicant
700 724 107 47 eis
761 724 92 47 in
807 724 123 47 hoc,
883 724 77 47 &
914 724 123 47 quod
991 724 245 47 communrcatio
1174 724 77 47 sen

212 764 110 40 sus,
281 764 69 40 &
309 764 124 40 motus
391 764 96 40 cum
447 764 193 40 nutrimento
598 764 96 40 est
653 764 207 40 necessaria,
819 764 69 40 &
846 764 138 40 dicit:
943 764 83 40 Et
984 764 96 40 hoc
1039 764 152 40 differt
1150 764 69 40 a
1163 764 83 40 prin

207 804 126 54 cipio
291 804 197 54 sensibili,
446 804 98 54 &c.
502 804 126 54 idest
586 804 70 54 &
614 804 211 54 principium,
783 804 112 54 quod
853 804 98 54 est
909 804 211 54 nutrimenti,
1078 804 70 54 &
1092 804 154 54 augmenti,

216 844 70 40 &
244 844 224 40 generationis
426 844 182 40 separatur
566 844 70 40 a
594 844 182 40 principio
734 844 182 40 sensibili
874 844 84 40 in
916 844 168 40 plantis:
1042 844 98 40 sed
1084 844 168 40 principium

209 883 187 40 sensibile
353 883 101 40 non
410 883 216 40 separabitur
584 883 87 40 ab
627 883 130 40 illo:
713 883 101 40 cum
771 883 115 40 omne
843 883 144 40 animal
944 883 187 40 nutritur,
1088 883 72 40 &
1103 883 144 40 augetur.

215 923 98 40 Sed
271 923 126 40 debes
355 923 126 40 scire
440 923 112 40 quod
510 923 197 40 necessitas
664 923 154 40 essendi
777 923 197 40 nutribile,
931 923 98 40 aut
987 923 239 40 augmentabile,
1170 923 70 40 non

248 959 104 52 est
308 959 134 52 sicut
397 959 208 52 necessitas
561 959 164 52 essendi
680 959 179 52 calidum,
813 959 104 52 aut
873 959 193 52 frigidum,
1022 959 104 52 aut
1066 959 149 52 humidum,

290 998 103 46 aut
349 998 161 46 siccum,
466 998 103 46 aut
525 998 147 46 graue,
628 998 103 46 aut
686 998 132 46 leue:
774 998 73 46 &
803 998 117 46 quod
877 998 117 46 suum
950 998 117 46 esse
1009 998 161 46 augmenta-

332 1037 125 46 bile,
416 1037 70 46 &
443 1037 181 46 nutribile
583 1037 97 46 est
638 1037 97 46 ei,
694 1037 167 46 secundum
819 1037 111 46 quod
889 1037 97 46 est
944 1037 139 46 viuum:
1042 1037 70 46 &
1056 1037 83 46 esse

367 1076 144 55 graue,
468 1076 101 55 aut
525 1076 115 55 leue
597 1076 101 55 est
655 1076 87 55 ei
698 1076 173 55 secundum
828 1076 115 55 quod
900 1076 101 55 est
958 1076 144 55 corpus
1044 1076 58 55 na

412 1121 155 37 turale.
525 1121 169 37 Quouiam,
651 1121 85 37 si
694 1121 99 37 non
750 1121 141 37 fuerit
849 1121 99 37 sic
891 1121 169 37 determina-

445 1163 129 44 tum,
526 1163 113 44 non
590 1163 113 44 est
655 1163 178 44 necesse
784 1163 178 44 propter
897 1163 129 44 commu-

486 1195 218 54 nicationem
657 1195 109 54 cum
720 1195 202 54 principio
860 1195 124 54 sensi-

547 1236 125 49 bili,
630 1236 83 49 vt
672 1236 194 49 principium
810 1236 111 49 secun-

616 1274 113 40 dum
680 1274 113 40 sit
728 1274 129 40 anima.
