1416 2066
236 181 130 46 elusit
327 181 104 46 quod
392 181 143 46 necesse
496 181 91 46 est
548 181 78 46 ut
587 181 182 46 substantia
730 181 221 46 imaginationis
911 181 91 46 sit
963 181 104 46 ista
1028 181 195 46 substantia.
1184 181 78 46 Et
1210 181 78 46 sic,

230 225 160 58 debemus
347 225 218 58 intelligere
521 225 174 58 sermonem
652 225 145 58 Arist.
753 225 87 58 in
797 225 102 58 hoc
840 225 102 58 loco-

270 284 198 38 Quoniam
414 284 162 38 autem
522 284 162 38 visus
630 284 180 38 maxime
756 284 180 38 sensus
883 284 144 38 est,
973 284 90 38 &
1009 284 162 38 nomen
1117 284 90 38 a
1135 284 144 38 lumine

233 323 204 48 accepit:
386 323 187 48 quoniam
522 323 136 48 sine
607 323 170 48 lumine
726 323 119 48 non
793 323 119 48 est
861 323 187 48 videre:
997 323 85 48 &
1031 323 187 48 quoniam
1150 323 119 48 imma-

235 370 128 49 nent
315 370 80 49 &
347 370 176 49 similes
475 370 128 49 sunt
554 370 208 49 sensibus,
714 370 160 49 multas
826 370 144 49 secum
922 370 144 49 ipsas
1018 370 208 49 operantur
1161 370 112 49 anima

238 406 122 53 lia.
314 406 122 53 alia
390 406 152 53 quidem
497 406 122 53 quia
573 406 107 53 non
634 406 152 53 habent
741 406 244 53 intellectum,
939 406 91 53 ut
984 406 183 53 bestiae:
1122 406 122 53 alia
1183 406 91 53 vero

231 452 95 45 ex
279 452 205 45 velamento
437 452 253 45 intellectus,
642 452 111 45 aut
705 452 205 45 passione,
863 452 111 45 aut
926 452 253 45 aegritudine,
1132 452 111 45 aut
1179 452 95 45 som-

235 493 115 46 no,
300 493 98 46 vt
349 493 196 46 homines.
496 493 98 46 De
546 493 213 46 phantasia
709 493 164 46 quidem
824 493 164 46 igitur
938 493 131 46 quid
1020 493 131 46 est,
1102 493 82 46 &
1118 493 164 46 propter.

232 534 128 53 quid
312 534 128 53 est,
392 534 160 53 dictum
505 534 112 53 sit
553 534 176 53 intantum.

283 573 133 53 porro
372 573 133 53 autem
461 573 119 53 quia
535 573 133 53 uisus
624 573 193 53 praecipue
772 573 148 53 sensus
876 573 119 53 est,
950 573 119 53 ideo
1024 573 133 53 etiam
1113 573 133 53 nomen
1202 573 104 53 du¬

234 636 107 39 xit
295 636 168 39 Groroum
417 636 92 39 od
463 636 122 39 ous.
539 636 92 39 I.
585 636 183 39 alumine:
722 636 168 39 nimirum
844 636 122 39 quia
920 636 122 39 sine
996 636 153 39 lumine
1103 636 153 39 uidere
1210 636 107 39 non

224 683 199 48 possumus:
377 683 92 48 Ac
422 683 168 48 quoniam
545 683 199 48 immanent,
697 683 229 48 similesque,
881 683 122 48 sunt
957 683 199 48 sensibus,
1110 683 138 48 multa
1202 683 107 48 per

227 732 135 40 ipsas
317 732 135 40 agunt
407 732 180 40 animalia
542 732 135 40 alia,
632 732 120 40 quod
707 732 105 40 non
768 732 165 40 habeant
888 732 240 40 intellectum,
1083 732 195 40 uidolicet
1218 732 60 40 bo

231 770 145 49 stiae:
332 770 131 49 alia,
419 770 116 49 quod
492 770 174 49 interdum
622 770 218 49 intellectus
796 770 189 49 obruitur,
941 770 102 49 aut
999 770 261 49 perturbatione,
1202 770 87 49 aut.

229 828 156 55 morbo,
338 828 109 55 aut
401 828 156 55 somno:
510 828 93 55 ut
557 828 187 55 homines.
697 828 93 55 Ac
743 828 93 55 de
790 828 202 55 phantasia
946 828 156 55 quidem
1055 828 125 55 quid
1133 828 125 55 sit,
1211 828 93 55 &¬

229 864 192 67 quamobrem
377 864 118 67 sit,
451 864 103 67 tot
510 864 177 67 exposita
628 864 103 67 sint.

272 909 109 48 Et,
335 909 125 48 quia
413 909 141 48 visus
507 909 109 48 est
569 909 172 48 proprie
695 909 172 48 sensus,
820 909 203 48 deriuatum
976 909 125 48 fuit
1054 909 94 48 ei
1101 909 141 48 nomen
1179 909 94 48 alu-

229 953 105 58 ce.
289 953 225 58 impossibile
469 953 120 58 enim
544 953 105 58 est
604 953 150 58 videre
709 953 120 58 sine
785 953 135 58 luce.
875 953 105 58 Et,
935 953 120 58 quia
1010 953 225 58 sensationes
1175 953 105 58 figum

235 1003 112 48 tur
299 1003 96 48 in
347 1003 112 48 eo,
411 1003 80 48 &
443 1003 128 48 ipse
524 1003 112 48 est
588 1003 144 48 eodem
684 1003 144 48 modo,
780 1003 128 48 ideo
860 1003 160 48 animal
972 1003 128 48 agit
1053 1003 112 48 per
1117 1003 144 48 ipsum
1197 1003 80 48 mul

232 1044 114 42 ta.
297 1044 163 42 quorum
411 1044 179 42 quaedam
541 1044 147 42 sunt,
639 1044 130 42 quia
720 1044 114 42 non
785 1044 163 42 habent
899 1044 261 42 intellectum,
1111 1044 98 42 ut
1144 1044 130 42 brutas

225 1085 78 46 &
257 1085 186 46 quaedam,
396 1085 124 46 quia
474 1085 140 46 forte
567 1085 233 46 intellectus
753 1085 93 46 in
800 1085 93 46 eo
846 1085 248 46 sincopigatur
1048 1085 93 46 ab
1095 1085 155 46 aliquo
1188 1085 93 46 acci

239 1126 153 45 dente,
346 1126 107 45 aut
407 1126 244 45 infirmitate,
605 1126 107 45 aut
666 1126 153 45 somno,
773 1126 92 45 vt
818 1126 183 45 homines.
956 1126 107 45 Hoc
1017 1126 153 45 igitur
1123 1126 107 45 sit
1169 1126 107 45 finis

231 1171 154 47 nostri
338 1171 200 47 sermonis,
492 1171 123 47 quid
569 1171 123 47 est,
646 1171 77 47 &
662 1171 123 47 quare.

272 1208 74 47 Et,
315 1208 85 47 quia
368 1208 106 47 visus,
442 1208 117 47 proprie
527 1208 74 47 est
569 1208 106 47 illud,
643 1208 85 47 quod
696 1208 117 47 dicitur
781 1208 106 47 sensus
855 1208 106 47 primo,
929 1208 74 47 cum
972 1208 74 47 est
1014 1208 170 47 nobilissimum
1152 1208 127 47 sensuum,
1247 1208 53 47 &

235 1251 78 43 nin
279 1251 156 43 perficitur
402 1251 89 43 nisi
458 1251 56 43 a
480 1251 100 43 luce,
547 1251 89 43 ideo
603 1251 100 43 nomen
670 1251 112 43 istius
748 1251 134 43 virtutis
849 1251 145 43 deriuatur
960 1251 56 43 a
983 1251 100 43 nonie
1050 1251 100 43 lucis
1117 1251 67 43 in
1150 1251 100 43 ligua
1206 1251 67 43 Grae

241 1293 74 38 ca.
284 1293 105 38 Deinde
357 1293 126 38 incaepit
452 1293 116 38 narrare
536 1293 147 38 vtilitatem
651 1293 105 38 istius
725 1293 126 38 virtutis
819 1293 53 38 i
840 1293 147 38 animalibus
956 1293 126 38 scilicet
1050 1293 105 38 causam
1124 1293 126 38 finalem,
1218 1293 53 38 &
1229 1293 42 38 di

230 1333 98 49 xit.
291 1333 85 49 Et,
340 1333 98 49 quia
400 1333 183 49 sensationes
547 1333 146 49 figuntur
656 1333 73 49 in
693 1333 85 49 eo.
742 1333 73 49 i.
778 1333 73 49 &,
815 1333 98 49 quia
876 1333 183 49 sensationes
1022 1333 158 49 figuntur,
1144 1333 61 49 &
1156 1333 122 49 remanent

234 1367 69 45 in
268 1367 126 45 animali
360 1367 160 45 imaginanti
486 1367 92 45 post
543 1367 149 45 absentiam
657 1367 172 45 sensibilium
795 1367 69 45 in
829 1367 69 45 eo
864 1367 103 45 modo,
932 1367 137 45 secundum
1035 1367 92 45 quem
1093 1367 103 45 erant
1161 1367 92 45 apud
1207 1367 69 45 prae

230 1412 140 40 sentiam
332 1412 203 40 sensibilium,
497 1412 102 40 ideo
560 1412 127 40 animal
649 1412 140 40 mouetur
751 1412 76 40 ab
789 1412 114 40 istis
865 1412 216 40 sensationibus
1043 1412 89 40 per
1093 1412 102 40 hanc
1144 1412 127 40 uirtutem

229 1450 103 46 apud
294 1450 168 46 absentiam
422 1450 206 46 sensibilium,
590 1450 129 46 multis
680 1450 142 46 motibus
783 1450 77 46 ad
822 1450 180 46 sensibilia
964 1450 64 46 &
989 1450 90 46 non
1041 1450 193 46 fensibilia,
1183 1450 90 46 quren

235 1486 79 45 do
274 1486 132 45 vtile,
366 1486 66 45 &
393 1486 158 45 fugiendo
511 1486 158 45 nociuum,
629 1486 197 45 quemadmodum
787 1486 171 45 mouebatur
919 1486 92 45 per
971 1486 132 45 sensus
1064 1486 66 45 a
1077 1486 197 45 sensibilibus:

237 1524 95 42 ita
291 1524 108 42 quod
358 1524 135 42 animal
453 1524 95 42 non
507 1524 122 42 caret
588 1524 176 42 vtilitate
723 1524 81 42 in
763 1524 189 42 praesentia
912 1524 203 42 sensibilium
1074 1524 108 42 apud
1128 1524 149 42 absentiam

233 1566 132 49 eorum:
325 1566 92 49 sed
378 1566 106 49 ista
444 1566 132 49 virtus
537 1566 145 49 remanet
642 1566 79 49 in
682 1566 79 49 eo
721 1566 119 49 modo,
801 1566 158 49 secundum
919 1566 106 49 quem
985 1566 106 49 erat
1052 1566 106 49 apud
1104 1566 172 49 praefentiam

230 1604 189 47 sensibilium.
384 1604 59 47 &
407 1604 201 47 vniversaliter
573 1604 142 47 vtilitas
679 1604 94 47 apud
738 1604 177 47 praesentiam
880 1604 177 47 sensibilium
1021 1604 94 47 data
1080 1604 83 47 est
1128 1604 94 47 huic
1175 1604 106 47 virtuti

236 1648 98 35 apud
297 1648 159 35 absentiam
419 1648 196 35 sensibilium,
578 1648 86 35 ita
627 1648 98 35 quod
688 1648 122 35 animal
774 1648 86 35 per
823 1648 86 35 hoc
872 1648 110 35 habet
945 1648 98 35 esse
1006 1648 196 35 nobilissimum
1165 1648 73 35 in
1189 1648 86 35 haben

237 1683 76 40 do
275 1683 152 40 salutem.
389 1683 101 40 D.d.
452 1683 126 40 quorum
541 1683 139 40 quaedam
642 1683 114 40 sunt,
718 1683 101 40 quia
781 1683 88 40 non
832 1683 126 40 habent
920 1683 202 40 intellectum,
1084 1683 88 40 &c.
1135 1683 76 40 i.
1160 1683 114 40 quaedam

232 1724 143 39 animalia
339 1724 107 39 agunt
410 1724 83 39 per
458 1724 95 39 hanc
517 1724 155 39 virtutem,
636 1724 95 39 quia
696 1724 83 39 non
743 1724 119 39 habent
826 1724 190 39 intellectum,
981 1724 59 39 &
1005 1724 119 39 habent
1088 1724 107 39 istam
1147 1724 131 39 virtutem,

237 1762 103 42 loco
302 1762 194 42 intellectus
457 1762 78 42 in
496 1762 181 42 acquirendo
638 1762 155 42 salutem:
755 1762 65 42 &
780 1762 142 42 quaedam
884 1762 116 42 agunt
962 1762 91 42 per
1013 1762 129 42 illam,
1104 1762 129 42 quando
1181 1762 91 42 intel

236 1800 134 43 lectus
329 1800 134 43 fuerit
423 1800 214 43 sincopixatus
596 1800 80 43 ab
637 1800 214 43 infirmitate,
810 1800 94 43 aut
864 1800 120 43 alio,
944 1800 67 43 &
971 1800 107 43 sunt
1037 1800 160 43 animalia
1144 1800 134 43 habentia

239 1837 204 46 intellectus,
405 1837 76 46 vt
443 1837 153 46 homines.
557 1837 102 46 tunc
621 1837 102 46 enim
685 1837 89 46 est
736 1837 89 46 eis
786 1837 102 46 loco
850 1837 204 46 intellectus.
1016 1837 89 46 Hic
1066 1837 127 46 igitur
1155 1837 89 46 est
1194 1837 76 46 ser-

235 1877 87 46 mo
278 1877 87 46 de
321 1877 246 46 imaginatione,
524 1877 130 46 quid,
610 1877 72 46 &
639 1877 145 46 quare.
741 1877 72 46 &
769 1877 116 46 haec
842 1877 101 46 duo
900 1877 159 46 naliter
1015 1877 116 46 sunt
1073 1877 188 46 desyderata.
