1416 2066
247 188 204 47 Lxaminantur
411 188 218 47 dubitationes
588 188 177 47 nonnullae
724 188 136 47 Animam
819 188 136 47 moueri
914 188 95 47 per
968 188 190 47 suadentes.
1118 188 109 47 Cap.
1173 188 54 47 1.

318 263 256 52 Ationabilius
526 263 144 52 autem
622 263 208 52 dubitabit
782 263 160 52 vtique
894 263 176 52 aliquis
1022 263 96 52 de
1070 263 128 52 ipsa
1134 263 128 52 tanqua

281 269 130 87 quae
362 269 196 87 mouetur,
509 269 98 87 in
558 269 212 87 huiusmodi
721 269 261 87 considerans:
933 269 179 87 dicimus
1063 269 130 87 enim
1129 269 130 87 animam

316 345 202 49 tristari,
472 345 187 49 gaudere,
612 345 218 49 confidere,
783 345 171 49 timere:
907 345 171 49 amplius
1032 345 156 49 autem,
1125 345 140 49 irasci,

208 380 83 55 &
242 380 199 55 sentire,
391 380 83 55 &
424 380 265 55 intelligere:
640 380 133 55 haec
723 380 149 55 autem
822 380 149 55 omnia
922 380 149 55 motus
1021 380 133 55 esse
1088 380 182 55 videntur.

208 428 139 48 vnde
294 428 243 48 opinabitur
485 428 191 48 aliquis
623 428 156 48 ipsam
710 428 156 48 moueri.

256 491 102 40 Sed
315 491 146 40 aptius
417 491 88 40 de
461 491 117 40 ipsa
534 491 161 40 quaerat
651 491 190 40 quispiam,
798 491 88 40 vt
842 491 88 40 de
886 491 88 40 ea
929 491 117 40 quae
1003 491 190 40 moueatur,
1149 491 88 40 ad
1178 491 88 40 haec

211 540 272 47 animaduertens.
437 540 166 47 Dicimus
558 540 121 47 enim
633 540 151 47 animam
739 540 136 47 angi,
829 540 181 47 laetari,
965 540 211 47 confidere,
1131 540 166 47 timere:

210 572 84 71 ad
252 572 125 71 haec,
335 572 153 71 trasci,
447 572 167 71 sentire,
572 572 223 71 ratiocinari:
753 572 111 71 quae
823 572 125 71 omnia
906 572 111 71 esse
976 572 125 71 motus
1059 572 181 71 videntur.
1184 572 84 71 Quam

218 626 139 49 obrem
310 626 108 49 eam
372 626 170 49 aliquis
496 626 155 49 moueri
589 626 186 49 putauerit.

255 668 107 55 Sed
316 668 107 55 est
377 668 184 55 quaestio
515 668 153 55 cogens
623 668 92 55 ad
669 668 199 55 dicendum,
822 668 123 55 quod
899 668 138 55 anima
991 668 169 55 mouetur
1098 668 169 55 essentia.

206 716 148 47 liter:
310 716 74 47 &
340 716 104 47 est
399 716 119 47 quod
473 716 104 47 nos
533 716 163 47 dicimus
651 716 119 47 quod
726 716 134 47 anima
815 716 252 47 contristatur,
1023 716 74 47 &
1052 716 163 47 gaudet,
1171 716 74 47 &
1186 716 74 47 au-

210 763 170 40 descit,
333 763 77 40 &
364 763 155 40 timet,
473 763 77 40 &
504 763 217 40 irascitur,
674 763 77 40 &
705 763 170 40 sentit,
829 763 77 40 &
860 763 232 40 distinguit,
1046 763 77 40 &
1077 763 108 40 omn
1139 763 124 40 ista
1201 763 62 40 vi

210 804 163 47 dentur
324 804 130 47 esse
405 804 163 47 motus.
520 804 130 47 vnde
601 804 130 47 homo
683 804 212 47 existimat
846 804 130 47 quod
927 804 147 47 anima
1009 804 163 47 mouetur.

211 852 104 47 Cum
270 852 207 47 declarauit
433 852 118 47 quod
507 852 222 47 impossibile
684 852 104 47 est
744 852 89 47 vt
788 852 133 47 anima
877 852 192 47 moueatur,
1024 852 118 47 nisi
1084 852 177 47 accidenta-

208 892 137 49 liter,
304 892 123 49 dedit
386 892 219 49 dubitationem
564 892 123 49 super
646 892 109 49 hoc,
714 892 68 49 &
742 892 137 49 dixit.
837 892 96 49 Sed
892 892 96 49 est
947 892 164 49 quaestio
1070 892 137 49 cogens
1165 892 82 49 ad
1193 892 68 49 di-

220 931 133 54 cendum
313 931 106 54 quod
379 931 119 54 anima
458 931 146 54 mouetur
564 931 239 54 essentialiter:
763 931 66 54 &
790 931 93 54 est
843 931 106 54 quod
909 931 93 54 nos
962 931 146 54 dicimus
1068 931 106 54 quod
1134 931 119 54 anima
1201 931 66 54 com

211 972 199 40 tristatur,
367 972 71 40 &
395 972 156 40 gaudet,
509 972 85 40 &c
552 972 71 40 &
580 972 128 40 omnia
665 972 114 40 ista
736 972 199 40 reputantur
893 972 114 40 esse
964 972 142 40 motus.
1063 972 71 40 &
1092 972 156 40 propter
1191 972 71 40 has

211 1011 114 39 duas
282 1011 243 39 propositiones
483 1011 215 39 existimatur
654 1011 114 39 quod
726 1011 129 39 anima
812 1011 172 39 mouetur.
940 1011 72 39 v
969 1011 86 39 g.
1012 1011 129 39 anima
1083 1011 172 39 contrista-

214 1050 116 57 tur:
286 1050 72 57 &
315 1050 101 57 cum
373 1050 188 57 tristitia
517 1050 101 57 est
575 1050 145 57 motus:
676 1050 116 57 ergo
748 1050 130 57 anima
820 1050 145 57 mouetur.

252 1099 116 49 Hoc
319 1099 149 49 autem
418 1099 116 49 non
484 1099 116 49 est
550 1099 199 49 necesse:
699 1099 99 49 si
749 1099 132 49 enim
832 1099 83 49 &
865 1099 166 49 maxime
981 1099 199 49 gaudere,
1130 1099 116 49 aut
1179 1099 83 49 do-

208 1148 145 50 lere,
305 1148 113 50 aut
369 1148 258 50 intelligere,
578 1148 145 50 motus
675 1148 145 50 sunt:
772 1148 81 50 &
804 1148 242 50 vnumquodque
997 1148 161 50 moueri
1094 1148 161 50 aliquid,

212 1188 146 48 moueri
315 1188 132 48 autem
403 1188 103 48 est
461 1188 88 48 ab
505 1188 146 48 anima,
608 1188 88 48 vt
652 1188 161 48 irasci,
769 1188 103 48 aut
828 1188 161 48 timere,
945 1188 88 48 in
989 1188 88 48 eo
1033 1188 117 48 quod
1106 1188 103 48 cor
1150 1188 117 48 quodam

212 1232 130 50 modo
293 1232 194 50 mouetur:
439 1232 243 50 Intelligere
633 1232 146 50 autem
730 1232 194 50 forsitan
876 1232 211 50 huiusmodi
1038 1232 130 50 est,
1119 1232 113 50 aut
1168 1232 97 50 alte

209 1275 111 39 rum
273 1275 191 39 aliquod.
416 1275 143 39 Horum
512 1275 143 39 autem
607 1275 207 39 accidunt,
766 1275 127 39 alia
846 1275 159 39 quidem
957 1275 191 39 secundum
1101 1275 127 39 loci
1164 1275 96 39 muta

211 1319 173 51 tionem
332 1319 225 51 quorundam
505 1319 208 51 motorum:
661 1319 139 51 alia
748 1319 173 51 autem,
869 1319 208 51 secundum
1007 1319 260 51 alterationem:

211 1357 166 52 qualia
328 1357 149 52 autem
427 1357 83 52 &
460 1357 199 52 quomodo,
610 1357 199 52 alterius
759 1357 199 52 rationis
891 1357 100 52 est.

254 1408 132 58 Quod
336 1408 148 58 tamen
435 1408 115 58 non
501 1408 115 58 est
566 1408 263 58 necessarium:
780 1408 115 58 Nam
846 1408 181 58 tametsi
978 1408 115 58 vel
1044 1408 165 58 maxime
1143 1408 115 58 angi,

221 1453 99 72 vel
277 1453 169 72 laetari,
404 1453 99 72 vel
461 1453 226 72 ratiocinare,
644 1453 127 72 motus
729 1453 127 72 sunt:
813 1453 127 72 atque
898 1453 127 72 horum
983 1453 212 72 vnumquodque
1152 1453 99 72 est
1194 1453 71 72 mo-

207 1508 128 47 ueri:
292 1508 128 47 tamen
378 1508 143 47 moueri
478 1508 86 47 ab
521 1508 128 47 anima
606 1508 114 47 est,
678 1508 86 47 vt
721 1508 157 47 irasci,
835 1508 86 47 ut
878 1508 157 47 timere,
992 1508 86 47 eo
1035 1508 114 47 quod
1106 1508 100 47 cor
1163 1508 100 47 ita
1206 1508 57 47 mo

210 1557 145 46 uetur:
311 1557 217 46 satiocinari
484 1557 145 46 autem,
585 1557 101 46 aut
643 1557 174 46 eiusmodi
773 1557 188 46 fortassis
918 1557 116 46 est,
990 1557 101 46 aut
1048 1557 130 46 aliud
1120 1557 145 46 quidpia.

208 1620 147 47 Horum
306 1620 147 47 autem
404 1620 163 47 partim
518 1620 212 47 eueniunt,
681 1620 114 47 dum
747 1620 180 47 latione
877 1620 163 47 aliqua
991 1620 212 47 mouentur:
1138 1620 131 47 partim

214 1653 102 69 dum
273 1653 233 69 alteratione:
462 1653 116 69 Quae
534 1653 102 69 nam
592 1653 131 69 porro
680 1653 116 69 illa
752 1653 131 69 sint,
839 1653 73 69 &
869 1653 174 69 quomodo,
999 1653 87 69 id
1043 1653 116 69 alio
1101 1653 160 69 pertinet.

253 1708 82 47 Et
294 1708 95 47 hoc
349 1708 95 47 non
403 1708 95 47 est
457 1708 217 47 necessarium.
634 1708 163 47 quoniam,
756 1708 82 47 si
797 1708 217 47 contristari,
974 1708 68 47 &
1001 1708 149 47 timere,
1110 1708 68 47 &
1137 1708 109 47 dist
1205 1708 82 47 in

206 1756 157 54 guere
310 1756 140 54 sunt
398 1756 175 54 motus:
520 1756 87 54 &
555 1756 227 54 quodlibet
729 1756 157 54 eorum
834 1756 175 54 moueat
956 1756 209 54 aliquid:
1113 1756 140 54 tunc
1183 1756 87 54 hoc

209 1795 155 48 mouere
318 1795 109 48 non
380 1795 109 48 est
443 1795 124 48 nisi
520 1795 155 48 mouere
629 1795 93 48 ab
676 1795 155 48 anima.
784 1795 93 48 v.
831 1795 93 48 g.
878 1795 155 48 irasci
986 1795 124 48 enim
1064 1795 109 48 est
1126 1795 140 48 motus
1204 1795 62 48 ad

218 1839 84 44 eor
266 1839 144 44 scilicet
374 1839 96 44 quod
434 1839 84 44 cor
482 1839 156 44 inflatur.
602 1839 60 44 &
626 1839 180 44 distinguere
769 1839 84 44 est
817 1839 108 44 motus
889 1839 144 44 scilicet
997 1839 96 44 quod
1057 1839 96 44 tale
1117 1839 132 44 membrum
1201 1839 60 44 cur

209 1879 106 44 rit
269 1879 121 44 tali
345 1879 151 44 cursu:
450 1879 75 44 &
480 1879 151 44 rectum
586 1879 106 44 est
646 1879 90 44 vt
691 1879 166 44 aliquid
812 1879 151 44 currat
917 1879 121 44 tali
993 1879 151 44 cursu.
1098 1879 90 44 Et
1128 1879 136 44 quaedam
