1416 2066
179 163 90 36 tex.
235 163 124 36 commen.
325 163 79 36 12.
371 163 79 36 sed
416 163 169 36 intellectus
551 163 79 36 non
585 163 113 36 patitur,

182 194 149 38 patiente
293 194 136 38 organo,
392 194 99 38 quia
454 194 136 38 nullius
553 194 136 38 organi:
640 194 62 38 est

184 224 117 34 actus,
266 224 117 34 tertio
348 224 70 34 de
384 224 117 34 anima.
466 224 94 34 tex.
524 224 129 34 commen.
618 224 70 34 3.
641 224 59 34 Sed

177 253 104 37 tunc
242 253 91 37 est
294 253 195 37 difficultas
450 253 104 37 apud
515 253 104 37 viam
580 253 117 37 Theo.
658 253 65 37 &

181 285 132 32 Themi.
273 285 171 32 negantium
405 285 171 32 specierum
524 285 171 32 receptionem

178 313 56 33 n
200 313 158 33 intellectu
324 313 147 33 materiali
437 313 102 33 vere,
505 313 90 33 quom
562 313 79 33 odo
607 313 79 33 sit
641 313 56 33 si-

179 348 149 30 militudo
291 348 100 30 ista
353 348 212 30 intelligendo,
527 348 75 30 in
565 348 100 30 hoc,
614 348 75 30 quod

184 373 140 38 Aristote.
292 373 97 38 dicit
356 373 161 38 intelligere
485 373 86 38 esse
539 373 97 38 sicut
592 373 97 38 sentire

180 409 71 33 &
208 409 156 33 quomodo
322 409 99 33 sit
379 409 156 33 quoddam
492 409 128 33 pati.
563 409 128 33 Dicamus

180 439 83 35 nos
227 439 94 35 quod
286 439 71 35 in
322 439 83 35 via
369 439 130 35 istorum
464 439 94 35 ista
523 439 94 35 sunt
582 439 71 35 in
605 439 83 35 intel

182 469 96 37 lectu
246 469 170 37 intelligenda
384 469 127 37 secundum
480 469 180 37 similitudinem
628 469 53 37 &
639 469 53 37 non

183 500 102 33 vere.
251 500 91 33 vnde
307 500 68 33 in
341 500 158 33 fubstantia
466 500 170 33 intellectus
590 500 102 33 materia

187 533 74 40 lis
230 533 84 40 vere
282 533 74 40 non
324 533 137 40 recipitur
430 533 105 40 aliqua
503 533 126 40 species,
598 533 95 40 sicut
651 533 42 40 in

179 562 124 32 sensorio
272 562 134 32 recipitur
375 562 124 32 species,
468 562 72 32 sed
509 562 83 32 quia
561 562 114 32 accidit
633 562 52 32 sub

188 592 134 34 stantiae
288 592 167 34 intellectus
422 592 156 34 materialis
544 592 123 34 propter
622 592 67 34 mix-

185 623 136 40 tionem,
284 623 161 40 inquantum
408 623 161 40 videlicet
532 623 124 40 tangit
606 623 87 40 magni

187 660 128 31 tudinem,
284 660 64 31 vt
316 660 150 31 intelligat
433 660 75 31 ea,
476 660 86 31 quae
530 660 86 31 sunt
583 660 86 31 hic,
626 660 75 31 sicut

182 687 124 40 sensus
269 687 75 40 in
306 687 162 40 sentiendo
430 687 87 40 per
480 687 137 40 speciem
567 687 124 40 dependet

186 716 66 35 ab
219 716 122 35 obiecto
308 716 155 35 sensibili,
429 716 77 35 sic
474 716 166 35 intellectus
606 716 55 35 a
618 716 77 35 phan-

188 746 143 36 tasmate,
296 746 120 36 tertio
379 746 72 36 de
415 746 120 36 anima.
499 746 84 36 tex
547 746 131 36 commen.
630 746 60 36 3O.

187 780 196 30 intellectiuae
349 780 115 30 animae
430 780 173 30 phantasmata
568 780 69 30 vt
591 780 104 30 sensibi

184 809 74 33 lia
227 809 95 33 sunt.
290 809 95 33 sicut
353 809 106 33 igitur
427 809 116 33 sensus,
512 809 63 33 ad
543 809 74 33 hoc
585 809 84 33 quod
628 809 63 33 sen-

183 845 97 30 tiat,
248 845 119 30 mouetur
334 845 54 30 a
356 845 151 30 sensibili:
475 845 76 30 sic
518 845 162 30 intellectus
637 845 54 30 ma-

188 873 129 31 terialis
285 873 64 31 ad
317 873 75 31 hoc
360 873 64 31 vt
392 873 161 31 intelligat,
521 873 118 31 oportet
607 873 64 31 vt
629 873 64 31 qui-

177 901 141 37 ditatem
280 901 102 37 enim
344 901 230 37 phantasmatibus
523 901 166 37 speculetur,

188 941 111 29 tertio
266 941 67 29 de
299 941 111 29 anima.
377 941 89 29 tex.
433 941 122 29 commen.
522 941 78 29 32.
566 941 122 29 species
655 941 67 29 in

191 967 182 32 tellectiuas
336 967 73 32 in
372 967 218 32 phantasmatibus
542 967 145 32 speculatur

186 997 72 29 Sed
227 997 83 29 tunc
279 997 72 29 est
320 997 166 29 difficultas,
455 997 62 29 si
486 997 176 29 intellectunon
621 997 72 29 intel

182 1025 104 34 ligit
252 1025 81 34 per
298 1025 173 34 receptionem
437 1025 127 34 speciei
529 1025 104 34 sicut
587 1025 104 34 sensus.

190 1060 108 33 quomodo
269 1060 99 33 igitur
338 1060 148 33 intelligere
456 1060 69 33 est
496 1060 79 33 pati
545 1060 118 33 secundum
624 1060 69 33 istam

183 1089 97 33 viam:
248 1089 54 33 &
269 1089 118 33 quomodo
355 1089 118 33 Aristo.
441 1089 97 33 dixit
506 1089 161 33 intellectum
624 1089 75 33 locum

181 1120 95 34 esse
240 1120 165 34 specierum.
370 1120 71 34 3.
406 1120 71 34 de
441 1120 118 34 anima.
524 1120 130 34 commen.
618 1120 71 34 6.
642 1120 59 34 vbi

183 1147 108 33 laudat
259 1147 140 33 Antiquos?
367 1147 65 33 &.
399 1147 65 33 3.
432 1147 65 33 de
464 1147 108 33 anima.
540 1147 86 33 tex.
594 1147 86 33 com.
637 1147 54 33 3S,

185 1180 98 30 lapis
250 1180 76 30 non
294 1180 76 30 est
337 1180 65 30 in
370 1180 108 30 anima,
446 1180 76 30 sed
489 1180 130 30 species?
576 1180 119 30 Soluitur,

178 1212 153 31 secundum
293 1212 102 31 viam
357 1212 230 31 similitudinis.
549 1212 89 31 Nam
587 1212 102 31 intel-

188 1243 115 35 lectus,
271 1243 63 35 vt
303 1243 157 35 intelligit,
429 1243 73 35 sic
471 1243 136 35 discernit
576 1243 52 35 &
586 1243 105 35 iudicat,

184 1271 56 35 &
206 1271 167 35 intelligere
339 1271 156 35 formaliter
462 1271 78 35 non
506 1271 78 35 est
551 1271 100 35 pati,
617 1271 78 35 sed
651 1271 44 35 iu

183 1303 121 35 dicare
268 1303 61 35 &
292 1303 170 35 discernere
426 1303 146 35 obiectum
523 1303 170 35 intellectum.

188 1335 90 36 sed,
244 1335 90 36 quia
301 1335 79 36 hoc
346 1335 136 36 iudicium
448 1335 90 36 quod
504 1335 113 36 affert
583 1335 68 36 de
606 1335 90 36 istis,

181 1366 90 36 non
233 1366 154 36 competit
348 1366 103 36 sibi
413 1366 167 36 inquantum
529 1366 167 36 intellectus

184 1398 97 35 est,
244 1398 85 35 sed
293 1398 157 35 inquantum
413 1398 85 35 est
462 1398 133 35 tangens
546 1398 145 35 magnitudi-

183 1429 93 29 nem:
242 1429 117 29 nullus
323 1429 93 29 enim
382 1429 175 29 intellectus
522 1429 163 29 abstractus
638 1429 47 29 ve

186 1460 72 30 te
222 1460 60 30 a
246 1460 179 30 magnitudine
389 1460 167 30 intelligit
520 1460 131 30 aliquid
604 1460 83 30 eorum

188 1493 86 35 quae
242 1493 86 35 sunt
295 1493 86 35 hic,
349 1493 64 35 vt
381 1493 96 35 dicit
445 1493 128 35 Themist.
541 1493 107 35 tertio
616 1493 64 35 de
638 1493 53 35 ani

182 1521 84 33 ma.
230 1521 96 33 cap.
290 1521 84 33 As.
338 1521 60 33 &
362 1521 84 33 est
410 1521 108 33 etiam
482 1521 156 33 sententia
590 1521 96 33 Commen

182 1551 117 46 tertio
264 1551 70 46 de
300 1551 117 46 anima.
382 1551 129 46 commen.
476 1551 82 46 19.
523 1551 82 46 sic
570 1551 117 46 igitur
640 1551 47 46 in

183 1581 144 37 telligere
294 1581 166 37 intellectus
427 1581 155 37 materialis
549 1581 78 37 fit
593 1581 67 37 de
615 1581 78 37 rebus

181 1612 196 36 sensibilibus,
343 1612 92 36 quae
401 1612 92 36 sunt
458 1612 138 36 potentia
551 1612 138 36 intellecta

180 1650 82 33 pro
227 1650 117 33 quanto
309 1650 82 33 fit
356 1650 70 33 in
392 1650 223 33 phantasmatibus,
580 1650 106 33 sicut
638 1650 59 33 sen

185 1675 87 32 tire
240 1675 76 32 fit
283 1675 131 32 respectu
381 1675 163 32 sensibilis.
512 1675 65 32 &,
545 1675 87 32 quia
599 1675 76 32 hoc
632 1675 65 32 sibi

184 1705 71 41 ex
220 1705 143 41 passione
327 1705 167 41 contingit,
458 1705 71 41 vt
494 1705 190 41 tnagnitudini
636 1705 60 41 est

179 1736 138 41 connexus
282 1736 58 41 &
305 1736 138 41 iunctus,
409 1736 81 41 sic
455 1736 173 41 intelligere
593 1736 81 41 est
627 1736 69 41 quod

184 1767 84 35 dam
232 1767 108 35 pati,
304 1767 96 35 quia
364 1767 96 35 huic
424 1767 180 35 intellectui
568 1767 72 35 vt
592 1767 96 35 mouea-

187 1798 71 36 ur
223 1798 71 36 ab
259 1798 143 36 obiecto,
366 1798 95 36 quod
425 1798 83 36 est
473 1798 83 36 hic
520 1798 71 36 in
544 1798 143 36 phantasma-

183 1831 63 35 te
215 1831 137 35 relucente
321 1831 74 35 hoc
363 1831 85 35 sibi
416 1831 127 35 accidit.
511 1831 53 35 &
532 1831 74 35 sic
575 1831 74 35 est
606 1831 85 35 passi-

184 1865 87 32 uus
233 1865 87 32 non
283 1865 112 32 vere,
358 1865 87 32 non
408 1865 112 32 solum
483 1865 100 32 quia
545 1865 87 32 non
595 1865 87 32 per
633 1865 62 32 or

707 165 134 34 ganum,
801 165 121 34 verum
881 165 121 34 etiam
962 165 121 34 quia.
1043 165 121 34 neque
1123 165 108 34 vere
1177 165 54 34 in

710 196 81 30 sua
757 196 162 30 substantia
884 196 128 30 aliquid
977 196 128 30 recipit
1070 196 81 30 per
1105 196 116 30 informa-

714 223 135 35 tionem,
812 223 86 35 sed
861 223 110 35 solum
934 223 98 35 modo
995 223 159 35 praedicto
1118 223 86 35 per
1155 223 73 35 viam

715 254 204 36 similitudinis.
885 254 79 36 Sed
930 254 91 36 tunc
987 254 79 36 est
1032 254 68 36 in
1066 254 79 36 hoc
1100 254 125 36 difficul-

714 283 87 32 tas,
768 283 87 32 quia
822 283 162 32 intelligere
952 283 119 32 vtdetur
1039 283 87 32 esse
1093 283 97 32 actio
1147 283 76 32 tran-

714 312 124 40 siens.
800 312 62 40 &
825 312 87 40 non
875 312 161 40 immanens.
998 312 87 40 Dic
1048 312 99 40 quod
1097 312 124 40 iudicium

713 348 86 31 est
762 348 74 31 in
799 348 136 31 iudice.
898 348 161 31 Commenta.
1021 348 124 31 tertio
1108 348 74 31 de
1133 348 86 31 anima

715 376 134 32 commen.
812 376 85 32 19.
861 376 146 32 iudicium
970 376 85 32 est
1019 376 73 32 in
1055 376 146 32 capitulo
1152 376 73 32 per-

713 407 152 43 fectionis.
833 407 76 43 lic
876 407 65 43 et
909 407 109 43 igitur
985 407 98 43 actus
1051 407 174 43 intelligendi
1181 407 44 43 i-

712 436 179 34 telligatur
853 436 179 34 quodammodo
994 436 154 34 transire
1110 436 77 34 in
1135 436 90 34 obie-

714 469 108 37 ctum,
786 469 84 37 hoc
834 469 84 37 est
882 469 84 37 pro
930 469 120 37 quanto
1015 469 168 37 terminatur
1147 469 72 37 ad
1171 469 48 37 ip

717 499 98 32 sum:
778 499 110 32 tamen
851 499 146 32 iudicium
961 499 85 32 est
1009 499 110 32 actus
1083 499 146 32 iudicis,
1192 499 61 32 &

713 530 133 32 virtutis
813 530 199 32 dliscernentis.
979 530 66 32 Et
1012 530 77 32 hoc
1056 530 111 32 voluit
1122 530 100 32 Alexan-

709 559 70 35 in
744 559 152 35 praedicta
861 559 187 35 authoritate,
1013 559 93 35 quae
1071 559 70 35 in
1095 559 128 35 principio

712 591 214 35 contradictionis
892 591 180 35 adducebatur,
1038 591 90 35 quod
1083 591 146 35 intellectus

709 624 119 34 actiuus
796 624 87 34 est,
850 624 54 34 &
872 624 162 34 intellectio
1001 624 76 34 est
1045 624 65 34 ei
1077 624 97 34 actio
1142 624 54 34 &
1164 624 76 34 non

718 655 118 31 passio.
804 655 86 31 Scis
857 655 107 31 igitur
932 655 64 31 ex
964 655 139 31 sententia
1061 655 160 31 Peripatetico-

708 693 84 29 rum,
761 693 116 29 quomodo
846 693 158 29 intellectio
972 693 74 29 non
1014 693 74 29 est
1056 693 105 29 passio
1120 693 105 29 formali-

712 722 91 32 ter,
768 722 80 32 sed
814 722 148 32 iudicium.
928 722 57 32 &
950 722 91 32 quia
1007 722 136 32 iudicium
1098 722 125 32 attribui-

709 746 84 33 tur
757 746 120 33 formae
841 746 60 33 &
865 746 132 33 agenti,
961 746 120 33 potius
1046 746 84 33 est
1094 746 108 33 actio
1154 746 72 33 quam

718 776 119 34 passio.
805 776 141 34 verissime
913 776 97 34 tamen
978 776 76 34 est
1021 776 141 34 qualitas,
1130 776 87 34 quae
1173 776 54 34 est

713 813 67 29 in
746 813 89 29 ipsa
802 813 122 29 virtute
891 813 156 29 iudicante.
1013 813 78 29 Et,
1057 813 89 29 quia
1113 813 78 29 non
1146 813 78 29 incon

707 840 118 34 uenit
786 840 105 34 vnam
851 840 66 34 &
877 840 118 34 endem
956 840 131 34 formam
1048 840 118 34 posse
1113 840 105 34 specta

707 870 72 36 re
743 870 72 36 ad
779 870 133 36 diuersa
876 870 169 36 praedicata
1008 870 145 36 secundum
1105 870 120 36 diuersas

712 903 162 30 habitudines,
843 903 121 30 qualitas
934 903 81 30 enim
985 903 71 30 est
1025 903 121 30 secundum
1116 903 81 30 quam
1156 903 61 30 qua-

715 935 82 29 les
762 935 93 29 esse
820 935 152 29 dicuntur:
937 935 70 29 &,
972 935 93 29 quia
1031 935 70 29 ab
1054 935 175 29 intellectione

712 963 129 33 dicitur
806 963 176 33 intellectus
947 963 188 33 intelligens,
1099 963 59 33 &
1123 963 117 33 sensus
1193 963 35 33 a

712 994 150 32 sensatione
830 994 117 32 dicitur
915 994 139 32 sentiens:
1022 994 75 32 sic
1065 994 117 32 sentire
1150 994 53 32 &
1172 994 75 32 in

711 1025 144 34 telligere
822 1025 89 34 sunt
877 1025 166 34 qualitates.
1010 1025 66 34 Si
1043 1025 77 34 hoc
1076 1025 155 34 intellexerit

708 1055 109 38 Scotus
784 1055 87 38 ille
839 1055 142 38 subtilis,
948 1055 87 38 bene
1002 1055 98 38 dixit
1068 1055 65 38 Si
1100 1055 87 38 vero
1144 1055 76 38 consy

713 1085 168 33 derentur,
842 1085 77 33 vt
881 1085 219 33 praesupponunt
1048 1085 168 33 receptionem

719 1117 156 41 specierum,
841 1117 89 41 quae
897 1117 133 41 receptio
997 1117 78 41 est
1041 1117 111 41 passio
1108 1117 111 41 quaedam,

719 1147 77 35 sic
763 1147 88 35 sunt
818 1147 66 35 in
851 1147 133 35 capitulo
951 1147 155 35 passionis.
1072 1147 66 35 Si
1094 1147 133 35 consyderen

709 1181 82 34 tur
756 1181 71 34 in
792 1181 118 34 ordine
874 1181 71 34 ad
909 1181 153 34 potentiam
1027 1181 165 34 elicientem
1145 1181 82 34 istos

715 1208 110 33 actus,
792 1208 77 33 sic
836 1208 88 33 sunt
891 1208 143 33 actiones.
1001 1208 77 33 Sic
1045 1208 143 33 concorda.
1144 1208 77 33 dicta

712 1240 166 32 sapientum.
843 1240 71 32 Si
878 1240 154 32 quaeratur
997 1240 71 32 in
1033 1240 83 32 via
1069 1240 154 32 Theophrasti

710 1272 58 35 &
734 1272 140 35 Themist.
839 1272 82 35 cur
885 1272 117 35 sensus
967 1272 82 35 non
1014 1272 117 35 potest
1096 1272 128 35 sentite
1177 1272 47 35 si

706 1309 73 29 ne
742 1309 169 29 receptione
875 1309 145 29 speciei.
984 1309 60 29 &
1008 1309 181 29 intellectus
1141 1309 85 29 mate-

712 1333 112 36 rialis
790 1333 123 36 potest.
879 1333 89 36 Dic,
935 1333 89 36 quia
991 1333 167 36 intellectus
1125 1333 78 36 est
1158 1333 67 36 sub-

715 1364 136 38 stantia
814 1364 211 38 immaterialis,
987 1364 87 38 cui
1037 1364 149 38 competit
1136 1364 87 38 rece-

719 1397 90 37 ptio
775 1397 90 37 vera
831 1397 112 37 sensus
909 1397 90 37 vero
965 1397 78 37 est
1010 1397 168 37 materialis,
1145 1397 56 37 &
1156 1397 67 37 vir-

717 1425 84 33 tus
765 1425 156 33 organica,
885 1425 60 33 &
909 1425 108 33 licet
981 1425 144 33 recipiat
1089 1425 96 33 sine
1137 1425 84 33 mate-

708 1460 111 35 ria,
777 1460 180 35 alteratur
916 1460 125 35 tamen
999 1460 138 35 quodam
1096 1460 125 35 modo,
1179 1460 69 35 &

716 1488 125 38 patitur
806 1488 136 38 patiente
908 1488 125 38 organo.
999 1488 91 38 vnde
1055 1488 158 38 sensibilia
1168 1488 57 38 ex-

711 1518 153 36 cellentia
829 1518 165 36 corrumpunt
958 1518 129 36 sensum.
1052 1518 118 36 tertio
1135 1518 71 36 de
1158 1518 71 36 ani-

711 1549 86 37 ma.
760 1549 98 37 tex.
821 1549 135 37 commen.
920 1549 74 37 7.
957 1549 123 37 sensus
1043 1549 98 37 enim
1092 1549 135 37 consistit

708 1580 79 38 in
747 1580 132 38 quadam
839 1580 197 38 consonantia
997 1580 66 38 &
1024 1580 158 38 ratione.
1142 1580 79 38 2.
1168 1580 53 38 de

716 1610 120 37 anima.
800 1610 96 37 tex.
860 1610 132 37 commen.
956 1610 96 37 149.
1015 1610 84 37 Sed
1051 1610 168 37 intellectus,

715 1641 81 37 cum
762 1641 127 37 nullius
854 1641 115 37 organi
935 1641 81 37 sit
981 1641 115 37 actus,
1062 1641 81 37 non
1108 1641 92 37 opus
1154 1641 69 37 est,

716 1673 66 32 vt
749 1673 165 32 intellectio
881 1673 88 32 fiat
936 1673 77 32 per
979 1673 154 32 contactum,
1100 1673 99 32 sicut
1155 1673 66 32 sen-

710 1703 118 33 satio.
793 1703 83 33 Hac
840 1703 94 33 enim
899 1703 130 33 ratione
994 1703 142 33 ostendit
1088 1703 130 33 Aristote.

713 1734 80 36 in.
758 1734 69 36 7.
793 1734 137 36 physico.
895 1734 91 36 quod
953 1734 69 36 in
987 1734 160 36 sensatione
1101 1734 126 36 alterans,

714 1766 65 36 &
740 1766 170 36 alteratum
871 1766 104 36 sunt
936 1766 131 36 simul,
1027 1766 104 36 quia
1079 1766 144 36 alteratio

714 1800 133 35 quaedam
811 1800 121 35 sensus
896 1800 97 35 esse
956 1800 145 35 videtur.
1065 1800 97 35 tex.
1114 1800 109 35 commen-

716 1831 76 27 12.
760 1831 76 27 Sed
803 1831 174 27 intellectus,
944 1831 76 27 cum
988 1831 76 27 non
1031 1831 76 27 sit
1075 1831 120 27 corpus,
1151 1831 76 27 neque

715 1857 115 50 virtus
795 1857 149 50 icorpore,
909 1857 115 50 potest
990 1857 138 50 iudicare
1093 1857 69 50 de
1116 1857 103 50 obiecto
