1416 2066
255 188 148 59 stractus
366 188 62 59 a
390 188 136 59 materia
489 188 74 59 in
526 188 99 59 suis
588 188 259 59 comprehensionibus
810 188 148 59 scilicet
921 188 99 59 quia
982 188 160 59 veridicat
1106 188 74 59 in
1143 188 160 59 prpopriis
1254 188 49 59 si

251 236 86 40 bus
300 236 148 40 scilicet
411 236 74 40 in
448 236 185 40 formatione,
596 236 62 40 &
621 236 123 40 falsat
707 236 74 40 in
744 236 99 40 eis,
805 236 99 40 quae
867 236 86 40 non
916 236 99 40 sunt
978 236 148 40 propria.
1089 236 74 40 Et
1126 236 99 40 poet
1175 236 136 40 intelligi

250 276 109 39 sic.
318 276 95 39 ita
373 276 95 39 est
427 276 190 39 dispositio
576 276 231 39 intellectuum,
767 276 136 39 quorum
862 276 204 39 intellectum
1025 276 95 39 est
1079 276 190 39 abstractum
1228 276 68 39 a
1242 276 68 39 ma-

252 313 122 42 teria
333 313 81 42 in
373 313 108 42 hoc,
441 313 108 42 quod
508 313 135 42 semper
603 313 189 42 veridicat:
751 313 95 42 cum
805 313 95 42 non
859 313 189 42 inueniatur
1008 313 81 42 in
1048 313 95 42 eis
1102 313 135 42 actio,
1197 313 108 42 quae
1251 313 68 42 est

245 361 105 42 per
305 361 194 42 accidens,
454 361 119 42 quia
529 361 119 42 suum
603 361 224 42 intellectum
783 361 105 42 est
842 361 209 42 abstractum
1007 361 75 42 a
1022 361 149 42 materia.

295 404 93 46 Idem
353 404 104 46 autem
423 404 81 46 est
469 404 139 46 secundum
574 404 104 46 actum
643 404 116 46 senia,
725 404 93 46 rei:
783 404 93 46 quae
840 404 93 46 uero
898 404 139 46 secundum
1003 404 162 46 potentiam,
1130 404 104 46 tpere
1200 404 104 46 prior
1258 404 58 46 est

245 451 82 48 in
286 451 110 48 vno.
355 451 137 48 omnino
451 451 123 48 autem
533 451 123 48 neque
615 451 164 48 tempore.
739 451 123 48 Eiunt
821 451 110 48 enim
889 451 82 48 ex
930 451 110 48 actu
999 451 110 48 ente
1067 451 123 48 omnia
1150 451 110 48 quae
1204 451 110 48 fiunt.

298 499 172 56 Scientia
426 499 129 56 autem
512 499 114 56 quae
584 499 114 56 actu
655 499 114 56 est,
727 499 114 56 idem
798 499 100 56 est
855 499 114 56 quod
927 499 114 56 res:
998 499 86 56 ea
1041 499 114 56 uero
1113 499 114 56 quae
1170 499 143 56 potentia

254 541 123 63 est,
331 541 92 63 in
377 541 108 63 uno
438 541 139 63 prior
531 541 108 63 est
592 541 185 63 tempore:
731 541 154 63 Omnino
839 541 123 63 uero
916 541 92 63 ne
962 541 169 63 tempore
1085 541 169 63 quidem:
1193 541 123 63 cuncta

255 587 114 56 enim
326 587 114 56 quae
397 587 142 56 fiunt,
496 587 85 56 ex
539 587 85 56 eo
581 587 114 56 sunt
652 587 114 56 quod
723 587 114 56 actu
780 587 142 56 existit.

298 640 77 46 Et
337 640 167 46 scientia,
465 640 103 46 quae
530 640 90 46 est
581 640 77 46 in
620 640 116 46 actu,
697 640 90 46 est
749 640 103 46 ipsa
813 640 90 46 res
864 640 129 46 scita.
955 640 64 46 &
980 640 103 46 quae
1045 640 90 46 est
1096 640 77 46 in
1135 640 167 46 potentia,
1251 640 64 46 est

249 691 143 44 prior
344 691 175 44 tempore
472 691 223 44 indiuiduo.
646 691 111 44 Sed
710 691 286 44 vniuersaliter,
948 691 143 44 neque
1044 691 95 44 in
1091 691 191 44 tempore.
1219 691 95 44 omne

252 726 130 45 enim
333 726 130 45 quod
414 726 227 45 generatur,
592 726 211 45 generatur
754 726 97 45 ab
803 726 113 45 eo,
867 726 130 45 quod
948 726 113 45 est
1013 726 97 45 in
1046 726 113 45 actu.

293 788 117 48 Idest
371 788 65 48 &
397 788 170 48 scientia,
528 788 104 48 quae
593 788 91 48 est
645 788 78 48 in
684 788 117 48 actu,
762 788 91 48 est
815 788 117 48 ipsum
893 788 143 48 scitum:
997 788 65 48 &
1023 788 170 48 scientia,
1154 788 104 48 quae
1219 788 91 48 est
1271 788 78 48 in

249 829 173 46 potentia,
382 829 93 46 est
435 829 120 46 prior
515 829 147 46 tempore
622 829 187 46 indiuiduo,
769 829 93 46 qui
822 829 173 46 scientia,
955 829 107 46 quae
1022 829 93 46 est
1075 829 80 46 in
1115 829 120 46 actu.
1182 829 120 46 vniuer-

251 863 150 44 saliter
360 863 123 44 autem
442 863 68 44 &
470 863 205 44 simpliciter
633 863 177 44 scientia,
770 863 109 44 quae
838 863 95 44 est
892 863 177 44 potentia,
1029 863 95 44 non
1083 863 95 44 est
1138 863 123 44 prior
1206 863 109 44 scien-

254 905 110 43 tia,
323 905 110 43 quae
392 905 96 43 est
446 905 82 43 in
488 905 124 43 actu:
570 905 96 43 cum
625 905 165 43 scientia
748 905 137 43 exiens
844 905 82 43 de
886 905 165 43 potentia
1009 905 82 43 in
1050 905 137 43 actum,
1146 905 96 43 est
1187 905 124 43 oenera-

257 954 99 41 ta:
314 954 71 41 &
342 954 113 41 omne
413 954 184 41 generatum
555 954 184 41 generatur
696 954 85 41 ab
739 954 99 41 eo,
796 954 113 41 quod
866 954 99 41 est
923 954 85 41 in
966 954 113 41 actu
1037 954 156 41 speciei
1150 954 142 41 illius
1235 954 71 41 ge-

251 982 147 43 nerati.
358 982 107 43 vnde
424 982 147 43 necesse
531 982 94 43 est
585 982 80 43 vt
625 982 174 43 scientia,
758 982 107 43 quae
825 982 94 43 est
879 982 80 43 in
919 982 120 43 actu,
999 982 94 43 sit
1052 982 120 43 prior
1132 982 147 43 omnibus
1239 982 94 43 mo

258 1022 95 41 dis
313 1022 176 41 scientia,
448 1022 108 41 quae
515 1022 95 41 est
569 1022 81 41 in
610 1022 176 41 potentia.
745 1022 81 41 Et
785 1022 122 41 forte
866 1022 189 41 intendebat
1015 1022 95 41 hic
1069 1022 95 41 per
1123 1022 108 41 hunc
1177 1022 135 41 sermonen

250 1063 188 44 inuenire
391 1063 172 44 causam,
517 1063 172 44 propter
642 1063 125 44 quam
720 1063 251 44 comprehensio
924 1063 251 44 intellectuum
1111 1063 204 44 separatorum

256 1102 105 44 est
316 1102 179 44 formatio
450 1102 164 44 tantum,
570 1102 75 44 &
600 1102 164 44 veritas
719 1102 90 44 in
764 1102 90 44 eo
809 1102 164 44 nunquam
928 1102 209 44 admiscetur
1093 1102 105 44 cum
1138 1102 179 44 falsitate:

255 1140 78 39 &
287 1140 109 39 est
349 1140 124 39 quod
427 1140 187 39 scientia
566 1140 171 39 illorum
691 1140 109 39 est
753 1140 140 39 ipsum
846 1140 156 39 scitum
955 1140 171 39 omnibus
1080 1140 156 39 modis,
1173 1140 140 39 econtra

255 1180 210 46 dispositioni
426 1180 79 46 in
465 1180 132 46 scitis
557 1180 197 46 intellectus
702 1180 171 46 materialis.

317 1247 70 52 In
352 1247 117 52 multis
434 1247 175 52 intellectum
574 1247 152 52 sensumque
691 1247 163 52 conuenire.
819 1247 70 52 De
854 1247 163 52 intellectu
983 1247 152 52 practico,
1099 1247 70 52 ac
1134 1247 117 52 ipsius
1216 1247 58 52 a

413 1284 180 54 speculatiuo
557 1284 192 54 differentia.
713 1284 84 54 Quo
761 1284 108 54 etiam
832 1284 108 54 pacto
904 1284 84 54 ea,
952 1284 96 54 quae
1000 1284 168 54 abstraction-

521 1325 201 55 dicuntur,
675 1325 279 55 intelligantur.
892 1325 93 55 Cap.

295 1379 179 48 vIdetur
425 1379 147 48 autem
523 1379 212 48 sensibile
686 1379 98 48 ex
735 1379 196 48 potentia
881 1379 212 48 existente
1044 1379 228 48 sensitiuo,
1207 1379 98 48 actu

358 1427 155 41 agens:
466 1427 108 41 non
528 1427 124 41 enim
605 1427 186 41 patitur,
744 1427 139 41 neque
837 1427 217 41 alteratur.
1007 1427 124 41 vnde
1085 1427 124 41 alia
1162 1427 124 41 haec
1224 1427 93 41 spes

361 1471 147 43 motus.
464 1471 132 43 motus
552 1471 117 43 enim
625 1471 205 43 imperfecti
787 1471 147 43 actus.
890 1471 220 43 simpliciter
1066 1471 132 43 autem
1154 1471 147 43 actus,
1242 1471 73 43 al-

249 1514 103 41 ter
308 1514 118 41 est,
382 1514 103 41 qui
441 1514 192 41 perfecti.
588 1514 162 41 Sentire
706 1514 147 41 quidem
810 1514 147 41 igitur
913 1514 147 41 simile
1016 1514 103 41 est
1075 1514 118 41 ipsi
1149 1514 147 41 dicere
1237 1514 74 41 so-

252 1551 127 44 lum,
331 1551 79 44 &
363 1551 253 44 intelligere:
569 1551 127 44 quum
648 1551 142 44 autem
743 1551 253 44 delectabile,
948 1551 111 44 aut
1011 1551 174 44 triste,
1138 1551 111 44 aut
1185 1551 127 44 affir-

254 1597 145 47 mans,
351 1597 113 47 aut
415 1597 178 47 negans,
545 1597 242 47 prosequitur
738 1597 113 47 aut
787 1597 129 47 fugit.

295 1635 172 51 Videtur
420 1635 140 51 autem
514 1635 203 51 sensibile
670 1635 94 51 ex
716 1635 94 51 eo
763 1635 125 51 quod
841 1635 109 51 est
904 1635 203 51 potentia,
1060 1635 218 51 sensitiuum
1215 1635 94 51 actu

254 1684 196 60 efficere:
405 1684 105 60 non
465 1684 120 60 enim
540 1684 166 60 patitur
661 1684 105 60 nec
721 1684 211 60 alteratur.
886 1684 196 60 quamobrem
1037 1684 120 60 alia
1112 1684 105 60 est
1172 1684 120 60 haec
1233 1684 75 60 mo-

253 1737 102 57 tus
312 1737 131 57 spes.
399 1737 131 57 motus
487 1737 131 57 enim,
574 1737 131 57 actus
661 1737 117 57 erat
734 1737 219 57 imperfecti,
909 1737 87 57 at
953 1737 117 57 uero
1026 1737 102 57 qui
1084 1737 219 57 simpliciter
1244 1737 73 57 est

252 1785 134 58 actus,
346 1785 121 58 alius
426 1785 107 58 est:
493 1785 81 58 is
534 1785 161 58 scilicet
655 1785 94 58 qui
708 1785 161 58 perfecti
829 1785 107 58 est.
896 1785 148 58 Sentire
1004 1785 134 58 igitur
1098 1785 134 58 simile
1192 1785 94 58 est
1232 1785 81 58 ipsi

249 1834 162 50 dicere
362 1834 145 50 solum
459 1834 81 50 &
491 1834 258 50 intelligere:
701 1834 113 50 cum
766 1834 113 50 aut
830 1834 194 50 iucundum
976 1834 113 50 aut
1040 1834 194 50 molestum
1170 1834 145 50 iudica-

241 1898 147 49 uerit,
344 1898 103 49 non
403 1898 133 49 secus
492 1898 88 49 ac
536 1898 88 49 si
580 1898 221 49 affirmasset
757 1898 103 49 aut
815 1898 191 49 negasset,
963 1898 221 49 persequitur
1139 1898 103 49 aut
1184 1898 133 49 fugit.,
