1416 2066
187 187 105 56 Et
239 187 192 56 propter
378 187 139 56 quid
466 187 192 56 dicitur
605 187 174 56 duobus
727 187 174 56 modis.
849 187 174 56 quorum
971 187 139 56 vnus
1058 187 122 56 est
1128 187 105 56 in
1163 187 87 56 quo

198 237 118 47 est:
272 237 133 47 alius
361 237 104 47 est
420 237 133 47 cuius
509 237 118 47 est.
583 237 118 47 Quia
657 237 148 47 igitur
760 237 222 47 impossibile
938 237 118 47 fuit
1011 237 89 47 vt
1056 237 163 47 haberet
1159 237 89 47 com-

193 274 268 54 municationem
411 274 117 54 cum
478 274 235 54 sempiterno
662 274 168 54 diuino
780 274 101 54 in
830 274 268 54 aeternitate,
1048 274 134 54 quia
1115 274 134 54 impos-

203 320 158 42 sibile
314 320 111 42 est
377 320 95 42 vt
425 320 174 42 aliquod
551 320 253 42 corruptibile
757 320 206 42 permaneat
915 320 127 42 idem
994 320 95 42 in
1041 320 174 42 numero,
1152 320 95 42 ideo

198 363 150 44 habet
298 363 316 44 communicationem
564 363 216 44 quodlibet
730 363 116 44 cum
796 363 100 44 eo
846 363 199 44 secundum
996 363 133 44 suum
1079 363 166 44 posse:
1195 363 83 44 &

199 403 115 48 hoc
264 403 164 48 magis,
379 403 82 48 &
412 403 115 48 hoc
477 403 164 48 minus:
592 403 82 48 &
625 403 115 48 sic
690 403 197 48 permanet
837 403 115 48 non
903 403 147 48 illud
1001 403 147 48 idem,
1100 403 115 48 sed
1149 403 98 48 suum

203 443 188 56 simile,
340 443 154 56 neque
443 443 137 56 vnum
528 443 188 56 numero,
665 443 120 56 sed
734 443 137 56 vnum
802 443 137 56 forma.

246 495 102 45 Cum
305 495 131 45 dedit
392 495 146 45 causam
494 495 175 45 finalem,
626 495 160 45 propter
742 495 117 45 quam
815 495 146 45 virtus
917 495 204 45 generatiua
1078 495 160 45 existit
1195 495 88 45 in

214 536 89 43 viuo
269 536 200 43 vniversaliter,
436 536 55 43 &
458 536 78 43 est
502 536 166 43 assimilatio
636 536 189 43 corruptibilis
791 536 78 43 cum
835 536 189 43 semperiterno,
991 536 133 43 secundum
1091 536 89 43 quod
1146 536 100 43 habet
1202 536 44 43 na

204 586 118 42 turam
283 586 210 42 assimilandi,
453 586 66 42 &
479 586 105 42 quod
545 586 118 42 omnia
624 586 118 42 entia
702 586 144 42 faciunt
807 586 157 42 actiones
925 586 105 42 erga
991 586 118 42 istum
1070 586 131 42 finem,
1148 586 92 42 narra

205 625 91 40 uit
257 625 156 40 secundum
374 625 104 40 quot
439 625 117 40 modos
517 625 143 40 dicitur
621 625 104 40 iste
686 625 130 40 finis,
776 625 65 40 &
802 625 78 40 d.
841 625 78 40 Et
880 625 143 40 propter
984 625 104 40 quid
1049 625 143 40 dicitur
1140 625 104 40 duobus

198 662 143 46 modis:
298 662 143 46 quorum
398 662 114 46 vnus
469 662 100 46 est
526 662 143 46 illud,
626 662 114 46 quod
698 662 100 46 est
755 662 114 46 iste
827 662 143 46 finis:
927 662 71 46 &
955 662 129 46 alius
1041 662 143 46 illud,
1141 662 86 46 in
1170 662 71 46 quo

201 698 95 48 est
256 698 108 48 iste
323 698 135 48 finis.
418 698 122 48 verbi
499 698 135 48 gratia
594 698 81 48 in
635 698 95 48 hoc
689 698 162 48 sermone,
811 698 108 48 quod
878 698 122 48 omnia
960 698 122 48 entia
1041 698 122 48 agunt
1109 698 135 48 propter.

199 736 253 49 permanentiam
404 736 253 49 sempiternam:
610 736 79 49 &
641 736 205 49 propterea
799 736 95 49 in
846 736 205 49 quibusdam
1004 736 205 49 inuenitur
1146 736 95 49 per-

190 781 169 45 manentia
317 781 211 45 sempiterna,
486 781 99 45 aut
542 781 197 45 dispositio
697 781 226 45 permanentiae
881 781 226 45 sempiternae.
1064 781 85 45 Et
1106 781 99 45 cum
1148 781 99 45 decla

199 812 129 39 rauit
285 812 115 39 hoc,
356 812 172 39 incoepit
486 812 187 39 declarare
629 812 143 39 modum,
729 812 86 39 in
773 812 100 39 quo
830 812 230 39 generabilia,
1016 812 72 39 &
1031 812 215 39 corruptibilia

204 858 148 44 possunt
311 858 202 44 communicare
472 858 94 44 cum
526 858 175 44 aeternis,
660 858 67 44 &
687 858 134 44 causam
781 858 148 44 propter
889 858 107 44 quam
956 858 161 44 diminuta
1077 858 107 44 sunt
1144 858 67 44 a
1157 858 81 44 per-

206 892 161 48 manentia
326 892 201 48 sempiterna,
487 892 67 48 &
514 892 80 48 d.
554 892 107 48 Quia
621 892 134 48 igitur
715 892 201 48 impossibile
876 892 107 48 est,
943 892 94 48 &c.
997 892 80 48 i.
1037 892 67 48 &
1064 892 161 48 intendit
1171 892 67 48 per

204 930 205 42 sempiternum
368 930 150 42 diuinum
478 930 137 42 corpus
573 930 178 42 coeleste.
710 930 178 42 coelestia
847 930 109 42 enim
915 930 109 42 illa
983 930 178 42 permanent
1106 930 137 42 secundum

202 966 226 45 indiuiduum.
383 966 91 45 Et
428 966 121 45 hoc,
504 966 121 45 quod
579 966 91 45 d.
624 966 75 45 &
655 966 106 45 hoc
715 966 151 45 magis,
821 966 75 45 &
851 966 106 45 hoc
911 966 151 45 minus.
1017 966 181 45 intendit
1137 966 106 45 gene-

207 1005 181 52 ratiuum,
343 1005 76 52 &
373 1005 106 52 non
433 1005 242 52 generatiuum.
630 1005 181 52 vtrunque
766 1005 121 52 enim
841 1005 181 52 permanet
977 1005 181 52 secundum
1098 1005 151 52 speciem,

200 1052 107 47 sed
261 1052 230 47 generatiuum
445 1052 138 47 habet
537 1052 153 47 semper
644 1052 123 47 hoc,
721 1052 77 47 &
751 1052 107 47 non
813 1052 230 47 generatiuum
997 1052 92 47 in
1043 1052 153 47 maiori
1135 1052 107 47 parte

205 1086 182 45 temporis,
345 1086 70 45 &
373 1086 84 45 in
415 1086 168 45 pluribus
527 1086 168 45 subiectis.

247 1139 111 48 Est
311 1139 143 48 autem
406 1139 143 48 anima
502 1139 191 48 viuentis
645 1139 191 48 corporis
788 1139 143 48 causa
884 1139 80 48 &
916 1139 239 48 principium:
1107 1139 127 48 haec
1170 1139 80 48 au-

208 1187 105 40 tem
268 1187 254 40 multipliciter
477 1187 194 40 dicuntur.
627 1187 165 40 attamen
746 1187 135 40 anima
836 1187 179 40 secundum
971 1187 239 40 determinatos
1150 1187 90 40 tres

196 1223 145 52 modos
292 1223 145 52 causa
389 1223 193 52 dicitur:
534 1223 161 52 etenim
647 1223 129 52 vnde
727 1223 145 52 motus
824 1223 145 52 causa
920 1223 129 52 est:
1001 1223 80 52 &
1033 1223 145 52 cuius
1113 1223 129 52 causa:

204 1268 85 41 &
238 1268 153 41 sicut
340 1268 237 41 substantia
526 1268 237 41 animatorum
713 1268 204 41 corporum
866 1268 170 41 animam
967 1268 136 41 causa.

245 1308 107 46 Est
306 1308 138 46 autem
398 1308 138 46 anima
490 1308 184 46 uiuentis
628 1308 184 46 corporis
766 1308 138 46 causa
858 1308 77 46 &
888 1308 230 46 principium:
1072 1308 123 46 haec
1134 1308 107 46 autem

188 1346 231 66 multisariam
372 1346 200 66 dicuntur.
526 1346 139 66 Anima
619 1346 123 66 item
696 1346 154 66 tribus
803 1346 139 66 illis
896 1346 200 66 expositis
1050 1346 139 66 modis
1127 1346 123 66 causa,

203 1403 184 47 dicitur:
341 1403 92 47 et
387 1403 123 47 enim
463 1403 123 47 unde
540 1403 153 47 motus,
648 1403 77 47 &
678 1403 138 47 cuius
770 1403 153 47 causa,
878 1403 77 47 &
908 1403 92 47 ut
954 1403 215 47 substantia
1108 1403 138 47 animato

194 1451 108 64 rum
255 1451 185 64 corporum
394 1451 138 64 anima
486 1451 138 64 causa
578 1451 123 64 est.
655 1451 169 64 Constat
778 1451 154 64 igitur
886 1451 108 64 eam
948 1451 123 64 esse
1025 1451 154 64 causam
1132 1451 92 64 ut
1163 1451 77 64 sub

197 1500 194 55 stantiam:
346 1500 134 55 causa
436 1500 119 55 enim
511 1500 164 55 omnibus
630 1500 104 55 cur
690 1500 134 55 sint,
779 1500 209 55 substantia
928 1500 90 55 est.

236 1548 151 47 Anima
337 1548 168 47 igitur
455 1548 118 47 est
522 1548 202 47 corporis
673 1548 134 47 viui
757 1548 151 47 causa
858 1548 84 47 &
891 1548 235 47 principium
1076 1548 168 47 tribus
1177 1548 67 47 mo

195 1596 113 41 dis
259 1596 274 41 determinatis.
485 1596 113 41 est
550 1596 129 41 enim
631 1596 161 41 illud,
744 1596 97 41 ex
792 1596 113 41 quo
857 1596 113 41 est
921 1596 161 41 motus,
1034 1596 81 41 &
1066 1596 145 41 illud
1147 1596 97 41 pro-

191 1635 134 57 pter
275 1635 134 57 quod
358 1635 134 57 fuit
442 1635 184 57 corpus.
575 1635 100 57 Et
625 1635 150 57 anima
726 1635 150 57 etiam
826 1635 117 57 est
892 1635 167 57 causa,
1009 1635 200 57 secundum
1143 1635 100 57 quod

205 1682 108 41 est
266 1682 231 41 substantia,
451 1682 123 41 quae
527 1682 108 41 est
589 1682 138 41 causa
681 1682 123 41 esse
743 1682 138 41 omnium.

214 1720 100 50 Cum
271 1720 171 50 apparuit
399 1720 86 50 ex
442 1720 214 50 definitione
613 1720 200 50 vniuersali
770 1720 143 50 animae
869 1720 114 50 quod
941 1720 128 50 anima
1026 1720 100 50 est
1083 1720 128 50 causa
1154 1720 86 50 cor-

202 1764 113 46 poris
278 1764 150 46 secundum
390 1764 138 46 formam,
491 1764 63 46 &
516 1764 150 46 apparuit
628 1764 88 46 hic
678 1764 100 46 quod
741 1764 125 46 virtus
829 1764 175 46 generatiua
966 1764 88 46 est
1017 1764 113 46 causa
1092 1764 113 46 agens
1154 1764 88 46 anima

202 1800 92 43 tum,
259 1800 138 43 incoepit
363 1800 150 43 declarare
478 1800 92 43 quod
535 1800 104 43 anima
604 1800 81 43 non
650 1800 81 43 est
696 1800 104 43 solum
765 1800 104 43 causa
834 1800 138 43 secundum
938 1800 127 43 formam,
1030 1800 81 43 sed
1076 1800 104 43 causa
1133 1800 115 43 secundum

202 1840 105 44 tres
268 1840 132 44 modos,
360 1840 158 44 secundum
478 1840 105 44 quos
544 1840 145 44 dicitur
649 1840 132 44 causa.
741 1840 66 44 &
767 1840 92 44 hoc
820 1840 92 44 est
873 1840 132 44 tribus
965 1840 132 44 modis.
1057 1840 66 44 &
1083 1840 92 44 hoc
1136 1840 92 44 est
1175 1840 66 44 ne-

205 1878 165 45 cessarium
332 1878 178 45 praescire,
472 1878 152 45 antequam
586 1878 152 45 loquatur
700 1878 76 45 de
738 1878 165 45 vnaquaque
865 1878 140 45 partium
967 1878 140 45 animae:
1068 1878 114 45 licet
1144 1878 89 45 iam
1183 1878 63 45 sit
