1416 2066
216 200 101 43 Ista
280 200 89 43 est
330 200 101 43 alia
393 200 177 43 declaratio
532 200 63 43 a
558 200 164 43 praedicta
684 200 101 43 quod
747 200 114 43 anima
823 200 89 43 est
874 200 177 43 substantia
1013 200 152 43 secundum
1114 200 114 43 formams

174 240 90 45 non
225 240 154 45 secundum
341 240 166 45 materiam.
469 240 102 45 sed,
533 240 102 45 quia
597 240 102 45 ista
661 240 179 45 declaratio
801 240 90 45 dat
853 240 141 45 causam,
955 240 64 45 &
981 240 115 45 esse,
1057 240 115 45 prima
1121 240 90 45 autem

181 275 97 48 dat
236 275 138 48 tantum
333 275 124 48 esse,
416 275 152 48 induxit
527 275 97 48 eam
582 275 124 48 quasi
665 275 138 48 causam
762 275 166 48 sermonis
886 275 194 48 praedicti,
1038 275 69 48 &
1066 275 138 48 dixit,
1163 275 83 48 &,

183 316 108 47 quia
250 316 94 47 iam
304 316 202 47 praediximus
465 316 108 47 quod
532 316 188 47 substantia
680 316 148 47 dicitur
788 316 134 47 tribus
882 316 134 47 modis,
976 316 161 47 materia,
1097 316 67 47 &
1110 316 108 47 forma,

181 355 67 39 &
207 355 189 39 compositum
356 355 81 39 ex
396 355 108 39 eis:
463 355 67 39 &
490 355 108 39 esse
558 355 162 39 materiae
679 355 94 39 est
733 355 81 39 in
773 355 175 39 potentia,
908 355 67 39 &
935 355 108 39 esse
1002 355 135 39 formae
1097 355 94 39 est
1137 355 81 39 ende

173 392 167 43 lechia,
294 392 76 43 &
324 392 136 43 actu:
415 392 76 43 &
446 392 212 43 compositum
612 392 91 43 ex
658 392 136 43 anima
748 392 76 43 &
779 392 167 43 corpore
900 392 106 43 est
961 392 197 43 animatum,
1112 392 76 43 &
1142 392 106 43 per

174 433 162 40 alterum
292 433 133 40 eorum
381 433 103 40 est
440 433 89 40 in
484 433 177 40 potentia
617 433 192 40 animatum,
765 433 74 40 &
794 433 103 40 per
853 433 162 40 alterum
971 433 89 40 in
1015 433 133 40 actu:
1089 433 133 40 manife-

178 469 106 46 stum
244 469 93 46 est
297 469 106 46 quod
364 469 120 46 anima
444 469 93 46 est
497 469 186 46 endelechia
643 469 173 46 corporis,
776 469 93 46 non
829 469 133 46 corpus
922 469 146 46 animae.
1029 469 93 46 est
1082 469 106 46 enim
1135 469 80 46 ani-

174 510 128 45 matum
259 510 86 45 in
302 510 114 45 actu
373 510 100 45 per
430 510 157 45 animam:
544 510 71 45 &
573 510 114 45 quod
644 510 100 45 est
701 510 86 45 in
744 510 114 45 actu
815 510 128 45 debet
901 510 114 45 esse
972 510 200 45 endelechia
1114 510 86 45 eius

182 556 120 45 quod
257 556 105 45 est
317 556 90 45 in
362 556 196 45 potentia,
513 556 75 45 &
543 556 105 45 non
603 556 196 45 econuerso
754 556 90 45 Et
799 556 105 45 hoc
859 556 226 45 intendebat,
1039 556 105 45 cum
1100 556 135 45 dixit
1175 556 45 45 &

174 590 109 46 quod
242 590 95 46 fit
297 590 81 46 ex
337 590 95 46 eis
392 590 95 46 est
446 590 177 46 animatum.
582 590 81 46 i.
623 590 68 46 &
650 590 109 46 quod
718 590 95 46 fit
772 590 81 46 ex
813 590 95 46 eis
867 590 95 46 est
921 590 163 46 animatum
1043 590 81 46 in
1084 590 109 46 actu
1152 590 95 46 per

174 628 154 39 animam,
286 628 70 39 &
314 628 84 39 in
356 628 168 39 potentia
481 628 98 39 per
537 628 154 39 corpus,
649 628 154 39 necesse
761 628 98 39 est
817 628 84 39 vt
859 628 140 39 corpus
957 628 98 39 non
1012 628 98 39 sit
1054 628 168 39 endelechia

171 667 161 56 animae,
289 667 103 56 sed
347 667 132 56 anima
421 667 161 56 corporis.

214 726 97 45 Et
262 726 177 45 propter
391 726 113 45 hoc
456 726 129 45 bene
536 726 210 45 opinantur
698 726 161 45 quibus
811 726 177 45 videtur
940 726 145 45 neque
1037 726 129 45 sine
1101 726 113 45 corpo

166 771 89 41 re
211 771 134 41 esse,
300 771 134 41 neque
390 771 149 41 corpus
494 771 164 41 aliquod
613 771 149 41 anima.
717 771 149 41 corpus
822 771 149 41 quidem
926 771 119 41 enim
1000 771 104 41 non
1060 771 119 41 est:
1120 771 89 41 cor-

164 812 145 44 poris
260 812 145 44 autem
357 812 177 44 aliquid
486 812 129 44 est.
566 812 80 44 &
598 812 177 44 propter
727 812 113 44 hoc
792 812 97 44 in
840 812 177 44 corpore
969 812 129 44 est,
1049 812 80 44 &
1065 812 145 44 corpore

171 847 218 47 huiusmodi:
342 847 78 47 &
374 847 109 47 non
436 847 140 47 sicut
529 847 171 47 priores
653 847 93 47 ad
700 847 155 47 corpus
809 847 187 47 aptabant
949 847 140 47 ipsam
1042 847 140 47 nihil
1120 847 93 47 dif-

171 889 208 49 finientes
331 889 96 49 in
379 889 112 49 quo
443 889 80 49 &
474 889 160 49 quali:
586 889 80 49 &
618 889 128 49 vere
698 889 112 49 cum
762 889 112 49 non
826 889 192 49 videatur
969 889 192 49 accipere
1097 889 112 49 quod-

166 932 139 48 libet
258 932 231 48 contingens.
443 932 108 48 sic
505 932 139 48 autem
597 932 123 48 fit:
674 932 77 48 &
705 932 185 48 secundum
844 932 200 48 rationem:
983 932 231 48 vniuscuiusque

171 978 125 50 enim
249 978 140 50 actus
343 978 94 50 in
390 978 187 50 potentia
530 978 218 50 existente,
702 978 78 50 &
733 978 94 50 in
779 978 172 50 propria
904 978 172 50 materia
1029 978 140 50 aptus
1107 978 109 50 natus

169 1020 112 47 est
233 1020 160 47 fieri.
345 1020 128 47 Quod
425 1020 160 47 quidem
537 1020 160 47 igitur
649 1020 144 47 actus
746 1020 112 47 est
810 1020 160 47 quidam
922 1020 80 47 &
954 1020 144 47 ratio
1034 1020 176 47 potentiam

169 1059 200 50 habentis
319 1059 133 50 esse
402 1059 233 50 huiusmodi,
585 1059 233 50 manifestum
768 1059 100 50 ex
801 1059 100 50 his.

216 1100 191 54 Quamobrem
363 1100 132 54 probe
452 1100 162 54 censent
569 1100 88 54 in
614 1100 147 54 quibus
717 1100 162 54 uidetur
834 1100 147 54 neque,
937 1100 118 54 sine
1011 1100 162 54 corpore
1114 1100 103 54 esse,

175 1148 137 50 neque,
271 1148 137 50 corpus
368 1148 151 50 aliquod
478 1148 137 50 anima:
574 1148 137 50 corpus
670 1148 110 50 enim
739 1148 96 50 non
794 1148 110 50 est,
862 1148 96 50 sed
917 1148 165 50 corporis
1041 1148 165 50 aliquid:
1165 1148 69 50 &

174 1199 201 61 propterea
328 1199 139 61 inest
421 1199 93 61 in
468 1199 186 61 corpore,
607 1199 77 61 &
638 1199 93 61 in
684 1199 170 61 corpore
808 1199 139 61 tali.
901 1199 77 61 &
932 1199 108 61 non
994 1199 232 61 quemadmodum
1164 1199 62 61 su

179 1243 170 65 periores
306 1243 85 65 in
349 1243 141 65 corpus
447 1243 99 65 eam
504 1243 226 65 conticiebat,
688 1243 127 65 nulla
773 1243 184 65 praetered
914 1243 141 65 addita
999 1243 212 65 distinctione,

166 1292 90 55 in
211 1292 149 55 quonam
315 1292 134 55 illo,
405 1292 75 55 &
435 1292 149 55 quali:
540 1292 209 55 praesertim
704 1292 105 55 cum
764 1292 105 55 non
824 1292 179 55 uideatur
958 1292 194 55 quodlibet
1092 1292 120 55 recipe

172 1354 88 50 re
216 1354 206 50 quodlibet.
378 1354 103 50 hoc
437 1354 132 50 autem
525 1354 132 50 pacto
613 1354 103 50 res
672 1354 162 50 ratione
790 1354 191 50 procedit:
937 1354 250 50 uniuscuiusque
1128 1354 88 50 enim

167 1388 133 56 actus
256 1388 89 56 in
300 1388 89 56 eo
345 1388 118 56 quod
419 1388 104 56 est
478 1388 192 56 potentia,
626 1388 74 56 &
655 1388 89 56 in
700 1388 104 56 sua
759 1388 89 56 ac
803 1388 148 56 idonea
907 1388 177 56 materia,
1040 1388 148 56 natura
1128 1388 89 56 com-

175 1436 182 60 paratum
308 1436 116 60 est
374 1436 99 60 ut
423 1436 149 60 fiat.
523 1436 165 60 Animam
638 1436 132 60 ergo
721 1436 149 60 actum
820 1436 132 60 esse
903 1436 182 60 quendam
1035 1436 83 60 &
1052 1436 165 60 rationem

175 1489 113 51 eius
246 1489 113 51 quod
316 1489 127 51 habet
401 1489 184 51 potentiam
543 1489 85 51 ut
585 1489 113 51 tale
656 1489 113 51 sit,
727 1489 85 51 ex
769 1489 99 51 his
826 1489 198 51 perspicuum
967 1489 85 51 est.

215 1533 96 47 Et
263 1533 175 47 propter
390 1533 112 47 hoc
454 1533 127 47 bene
534 1533 287 47 existimauerunt
773 1533 191 47 dicentes
916 1533 127 47 quod
996 1533 143 47 anima
1092 1533 112 47 non
1139 1533 80 47 est

172 1579 135 47 extra
262 1579 165 47 corpus,
382 1579 135 47 neque
473 1579 105 47 est
533 1579 165 47 corpus.
653 1579 150 47 corpus
758 1579 135 47 autem
848 1579 105 47 non
908 1579 120 47 est,
984 1579 105 47 sed
1044 1579 105 47 est
1089 1579 120 47 perfe-

170 1629 119 45 ctio
245 1629 194 45 corporis.
394 1629 89 45 Et
438 1629 164 45 propter
557 1629 104 45 hoc
617 1629 104 45 est
677 1629 89 45 in
721 1629 179 45 corpore,
855 1629 74 45 &
885 1629 89 45 in
930 1629 119 45 tali
1004 1629 179 45 corpore.
1139 1629 104 45 non

171 1663 145 52 ficut
268 1663 193 52 fecerunt
413 1663 177 52 Antiqui
541 1663 97 52 in
590 1663 177 52 ponendo
719 1663 113 52 eam
783 1663 97 52 in
831 1663 177 52 corpore
960 1663 161 52 absque
1057 1663 161 52 determi-

170 1708 161 47 natione
288 1708 147 47 illius
390 1708 191 47 corporis,
537 1708 117 47 quod
610 1708 147 47 corpus
713 1708 117 47 sit,
787 1708 73 47 &
816 1708 205 47 cuiusmodi.
977 1708 73 47 &
1007 1708 103 47 hoc
1065 1708 132 47 licet
1139 1708 73 47 non

171 1756 238 47 quodcunque
358 1756 204 47 recipiat
493 1756 221 47 quamcunque.

214 1803 88 49 Et
258 1803 161 49 propter
375 1803 117 49 hoc,
449 1803 117 49 quod
522 1803 176 49 apparuit
654 1803 88 49 de
698 1803 146 49 anima,
800 1803 117 49 quod
873 1803 103 49 est
932 1803 205 49 endelechia
1079 1803 146 49 corporis

174 1844 186 46 naturalis,
320 1844 120 46 recte
400 1844 160 46 dixerunt
519 1844 173 46 opinantes
652 1844 106 46 quod
719 1844 120 46 anima
799 1844 93 46 non
852 1844 93 46 est
905 1844 120 46 extra
985 1844 146 46 corpus,
1091 1844 120 46 neque
1158 1844 66 46 est

170 1885 136 39 corpus.
269 1885 173 39 endelechia
405 1885 99 39 enim
467 1885 111 39 talis
541 1885 87 39 est
591 1885 149 39 scilicet
702 1885 74 39 vt
739 1885 87 39 sit
789 1885 74 39 in
826 1885 149 39 corpore,
937 1885 62 39 &
962 1885 99 39 quod
1024 1885 87 39 non
1073 1885 87 39 sit
1111 1885 111 39 corpus.
