1416 2066
209 172 107 40 D.d.
275 172 80 40 Et
316 172 201 40 existimatus
476 172 107 40 quod
543 172 134 40 motus,
637 172 94 40 &c.
690 172 80 40 i.
730 172 67 40 &
757 172 201 40 existimatur
917 172 107 40 quod
984 172 120 40 motus
1064 172 160 40 animalis
1171 172 94 40 secum

221 211 115 40 dum
286 211 229 40 augmentum,
466 211 82 40 &
499 211 262 40 diminutionem
712 211 180 40 existit
843 211 98 40 in
892 211 180 40 omnibus
1023 211 245 40 animalibus:
1219 211 82 40 &

221 249 110 43 quod
290 249 96 43 est
345 249 123 43 tale,
427 249 206 43 attribuitur
591 249 164 43 virtuti,
715 249 110 43 quae
783 249 123 43 mouet
866 249 82 43 ad
907 249 206 43 generandum,
1071 249 69 43 &
1099 249 82 43 ad
1126 249 137 43 nutriemn

227 288 108 40 dum.
294 288 81 40 Et
334 288 189 40 intendebat
483 288 94 40 per
536 288 94 40 hoc
590 288 189 40 notificare
739 288 108 40 quod
806 288 108 40 iste
873 288 121 40 motus
954 288 94 40 est
1008 288 121 40 alius
1089 288 67 40 a
1116 288 108 40 motu
1170 288 94 40 loca-

222 324 72 44 li
258 324 155 44 existenti
377 324 60 44 a
401 324 95 44 motu
461 324 131 44 locali:
556 324 107 44 licet
628 324 131 44 vterque
723 324 84 44 sit
771 324 72 44 in
807 324 107 44 loco:
878 324 72 44 &,
914 324 95 44 quod
974 324 107 44 motor
1045 324 72 44 in
1081 324 84 44 eis
1129 324 84 44 est
1165 324 95 44 diuer-

226 365 109 46 sus.
295 365 109 46 D.d.
363 365 82 46 Et
404 365 109 46 post
472 365 259 46 consyderabimus,
690 365 82 46 i.
731 365 68 46 &
758 365 164 46 postquam
880 365 136 46 locuti
976 365 164 46 fuerimus
1098 365 82 46 de
1139 365 95 46 hac
1180 365 82 46 vir-

221 404 129 55 tute,
306 404 257 55 consyderabimus
521 404 86 55 de
564 404 186 55 anhelitu,
707 404 71 55 &
735 404 129 55 somno
821 404 71 55 &
850 404 172 55 vigilia:
978 404 100 55 cum
1035 404 172 55 vtrunque
1164 404 100 55 sit
1207 404 57 55 ab

222 445 137 54 anima
313 445 152 54 motus,
419 445 76 54 &
449 445 152 54 habeat
556 445 152 54 multas
647 445 212 54 quaestiones.

262 507 128 48 Sed
335 507 110 48 de
390 507 146 48 motu
481 507 219 48 secundum
646 507 165 48 locum
755 507 146 48 quid
847 507 183 48 mouens
975 507 183 48 animal
1084 507 183 48 secundum

220 555 258 48 processiuum
426 555 172 48 motum,
547 555 310 48 considerandum,
805 555 138 48 quod
891 555 172 48 quidem
1011 555 172 48 igitur
1131 555 120 48 non
1183 555 86 48 ve-

216 596 201 48 getatiua
367 596 201 48 potentia
517 596 251 48 manifestum.
718 596 167 48 semper
835 596 134 48 enim
918 596 184 48 propter
1052 596 184 48 aliquid
1185 596 117 48 mo¬

224 636 110 51 tus
287 636 125 51 hic:
365 636 78 51 &
397 636 110 51 aut
459 636 110 51 cum
522 636 219 51 phantasia,
694 636 110 51 aut
757 636 110 51 cum
819 636 188 51 appetitu
960 636 125 51 est.
1038 636 141 51 nihil
1132 636 125 51 enim
1195 636 78 51 non

219 683 206 48 appetens,
378 683 111 48 aut
441 683 190 48 fugiens,
584 683 190 48 mouetur,
726 683 111 48 sed
790 683 111 48 aut
853 683 222 48 violentia.
1027 683 174 48 Amplius
1154 683 79 48 &
1170 683 95 48 plan

217 719 110 51 tae
280 719 157 51 vtique
390 719 157 51 essent
499 719 188 51 motiuae:
640 719 78 51 &
672 719 157 51 vtique
781 719 188 51 haberent
922 719 172 51 aliquam
1048 719 157 51 partem
1142 719 125 51 organi

211 762 140 49 cam
291 762 120 49 ad
351 762 180 49 motum
451 762 140 49 hunc.

257 803 137 64 Verum
348 803 92 64 de
394 803 183 64 motuloci
531 803 122 64 quid
608 803 107 64 sit
669 803 122 64 quod
745 803 153 64 moueat
852 803 153 64 animal
959 803 122 64 motu
1035 803 198 64 incessus,
1172 803 92 64 com-

223 852 209 57 fiderandum
387 852 120 57 est.
462 852 164 57 Constat
582 852 149 57 igitur
686 852 105 57 non
746 852 120 57 esse
821 852 209 57 nutritiuam
985 852 209 57 potentiam:
1149 852 149 57 semper

220 908 115 49 enim
292 908 173 49 alicuius
421 908 144 49 gratia
522 908 130 49 motus
608 908 101 49 hic
666 908 115 49 est:
738 908 144 49 atque,
838 908 101 49 uel
896 908 101 49 cum
953 908 201 49 phantasia,
1112 908 101 49 uel
1169 908 101 49 cum
1212 908 58 49 ap

225 948 141 60 petitu
323 948 126 60 nihil
408 948 112 60 enim
478 948 112 60 nisi
548 948 155 60 appetat
661 948 98 60 uel
717 948 155 60 fugiat,
829 948 169 60 mouetur,
956 948 112 60 nisi
1026 948 98 60 ui.
1082 948 183 60 Praeterea
1209 948 56 60 et

219 996 171 63 plantis
344 996 109 63 hic
406 996 171 63 inesset
531 996 156 63 motus,
640 996 93 63 ac
686 996 156 63 partem
795 996 171 63 aliquam
920 996 202 63 organicam
1075 996 93 63 ad
1122 996 124 63 hunc
1184 996 78 63 mo-

214 1044 123 55 tum
267 1044 194 55 haberent.

256 1093 252 46 Consyderemus
461 1093 158 46 igitur
572 1093 95 46 de
619 1093 126 46 motu
698 1093 174 46 locali,
824 1093 79 46 &
856 1093 126 46 quid
935 1093 110 46 est
998 1093 158 46 illud,
1108 1093 126 46 quod
1187 1093 110 46 mo¬

218 1137 107 43 uet
279 1137 153 43 animal
386 1137 122 43 motu
462 1137 168 43 locali.
584 1137 92 43 Et
630 1137 214 43 manifestum
798 1137 107 43 est
859 1137 122 43 quod
936 1137 107 43 hoc
997 1137 107 43 non
1058 1137 107 43 est
1119 1137 76 43 a
1134 1137 138 43 virtute

217 1179 214 45 nutritiua.
385 1179 122 45 Ista
462 1179 122 45 enim
538 1179 153 45 virtus
645 1179 153 45 semper
753 1179 230 45 attribuitur
936 1179 153 45 illis:
1043 1179 122 45 ista
1120 1179 138 45 autem
1196 1179 77 45 aut

221 1224 114 37 est
286 1224 114 37 cum
351 1224 278 37 imaginatione,
580 1224 114 37 aut
646 1224 114 37 cum
711 1224 229 37 desyderio.
891 1224 147 37 nihil
989 1224 131 37 enim
1071 1224 180 37 mouetur
1185 1224 82 37 ni-

219 1263 93 52 si
265 1263 108 52 aut
327 1263 108 52 per
389 1263 216 52 desyderium
559 1263 93 52 ad
605 1263 186 52 aliquid,
744 1263 108 52 aut
806 1263 108 52 per
868 1263 139 52 fugam
961 1263 93 52 ab
1007 1263 139 52 ipso:
1100 1263 124 52 nisi
1162 1263 108 52 motus

219 1303 119 51 eius
293 1303 104 51 sit
353 1303 208 51 violentus.
516 1303 104 51 Et,
575 1303 89 51 si
620 1303 119 51 ista
694 1303 134 51 esset
783 1303 134 51 etiam
872 1303 134 51 dispo
961 1303 208 51 plantarum,
1125 1303 148 51 essent
1214 1303 59 51 mo

220 1355 148 40 tae,
312 1355 93 40 &
349 1355 222 40 haberent
516 1355 204 40 membrum
664 1355 241 40 organicum
849 1355 185 40 iuuans
978 1355 148 40 hunc
1052 1355 148 40 motum.

237 1404 139 40 Idest,
334 1404 69 40 &
362 1404 111 40 quia
431 1404 125 40 actio
514 1404 166 40 virtutis
639 1404 194 40 nutritiuae
792 1404 97 40 est
847 1404 152 40 semper,
958 1404 69 40 &
986 1404 208 40 attribuitur
1138 1404 125 40 vegeta-

218 1444 163 38 bilibus:
341 1444 122 38 actio
422 1444 122 38 autem
504 1444 136 38 istius
599 1444 163 38 virtutis
721 1444 95 38 non
775 1444 95 38 est
829 1444 136 38 semper
925 1444 122 38 neque
1006 1444 95 38 est
1060 1444 81 38 in
1087 1444 177 38 vegetabili-

220 1482 113 42 bus:
291 1482 71 42 &
319 1482 113 42 iste
390 1482 142 42 motus,
489 1482 99 42 qui
546 1482 99 42 est
602 1482 85 42 in
645 1482 127 42 loco,
730 1482 142 42 semper
829 1482 99 42 est
886 1482 99 42 cum
942 1482 241 42 imaginatione,
1141 1482 71 42 &
1155 1482 113 42 desyde

220 1529 99 42 rio
276 1529 85 42 ad
319 1529 170 42 aliquid.
446 1529 127 42 nihil
531 1529 113 42 enim
602 1529 156 42 mouetur
715 1529 226 42 voluntariem,
899 1529 113 42 nisi
970 1529 99 42 aut
1026 1529 212 42 desyderando
1182 1529 85 42 ali-

221 1565 122 45 quid,
303 1565 95 45 aut
357 1565 162 45 fugiendo
478 1565 135 45 ipsum.
573 1565 81 45 Si
614 1565 135 45 igitur
708 1565 108 45 iste
776 1565 122 45 motus
857 1565 122 45 esset
938 1565 81 45 ab
979 1565 122 45 anima
1060 1565 189 45 nutritiua,
1195 1565 68 45 com

228 1604 161 40 tingeret
349 1604 81 40 vt
389 1604 108 40 ista
456 1604 121 40 anima
537 1604 121 40 esset
618 1604 202 40 desyderans,
779 1604 67 40 &
806 1604 188 40 imaginans.
954 1604 94 40 Et,
1008 1604 81 40 si
1048 1604 134 40 vittus
1129 1604 134 40 nutriti-

228 1640 85 44 ua
270 1640 127 44 esset
355 1640 142 44 mouens
454 1640 85 44 in
497 1640 127 44 loco,
582 1640 212 44 contingeret
752 1640 85 44 vt
794 1640 156 44 plantae
907 1640 198 44 mouerentur
1063 1640 85 44 in
1105 1640 127 44 loco.
1190 1640 71 44 &
1204 1640 57 44 si

223 1684 153 48 plantae
334 1684 195 48 mouerentur
487 1684 83 48 in
529 1684 125 48 loco,
612 1684 111 48 tunc
682 1684 167 48 haberent
807 1684 111 48 hanc
877 1684 250 48 dispositionem,
1085 1684 167 48 scilicet
1196 1684 70 48 ima

224 1727 252 43 ginationem,
426 1727 84 43 &
459 1727 252 43 desyderium,
661 1727 84 43 &
694 1727 201 43 haberent
845 1727 151 43 etiam
946 1727 185 43 membrum
1064 1727 201 43 organicum,

221 1756 106 55 per
281 1756 121 55 quod
357 1756 106 55 fit
403 1756 121 55 motus.

259 1796 221 47 Similiter
429 1796 153 47 autem
531 1796 153 47 neque
633 1796 255 47 sensitiuum.
836 1796 153 47 multa
938 1796 136 47 enim
1023 1796 221 47 animalium
1176 1796 102 47 sunt

222 1843 143 55 quae
312 1843 179 55 sensum
437 1843 179 55 quidem
562 1843 197 55 habent,
706 1843 215 55 manentia
867 1843 161 55 autem
974 1843 90 55 &
1010 1843 233 55 immobilia
1172 1843 107 55 sunt
