1416 2066
199 196 113 48 est
264 196 178 48 aliquod
393 196 178 48 corpus,
523 196 113 48 non
587 196 210 48 contingit
749 196 129 48 ipsa
830 196 97 48 ad
879 196 178 48 inuicem
1008 196 97 48 se
1057 196 194 48 tangere.
1186 196 81 48 hu-

211 258 145 41 midum
308 258 145 41 autem
405 258 113 41 non
469 258 113 41 est
534 258 145 41 sinem
631 258 194 41 corpore,
776 258 113 41 nec
841 258 210 41 humectum:
1003 258 113 41 sed
1067 258 178 41 necesse
1180 258 81 41 est

205 285 158 53 aquam
311 285 158 53 esse,
417 285 123 53 aut
487 285 176 53 habere
610 285 176 53 aquam:
733 285 141 53 quae
821 285 141 53 vero
909 285 229 53 tanguntur
1067 285 194 53 adinuicem

206 331 93 52 in
253 331 140 52 aqua,
346 331 124 52 nisi
424 331 140 52 sicca
517 331 171 52 extrema
641 331 140 52 sint,
734 331 171 52 necesse
858 331 109 52 est
920 331 140 52 aquam
1013 331 155 52 habere
1106 331 140 52 medium,

209 372 107 54 quo
270 372 168 54 repleta
392 372 122 54 sunt
468 372 168 54 vltima.
590 372 91 54 si
635 372 137 54 autem
727 372 107 54 hoc
788 372 152 54 verum,
894 372 229 54 impossibile
1077 372 107 54 est
1123 372 137 54 tangere

209 414 174 46 aliquid
336 414 142 46 aliud
431 414 95 46 in
478 414 142 46 aqua.
573 414 142 46 eodem
668 414 142 46 autem
763 414 127 46 modo
842 414 79 46 &
873 414 95 46 in
921 414 142 46 aere.
1016 414 206 46 similiter
1158 414 95 46 enim

201 460 90 47 se
246 460 136 47 habet
337 460 106 47 aer
397 460 90 47 ad
442 460 90 47 ea
487 460 121 47 quae
563 460 121 47 sunt
638 460 90 47 in
683 460 136 47 ipso,
774 460 75 47 &
804 460 121 47 aqua
879 460 90 47 ad
924 460 90 47 ea
970 460 121 47 quae
1045 460 121 47 sunt
1120 460 90 47 in
1150 460 106 47 aqua.

209 500 142 48 latet
304 500 142 48 autem
399 500 142 48 magis
494 500 126 48 nos,
573 500 142 48 sicut
667 500 79 48 &
699 500 126 48 quae
778 500 126 48 sunt
857 500 95 48 in
904 500 126 48 aqua
983 500 205 48 animalia,
1141 500 95 48 si
1173 500 79 48 hu-

201 544 198 51 mectum
340 544 198 51 tangit
459 544 218 51 humectum.

252 596 140 60 Verum
346 596 172 60 quaerat
471 596 203 60 quispiam,
627 596 94 60 si
674 596 125 60 omne
752 596 156 60 corpus
861 596 140 60 habet
955 596 250 60 altitudinem,
1142 596 109 60 atque

201 643 122 48 haec
277 643 107 48 est
338 643 153 48 tertia
445 643 214 48 magnitudo:
614 643 153 48 quibus
721 643 138 48 autem
812 643 153 48 duobus
920 643 214 48 corporibus
1072 643 184 48 interiacet

203 692 147 63 corpus
306 692 176 63 aliquod,
438 692 132 63 fieri
526 692 103 63 non
585 692 147 63 potest
688 692 88 63 ut
732 692 88 63 ea
776 692 88 63 se
820 692 132 63 mutuo
908 692 176 63 tangant:
1041 692 206 63 humidumque
1188 692 73 63 non

210 740 97 47 est
265 740 111 47 sine
335 740 166 47 corpore,
459 740 138 47 neque,
556 740 166 47 madidum:
680 740 97 47 sed
735 740 152 47 necesse
846 740 97 47 est
901 740 97 47 vel
956 740 124 47 aquam
1039 740 124 47 esse,
1122 740 97 47 vel
1163 740 97 47 aquam

210 788 159 55 habere:
325 788 116 55 quae
398 788 116 55 vero
470 788 87 55 in
514 788 116 55 aqua
586 788 87 55 se
629 788 130 55 mutuo
716 788 174 55 tangunt,
847 788 101 55 cum
905 788 159 55 extrema
1020 788 130 55 ficca
1107 788 101 55 non
1151 788 101 55 sint,

209 836 161 47 necesse
326 836 102 47 est
385 836 131 47 aquam
472 836 161 47 habeant
589 836 234 47 interiectam,
779 836 131 47 cuius
867 836 146 47 plenae
969 836 117 47 sunt
1042 836 248 47 extremitates:

204 884 116 63 quod
277 884 87 63 si
321 884 102 63 hoc
379 884 131 63 verum
466 884 116 63 est,
539 884 131 63 fieri
626 884 102 63 non
684 884 145 63 potest
786 884 87 63 vt
829 884 131 63 aliud
917 884 145 63 tangat
1018 884 131 63 aliud
1106 884 87 63 in
1149 884 131 63 aqua:

206 939 134 56 eodem
295 939 134 56 etiam
384 939 119 56 modo
459 939 89 56 in
503 939 134 56 aere:
592 939 193 56 similiter
741 939 119 56 enim
815 939 89 56 se
860 939 134 56 habet
949 939 104 56 aer
1008 939 89 56 ad
1053 939 89 56 ea
1098 939 119 56 quae
1157 939 104 56 sunt,

204 995 92 48 in
250 995 138 48 ipso,
341 995 138 48 atque
433 995 138 48 aqua:
525 995 138 48 latet
617 995 138 48 tamen
709 995 138 48 magis
801 995 122 48 nos,
877 995 92 48 ut
923 995 138 48 etiam
1015 995 92 48 ea
1061 995 184 48 animalia
1183 995 77 48 qua

207 1024 101 74 in
258 1024 135 74 aqua
342 1024 152 74 sunt,
444 1024 101 74 an
494 1024 186 74 madidum
630 1024 169 74 tangat
731 1024 169 74 madidum.

246 1084 94 47 Ex
293 1084 125 47 eis,
372 1084 94 47 in
419 1084 157 47 quibus
528 1084 125 47 homo
606 1084 188 47 dubitat,
747 1084 110 47 est
810 1084 125 47 quod
888 1084 125 47 omne
966 1084 157 47 corpus
1076 1084 141 47 habet
1154 1084 94 47 pro-

207 1131 162 48 fundum,
325 1131 74 48 &
355 1131 118 48 haec
429 1131 103 48 est
488 1131 148 48 tertia
591 1131 192 48 dimensio,
739 1131 74 48 &
768 1131 177 48 oorpora,
901 1131 133 48 inter
989 1131 118 48 quae
1063 1131 162 48 existit
1166 1131 89 48 ali-

209 1172 134 42 quod
293 1172 168 42 corpus
411 1172 185 42 medium,
545 1172 252 42 impossibile
746 1172 118 42 est
814 1172 101 42 vt
864 1172 185 42 tangant
998 1172 101 42 se
1049 1172 101 42 ad
1082 1172 168 42 inuicem.

203 1213 84 46 &
237 1213 184 46 humidum
371 1213 117 46 non
438 1213 117 46 est
505 1213 151 46 extra
605 1213 184 46 corpus,
739 1213 151 46 neque
840 1213 251 46 humectatum,
1041 1213 134 46 immo
1108 1213 151 46 necesse

210 1254 99 43 est
266 1254 85 43 vt
309 1254 99 43 sit
366 1254 127 43 aqua,
450 1254 99 43 aut
507 1254 170 43 aliquid,
634 1254 85 43 in
677 1254 99 43 quo
733 1254 99 43 est
790 1254 127 43 aqua:
875 1254 71 43 &
903 1254 127 43 esta,
988 1254 113 43 quae
1059 1254 184 43 occurrunt
1186 1254 71 43 si-

208 1297 93 50 bi
254 1297 93 50 in
300 1297 124 50 aqua
378 1297 93 50 ad
424 1297 186 50 inuicem,
563 1297 108 50 cum
625 1297 170 50 extrema
749 1297 139 50 eorum
842 1297 108 50 non
903 1297 170 50 fuerint
1027 1297 155 50 sicea,
1120 1297 139 50 necesse

210 1338 99 45 est
267 1338 85 45 vt
309 1338 128 45 inter
394 1338 85 45 ea
437 1338 99 45 sit
493 1338 156 45 medium,
607 1338 71 45 &
635 1338 99 45 est
692 1338 142 45 illud,
791 1338 85 45 in
834 1338 99 45 quo
890 1338 142 45 vltima
990 1338 128 45 eorum
1075 1338 113 45 sunt
1132 1338 113 45 submet

209 1383 94 45 sa.
262 1383 94 45 Et,
316 1383 80 45 si
356 1383 94 45 hoc
409 1383 94 45 est
463 1383 134 45 verum,
556 1383 201 45 impossibile
717 1383 94 45 est
770 1383 80 45 vt
811 1383 147 45 aliquid
918 1383 134 45 tangat
1011 1383 120 45 aliud
1091 1383 80 45 in
1132 1383 120 45 aqua.
1198 1383 54 45 Et

210 1424 183 49 similiter
351 1424 85 49 in
393 1424 127 49 aere.
478 1424 127 49 aern,
563 1424 99 49 ita
619 1424 99 49 est
676 1424 99 49 cum
732 1424 113 49 eis,
802 1424 113 49 quae
873 1424 113 49 sunt
944 1424 85 49 in
986 1424 99 49 eo,
1042 1424 127 49 sicut
1127 1424 113 49 aqua
1183 1424 71 49 cum

208 1468 114 45 eis,
279 1468 114 45 quae
351 1468 114 45 sunt
422 1468 86 45 in
465 1468 129 45 aqua.
551 1468 86 45 v.
594 1468 86 45 g.
637 1468 186 45 animalia,
780 1468 114 45 quae
851 1468 114 45 sunt
923 1468 86 45 in
966 1468 129 45 aqua,
1052 1468 86 45 si
1095 1468 143 45 corpus
1180 1468 72 45 hu-

210 1510 218 45 mectatum
373 1510 181 45 tangit
500 1510 181 45 corpus
609 1510 236 45 humectatum.

230 1572 98 47 Cim
286 1572 196 47 declarauit
440 1572 112 47 quod
510 1572 140 47 tactus
608 1572 154 47 indiget
720 1572 126 47 carne
803 1572 98 47 pro
859 1572 140 47 medio,
957 1572 70 47 &
985 1572 112 47 quod
1055 1572 98 47 est
1111 1572 112 47 plus
1167 1572 84 47 quam

218 1611 121 48 vnus,
298 1611 162 48 incoepit
420 1611 121 48 etiam
501 1611 162 48 quaerere
622 1611 121 48 vtrum
703 1611 108 48 iste
770 1611 135 48 sensus
865 1611 94 48 cum
919 1611 108 48 hoc,
986 1611 108 48 quod
1054 1611 148 48 indiget
1148 1611 108 48 carne,

210 1653 165 39 indigeat
334 1653 124 39 etiam
416 1653 124 39 medio
499 1653 206 39 extrinseco,
663 1653 96 39 aut
718 1653 165 39 sufficit
842 1653 124 39 etiam
924 1653 110 39 cato
993 1653 110 39 sine
1062 1653 124 39 medio
1130 1653 124 39 extrin-

216 1691 117 48 seco.
294 1691 65 48 &
320 1691 104 48 ista
385 1691 156 48 quaestio
503 1691 117 48 etiam
581 1691 91 48 acc
633 1691 78 48 it
672 1691 78 48 in
711 1691 130 48 gustu.
803 1691 78 48 Et
842 1691 130 48 dixit.
933 1691 78 48 Et
972 1691 78 48 ex
1011 1691 104 48 eis,
1076 1691 78 48 in
1116 1691 130 48 quibus
1194 1691 65 48 ho-

212 1735 83 48 mo
254 1735 166 48 dubitat,
378 1735 111 48 est,
447 1735 97 48 &c.
503 1735 83 48 i.
544 1735 69 48 &
572 1735 152 48 dubitat
683 1735 111 48 homo
752 1735 83 48 in
793 1735 111 48 hoc,
863 1735 125 48 utrum
946 1735 152 48 tactus:
1056 1735 166 48 indigeat
1167 1735 83 48 men-

211 1772 97 39 dio
266 1772 194 39 extrinseco
419 1772 97 39 cum
474 1772 97 39 hoc
529 1772 111 39 quod
598 1772 152 39 indiget
709 1772 138 39 medio,
806 1772 111 39 quod
875 1772 97 39 est
930 1772 124 39 caro.
1013 1772 111 39 omne
1082 1772 111 39 enim
1137 1772 111 39 corpus

211 1809 134 41 habet
301 1809 209 41 profundum,
465 1809 75 41 &
495 1809 105 41 est
555 1809 149 41 tertia
659 1809 164 41 mensura
779 1809 194 41 corporis.
928 1809 120 41 D.d.
1003 1809 75 41 &
1033 1809 179 41 corpora,
1152 1809 105 41 inter

212 1846 115 47 quae
283 1846 100 47 est
341 1846 158 47 medium,
455 1846 100 47 &c.
513 1846 86 47 i.
556 1846 100 47 et,
613 1846 100 47 cum
670 1846 115 47 omne
742 1846 143 47 corpus
842 1846 129 47 habet
928 1846 201 47 profundum,
1086 1846 158 47 necesse
1186 1846 72 47 est

214 1893 151 45 vtinter
324 1893 124 45 omnia
407 1893 96 45 duo
462 1893 151 45 corpora
572 1893 96 45 non
627 1893 83 45 se
669 1893 179 45 tangentia
806 1893 96 45 sit
861 1893 151 45 corpus:
972 1893 83 45 &,
1013 1893 96 45 cum
1068 1893 96 45 ita
1123 1893 110 45 sit,
1178 1893 69 45 con
