1416 2066
248 188 139 52 Neque,
345 188 111 52 uero
415 188 125 52 eorum
499 188 97 52 qui
554 188 139 52 semper
652 188 111 52 ueri
721 188 111 52 sunt
791 188 125 52 ullus
874 188 125 52 erit,
958 188 84 52 ut
1000 188 181 52 scientia,
1139 188 97 52 aut
1194 188 97 52 in,

205 240 207 52 tellectus:
368 240 104 52 nam
427 240 104 52 est
486 240 133 52 etiam
575 240 133 52 falsa
664 240 207 52 phantasia,
826 240 148 52 restat
930 240 148 52 igitur
1033 240 207 52 spectandum
1181 240 74 52 an-

202 284 144 58 opinio
302 284 115 58 sit:
374 284 101 58 fit
432 284 115 58 enim
504 284 144 58 opinio
604 284 72 58 &
633 284 115 58 uera
705 284 72 58 &
734 284 144 58 falsa:
834 284 101 58 sed
892 284 187 58 opinionem
1035 284 158 58 quidem,
1136 284 115 58 sequi-

203 347 102 40 tur
262 347 131 40 fides
349 347 146 40 Ineque
452 347 117 40 enim
525 347 131 40 fieri
612 347 161 40 potest,
729 347 88 40 ut
773 347 88 40 is
817 347 102 40 qui
875 347 190 40 opinatur,
1021 347 88 40 ea
1065 347 117 40 quae
1123 347 117 40 opina-

209 385 118 49 tur,
283 385 103 49 non
342 385 147 49 credat
445 385 147 49 atuero
548 385 192 49 bestiarum
696 385 133 49 nulli
784 385 133 49 inest
873 385 147 49 fides:
976 385 192 49 phantasia
1108 385 133 49 multis.

209 436 187 53 praeterea
352 436 129 53 omnen
438 436 187 53 opinionem
582 436 172 53 sequitur
711 436 144 53 fides:
812 436 129 53 fidem
898 436 201 53 persuasio:
1056 436 101 53 per
1099 436 158 53 suasionem

202 492 142 40 ratio.
301 492 85 40 at
344 492 170 40 bestiaru
472 492 185 40 nonnullis
614 492 185 40 phantasia
755 492 142 40 inest,
855 492 128 40 ratio
940 492 99 40 non
983 492 99 40 item.

249 540 93 54 Et
295 540 139 54 etiam
388 540 108 54 non
449 540 108 54 est
511 540 124 54 vnum
589 540 185 54 istorum,
728 540 124 54 quae
805 540 155 54 semper
913 540 201 54 iudicant,
1068 540 139 54 sicut
1145 540 108 54 senia

200 587 77 48 &
230 587 246 48 intellectus.
430 587 107 48 est
491 587 123 48 enim
568 587 215 48 imaginatio
737 587 154 48 falsa.
844 587 169 48 Remanet
967 587 154 48 igitur
1059 587 200 48 consyderare

212 631 135 51 vtrum
302 631 105 51 sit
362 631 240 51 existimatio:
557 631 105 51 cum
617 631 225 51 existimatio
798 631 195 51 quandoque
948 631 105 51 est
1008 631 135 51 vera,
1083 631 165 51 quandoque

208 673 152 42 falsa.
314 673 107 42 Sed
375 673 274 42 existimationem
604 673 229 42 censequitur
787 673 152 42 fides.
893 673 229 42 impossibile
1076 673 122 42 enim
1152 673 107 42 est
1198 673 61 42 vt

203 715 117 48 qui
270 715 234 48 existimat,
454 715 117 48 non
521 715 184 48 credat,
655 715 134 48 quod
739 715 234 48 existimat.
922 715 84 48 &
956 715 167 48 nullum
1073 715 184 48 brutum,
1207 715 84 48 &

201 756 205 44 reptilium
359 756 142 44 habet
453 756 158 44 fidem.
564 756 221 44 imaginatio
737 756 142 44 autem
832 756 110 44 est
895 756 95 44 in
942 756 189 44 pluribus
1084 756 158 44 eorum.
1178 756 79 44 Oem

206 800 173 42 ligitur
332 800 283 42 existimationem
568 800 236 42 consequitur
756 800 157 42 fides.
866 800 141 42 fidem
960 800 141 42 autem
1039 800 204 42 consequitur

198 841 258 42 sufficientia:
410 841 258 42 sufficientiam
622 841 136 42 autem
713 841 288 42 rationabilitas.
956 841 76 42 &
986 841 197 42 reptilium
1138 841 76 42 &
1153 841 91 42 bru-

200 892 150 39 torum
300 892 183 39 quaedam
434 892 167 39 hibunt
551 892 300 39 imaginationem,
801 892 200 39 rationem
951 892 150 39 autem
1051 892 133 39 non.

246 939 102 47 Cum
305 939 190 47 destruxit
451 939 248 47 imaginationem
655 939 117 47 esse
728 939 161 47 sensum,
845 939 175 47 incoepit
977 939 190 47 destruere
1123 939 102 47 eam
1166 939 88 47 esse

204 979 209 44 scientiam,
369 979 105 44 aut
428 979 239 44 intellectum,
623 979 105 44 aut
683 979 284 44 existimationem,
922 979 75 44 &
952 979 90 44 d.
997 979 90 44 Et
1042 979 135 44 etiam
1131 979 105 44 non
1176 979 75 44 est

215 1019 106 40 vnum
281 1019 159 40 istorum,
400 1019 93 40 &c.
453 1019 80 40 i.
493 1019 80 40 &,
533 1019 80 40 si
573 1019 186 40 imaginatio
719 1019 119 40 esset
798 1019 172 40 scientia,
931 1019 93 40 aut
984 1019 212 40 intellectus,
1143 1019 106 40 semper

207 1059 210 40 veridicaret:
377 1059 92 40 sed
430 1059 92 40 non
482 1059 92 40 est
534 1059 105 40 ita:
600 1059 105 40 ergo
665 1059 92 40 non
718 1059 92 40 est
770 1059 170 40 scientia,
901 1059 118 40 neque
980 1059 210 40 intellectus.
1150 1059 105 40 D.d.
1203 1059 52 40 Re

208 1101 125 47 manet
292 1101 153 47 igitur,
403 1101 97 47 &c.
459 1101 84 47 i.
500 1101 153 47 temanet
612 1101 139 47 igitur
709 1101 209 47 consyderare
876 1101 125 47 vtrum
960 1101 97 47 sit
1015 1101 223 47 existimatio,
1182 1101 70 47 cum

211 1141 176 39 vtrunque
344 1141 176 39 dicatur,
476 1141 206 39 veridicans
638 1141 206 39 quandoque,
799 1141 74 39 &
829 1141 191 39 quandoque
976 1141 176 39 falsans.
1108 1141 74 39 &
1137 1141 103 39 hoc
1182 1141 74 39 fa-

202 1176 103 43 cit
261 1176 206 43 existimare
423 1176 103 43 eas
482 1176 118 43 esse
556 1176 147 43 eandem
659 1176 177 43 virtutem
792 1176 177 43 secundum
925 1176 118 43 duas
998 1176 236 43 affirmatiuas
1190 1176 88 43 in

208 1216 158 43 secunda
323 1216 158 43 figura.
438 1216 115 43 D.d.
510 1216 101 43 Sed
567 1216 259 43 existimationem
783 1216 230 43 consequitur,
970 1216 101 43 &c.
1027 1216 86 43 i.
1070 1216 101 43 sed
1113 1216 144 43 existima

212 1259 140 35 tionem
310 1259 140 35 semper
407 1259 209 35 consequitur
575 1259 140 35 fides.
673 1259 98 35 Et,
729 1259 84 35 si
770 1259 195 35 imaginatio
924 1259 126 35 esset
1008 1259 223 35 existimatio,
1175 1259 84 35 con-

210 1299 176 49 tingeret
342 1299 117 49 quod
415 1299 117 49 omne
489 1299 190 49 imaginans
635 1299 161 49 haberet
752 1299 146 49 fidem.
855 1299 103 49 sed
913 1299 132 49 multa
1001 1299 234 49 imaginantur,
1177 1299 73 49 ta-

214 1339 108 43 men
275 1339 108 43 non
337 1339 154 43 habent
444 1339 154 43 fidem.
552 1339 154 43 nullum
659 1339 123 43 enim
736 1339 184 43 brutorum
875 1339 138 43 habet
967 1339 154 43 fidem,
1075 1339 138 43 licet
1151 1339 108 43 plura

213 1372 137 39 eorum
304 1372 244 39 imaginentur.
502 1372 122 39 D.d.
578 1372 137 39 Omnem
669 1372 152 39 igitur
776 1372 289 39 existimationem,
1020 1372 107 39 &c.
1081 1372 91 39 i.
1126 1372 91 39 &,
1157 1372 91 39 quia

212 1403 114 61 omne
283 1403 199 61 existimans
439 1403 100 61 est
496 1403 171 61 credens:
625 1403 71 61 &
653 1403 114 61 omne
724 1403 157 61 credens
838 1403 114 61 sibi
909 1403 185 61 sufficit:
1052 1403 71 61 &
1080 1403 128 61 omne,
1165 1403 114 61 quod
1222 1403 43 61 l

205 1452 112 39 sibi
275 1452 182 39 sufficit,
415 1452 126 39 habet
500 1452 182 39 rationem:
640 1452 154 39 necesse
752 1452 98 39 est
808 1452 84 39 vt
850 1452 112 39 omne
920 1452 196 39 existimans
1075 1452 140 39 habeat
1159 1452 98 39 ratio

206 1499 113 40 nem.
276 1499 99 40 Et,
333 1499 85 40 si
375 1499 198 40 imaginatio
530 1499 127 40 esset
615 1499 226 40 existimatio,
798 1499 113 40 tunc
869 1499 113 40 omne
940 1499 183 40 imaginans
1081 1499 155 40 haberet
1179 1499 71 40 ra-

213 1531 170 40 tionem.
336 1531 108 40 sed
398 1531 139 40 multa
491 1531 186 40 brutorum
631 1531 77 40 &
662 1531 201 40 reptilium
816 1531 186 40 videntur
956 1531 155 40 habere
1049 1531 201 40 imaginatio-

205 1570 122 41 nem,
281 1570 107 41 sed
342 1570 107 41 non
403 1570 183 41 rationem
541 1570 168 41 omnino:
663 1570 122 41 ergo
739 1570 214 41 imaginatio
907 1570 107 41 non
968 1570 107 41 est
1014 1570 214 41 existimatio.

246 1626 226 49 Manifestum
424 1626 129 49 ergo
504 1626 178 49 quoniam
634 1626 145 49 neque
731 1626 162 49 opinio
844 1626 113 49 cum
909 1626 162 49 sensu:
1022 1626 145 49 neque
1119 1626 113 49 per
1167 1626 81 49 sen

203 1674 115 49 gum,
275 1674 130 49 neque
361 1674 187 49 copulatio
505 1674 187 49 opinionis
649 1674 72 49 &
678 1674 158 49 sensus,
793 1674 115 49 erit
865 1674 202 49 phantasia:
1024 1674 86 49 &,
1067 1674 158 49 propter
1168 1674 86 49 haec

206 1714 77 41 &
236 1714 216 41 manifestum
407 1714 124 41 quod
484 1714 108 41 non
546 1714 124 41 alia
623 1714 170 41 quaedam
747 1714 108 41 est
809 1714 170 41 opinio:
932 1714 108 41 sed
994 1714 124 41 illa
1071 1714 124 41 quae
1133 1714 124 41 quidem

204 1756 114 39 est
269 1756 146 39 cuius
366 1756 114 39 est
431 1756 81 39 &
464 1756 179 39 sensus.
593 1756 130 39 Dico
675 1756 146 39 autem
772 1756 97 39 ex
821 1756 130 39 albi
902 1756 195 39 opinione
1048 1756 81 39 &
1080 1756 146 39 sensu
1162 1756 97 39 copu

202 1795 167 47 latio,
319 1795 217 47 phantasia
486 1795 133 47 est.
569 1795 117 47 non
636 1795 133 47 enim
719 1795 100 47 ex
769 1795 200 47 opinione
919 1795 167 47 quidem
1036 1795 133 47 albi
1120 1795 133 47 est.
1186 1795 67 47 ex

205 1836 149 48 sensu
304 1836 149 48 autem
403 1836 149 48 boni.
502 1836 198 48 Apparere
650 1836 165 48 igitur
766 1836 116 48 est
832 1836 182 48 opinari
964 1836 132 48 quod
1046 1836 165 48 quidem
1145 1836 99 48 sen-

201 1883 158 41 titur
307 1883 123 41 non
377 1883 210 41 secundum
517 1883 193 41 accidens.
