1416 2066
264 157 108 40 deret
336 157 133 40 figuram
433 157 205 40 triangularem,
601 157 72 40 vt
637 157 108 40 habet
698 157 72 40 cau-

264 194 91 38 sam,
320 194 91 38 quia
377 194 79 38 est
422 194 68 38 in
456 194 125 38 materia
547 194 158 38 sensibili,
671 194 91 38 puta
716 194 57 38 vel

262 226 71 33 in
298 226 95 33 aere
357 226 83 33 aut
405 226 119 33 ligno,
488 226 166 33 consyderat
619 226 107 33 tamen
678 226 95 33 causam

256 260 218 35 proprietatum
434 260 150 35 suarum,
543 260 68 35 &
570 260 82 35 vt
611 260 123 35 habet
679 260 96 35 talem

270 285 122 37 causam,
359 285 144 37 videlicet
470 285 89 37 quia
526 285 100 37 habet
592 285 100 37 tres,
659 285 56 37 &
681 285 78 37 per
714 285 56 37 il-

263 317 87 31 lam
312 317 186 31 demonstrat.
461 317 111 31 Secus
535 317 111 31 autem
609 317 87 31 est
659 317 74 31 de
683 317 87 31 Diale

266 347 119 32 ctico.
349 347 95 32 quia
409 347 178 32 Dialecticus
551 347 83 32 non
599 347 107 32 solum
670 347 83 32 non
706 347 71 32 com-

254 377 144 42 syderat
359 377 131 42 formam
450 377 196 42 abstrahendo
607 377 78 42 ab
646 377 105 42 hoc,
699 377 78 42 quod

249 410 81 32 est
296 410 116 32 habere
377 410 116 32 causam
459 410 81 32 sui
505 410 93 32 esse
564 410 70 32 in
598 410 128 32 materia
680 410 93 32 sensi-

248 442 113 32 bili:
324 442 113 32 imino
400 442 113 32 etiam
475 442 113 32 neque
551 442 177 32 consyderat
677 442 101 32 ipsam,

248 475 76 32 vt
286 475 89 32 est
337 475 127 32 causa,
426 475 89 32 vel
477 475 127 32 habens
566 475 127 32 causam
643 475 127 32 alicuius

250 505 144 34 effectus,
360 505 77 34 vel
405 505 133 34 alicuius
504 505 188 34 proprietatis.
659 505 55 34 &
681 505 88 34 ideo
725 505 55 34 com

247 533 171 37 syderatio
378 533 105 37 eius
444 533 92 37 est
496 533 158 37 absoluta
614 533 171 37 communis,
733 533 39 37 &

248 572 107 36 vana
315 572 94 36 per
368 572 201 36 consequens,
529 572 94 36 pro
582 572 134 36 quanto
676 572 94 36 non
716 572 54 36 po

262 604 102 29 test
326 604 102 29 esse
390 604 127 29 medium
479 604 76 29 in
517 604 242 29 demonstratione,
708 604 64 29 qua

262 629 82 43 est
309 629 82 43 per
356 629 129 43 causam,
449 629 129 43 propter
543 629 94 43 quam
602 629 82 43 res
648 629 94 43 est,
707 629 58 43 &
719 629 58 43 quo

265 663 87 35 niam
320 663 109 35 illius
396 663 76 35 est
439 663 109 35 causa.
516 663 98 35 quia,
581 663 98 35 licet
635 663 142 35 Dialecticus

259 694 142 39 definiat
366 694 83 39 per
413 694 118 39 illud,
495 694 95 39 quod
555 694 83 39 est
602 694 118 39 causa,
684 694 83 39 non
720 694 59 39 ta-

262 720 82 34 men
309 720 82 34 sub
356 720 94 34 illa
414 720 140 34 ratione,
520 720 82 34 qua
566 720 117 34 causa,
648 720 82 34 sed
695 720 70 34 vt
719 720 58 34 est

261 753 104 34 vnum
326 753 130 34 entium
417 753 169 34 absolute.
548 753 78 34 Et
587 753 104 34 nota
652 753 104 34 bene
704 753 78 34 hoc,

263 788 110 36 quia
332 788 124 36 pauci
414 788 151 36 admodum
524 788 110 36 ante
593 788 137 36 nostra
675 788 96 36 tempo

262 820 73 30 ra
298 820 206 30 intellexerunt
468 820 121 30 istud.
553 820 73 30 Et
589 820 97 30 adde
650 820 97 30 quod
698 820 85 30 vltra

258 850 178 36 praedictam
398 850 127 36 causam
487 850 102 36 ideo
550 850 191 36 Dialecticus
690 850 89 36 dici-

263 884 81 30 tur
310 884 127 30 artifex
402 884 138 30 absolute
506 884 185 30 consyderans,
656 884 92 30 quia
702 884 69 30 cir-

272 909 62 37 ra
303 909 72 37 ens
344 909 155 37 simpliciter
468 909 83 37 tres
520 909 135 37 artifices
624 909 145 37 versantur.
727 909 52 37 4A.

261 939 110 38 primae
338 939 177 38 philosophiae
482 939 88 38 tex.
537 939 88 38 com.
592 939 66 38 3.
625 939 110 38 primus
692 939 88 38 Philo-

267 969 128 33 sophus,
360 969 186 33 Dialecticus,
512 969 58 33 &
535 969 151 33 Sophista.
651 969 70 33 de
674 969 105 33 omnibus

260 1004 101 38 enim
324 1004 190 38 Dialecticus
475 1004 152 38 disserit
589 1004 76 38 ex
615 1004 164 38 communibus,

264 1036 62 35 &
276 1036 187 35 probabiliter.

294 1061 120 43 Quarta
378 1061 156 43 contradi.
498 1061 84 43 est
546 1061 72 43 in
582 1061 108 43 eodem
654 1061 96 43 tex.
702 1061 72 43 Quia

267 1094 180 39 Philosophus
411 1094 120 39 ponens
495 1094 192 39 differentiam
652 1094 108 39 inter
712 1094 60 39 Phi

261 1125 114 37 sicum
337 1125 63 37 &
363 1125 202 37 dialecticum,
527 1125 114 37 dicit
603 1125 101 37 quod
654 1125 127 37 physiens

260 1156 127 38 definit
353 1156 81 38 per
399 1156 150 38 materiam,
515 1156 58 38 &
538 1156 174 38 Dialecticus
677 1156 81 38 per
712 1156 69 38 for-

263 1196 101 30 mam.
327 1196 88 30 Sed
377 1196 114 30 huius
453 1196 164 30 oppositum
579 1196 139 30 habetur
680 1196 76 30 in
705 1196 76 30 tex.

261 1221 149 29 immediate
375 1221 149 29 sequenti,
489 1221 149 29 videlicet
604 1221 80 29 in.
649 1221 80 29 17.
695 1221 80 29 vbi
729 1221 46 29 in

268 1249 95 44 quit
327 1249 95 44 quod
387 1249 83 44 non
434 1249 83 44 est
481 1249 130 44 aliquis
576 1249 142 44 artifex,
682 1249 83 44 qui
718 1249 59 44 per

257 1282 105 33 solam
327 1282 140 33 materiam
433 1282 152 33 definiat.
549 1282 152 33 Soluitur.
666 1282 93 33 illa
713 1282 70 33 dif-

266 1311 143 35 ferentia
373 1311 84 35 est
421 1311 191 35 intelligenda
576 1311 84 35 cum
612 1311 167 35 praecisione.

261 1345 88 34 nam
312 1345 189 34 Dialecticus
463 1345 139 34 definit
564 1345 88 34 per
615 1345 114 34 solam
678 1345 101 34 formam

264 1374 97 36 sine
325 1374 146 36 materia,
434 1374 85 36 sed
483 1374 146 36 Physicus
592 1374 85 36 per
641 1374 146 36 materiam
738 1374 37 36 &

259 1404 160 33 formam:
376 1404 73 33 &
405 1404 102 33 qui
463 1404 102 33 per
521 1404 175 33 materiam
652 1404 73 33 &
667 1404 116 33 formam

270 1437 137 33 definit,
373 1437 126 33 dicitur
464 1437 80 33 per
510 1437 137 33 materiam
613 1437 149 33 definire.
716 1437 69 33 quia

265 1468 128 40 igitur
355 1468 128 40 illud,
445 1468 103 40 quod
509 1468 167 40 discernit
638 1468 154 40 Physicum
740 1468 39 40 a

264 1497 183 33 Dialectico,
410 1497 134 33 materia
507 1497 85 33 est
556 1497 61 33 &
580 1497 85 33 non
629 1497 122 33 forma,
702 1497 73 33 ideo

263 1531 81 39 in
303 1531 107 39 tali
370 1531 188 39 discrimine
518 1531 148 39 materia
612 1531 161 39 exprimitur

263 1563 75 31 Nam
306 1563 128 31 expressa
402 1563 139 31 sententia
509 1563 107 31 Arist.
584 1563 75 31 ibi
627 1563 75 31 est
670 1563 86 31 quod
713 1563 64 31 nul-

264 1592 84 34 lus
312 1592 132 34 artifex
408 1592 84 34 per
456 1592 108 34 solam
529 1592 144 34 materiam
637 1592 144 34 definire
733 1592 48 34 po

263 1625 105 34 test.
334 1625 94 34 Vnde
392 1625 82 34 hoc
439 1625 105 34 etiam
509 1625 141 34 elicitur
615 1625 70 34 ex
638 1625 141 34 intentione

269 1654 167 36 Philosophi
401 1654 131 36 ibidem.
496 1654 96 36 nam,
556 1654 84 36 cum
604 1654 131 36 triplex
687 1654 96 36 possit

262 1685 162 36 definitio
386 1685 175 36 assignari,
524 1685 87 36 per
573 1685 150 36 materiam
673 1685 100 36 solum,

267 1724 100 30 per.
329 1724 113 30 solam
404 1724 138 30 formam,
504 1724 63 30 &
529 1724 88 30 per
579 1724 150 30 materiam
692 1724 63 30 &
704 1724 75 30 for-

260 1747 100 32 mam:
323 1747 100 32 quae
386 1747 138 32 istarum
486 1747 125 32 inquit
574 1747 188 32 Philosophus
711 1747 63 32 de-

263 1778 127 33 finitio
355 1778 150 33 Naturalis
470 1778 104 33 erit?
539 1778 69 33 Et
573 1778 127 33 solutio
665 1778 92 33 est,
711 1778 69 33 quod

259 1809 95 33 iila,
323 1809 85 33 quae
376 1809 74 33 est
418 1809 64 33 ex
450 1809 138 33 vtrisque.
556 1809 53 33 &
578 1809 85 33 ista
631 1809 74 33 est
673 1809 106 33 melior
737 1809 42 33 so

261 1840 107 35 lutio,
336 1840 86 35 quae
390 1840 86 35 dari
443 1840 75 35 pot
486 1840 75 35 est
529 1840 64 35 in
561 1840 86 35 illo
615 1840 96 35 loco.
679 1840 86 35 quia
722 1840 43 35 ma

260 1871 108 43 teria
332 1871 72 43 in
368 1871 145 43 Naturali
477 1871 181 43 Philosophia
621 1871 145 43 relatiue
718 1871 60 43 co

798 157 163 44 gnoscitur,
927 157 70 44 vt
961 157 82 44 est
1008 157 70 44 ad
1043 157 128 44 formam,
1136 157 58 44 &
1160 157 70 44 vt
1194 157 82 44 est
1229 157 82 44 mate-

798 193 78 33 ria
843 193 123 33 formae.
932 193 67 33 2.
966 193 90 33 phy.
1022 193 78 33 36.
1067 193 56 33 &
1089 193 78 33 per
1134 193 157 33 consequdes
1246 193 67 33 Phy-

792 224 109 34 sicus
864 224 72 34 vt
901 224 145 34 Physicus
1009 224 85 34 per
1058 224 109 34 solam
1130 224 145 34 materiam
1227 224 85 34 defi-

803 254 87 36 ire
852 254 87 36 non
902 254 136 36 potest.
1001 254 186 36 Differentia
1150 254 99 36 illa
1212 254 87 36 est
1249 254 62 36 cum

802 289 160 35 praecisione
930 289 182 35 intelligenda.
1080 289 85 35 quia
1133 289 160 35 Dialecticus
1262 289 75 35 per

796 316 116 34 formam
878 316 128 34 tantum,
971 316 81 34 sed
1017 316 140 34 physicus
1122 316 81 34 per
1168 316 140 34 materiam
1273 316 58 34 &

797 349 193 36 formamsimul.
954 349 72 36 &,
990 349 96 36 quia
1050 349 72 36 in
1086 349 133 36 materia
1182 349 84 36 est
1219 349 96 36 ratio-

795 379 64 42 in
827 379 75 42 qua
870 379 161 42 Dialecticus
999 379 107 42 distat
1074 379 54 42 a
1095 379 128 42 physico,
1191 379 96 42 illud
1245 379 64 42 fuit

793 408 157 35 expressum,
916 408 101 35 sicut
984 408 79 35 est
1029 408 67 35 in
1063 408 124 35 simili,
1153 408 101 35 artes
1220 408 56 35 &
1231 408 79 35 scien

790 440 107 40 tiam
856 440 186 40 Naturalem.
1003 440 93 40 Nam
1056 440 173 40 Medicina,
1189 440 107 40 quae
1242 440 67 40 est

795 473 73 33 ars
836 473 146 33 mechanica,
951 473 63 33 vt
982 473 94 33 dicit
1045 473 84 33 Com.
1097 473 73 33 est
1139 473 84 33 enim
1191 473 63 33 de
1212 473 94 33 artibus

796 508 167 30 operatiuis,
930 508 100 30 circa
997 508 123 30 quaedam
1086 508 89 30 est,
1142 508 89 30 quia
1197 508 78 30 est
1231 508 78 30 circa

795 535 135 41 quaedam
893 535 147 41 corpora,
1003 535 73 41 i.
1040 535 135 41 humana.
1138 535 159 41 Naturalis
1248 535 61 41 ve-

794 565 72 45 ro
830 565 84 45 est
878 565 72 45 de
914 565 133 45 omnibus
1011 565 181 45 corporibus,
1155 565 84 45 tam
1192 565 120 45 simplici

799 606 84 29 bus
847 606 96 29 quam
907 606 131 29 mixtis,
1002 606 84 29 tam
1050 606 155 29 animatis,
1170 606 96 29 quam
1217 606 96 29 inani-

790 636 116 34 matis.
872 636 151 34 Similiter
987 636 139 34 Medicina
1092 636 151 34 sanitatis
1208 636 58 34 &
1219 636 93 34 aegri-

797 662 115 40 tudinis
880 662 115 40 quasdam
964 662 105 40 causas
1038 662 147 40 consyderat
1153 662 126 40 scilicet
1237 662 73 40 parti

792 693 145 29 culares,
900 693 84 29 seu
949 693 181 29 propinquas:
1093 693 84 29 sed
1141 693 157 29 Naturalis
1250 693 60 29 om-

793 722 95 38 nes
848 722 136 38 causas
943 722 68 38 &
970 722 190 38 propinquas
1119 722 68 38 &
1146 722 163 38 remotas.
1268 722 68 38 &

802 757 99 39 quia
863 757 136 39 remotae
962 757 62 39 a
987 757 124 39 Medico
1073 757 86 39 non
1110 757 198 39 consyderantur,

795 786 77 39 sed
839 786 55 39 a
861 786 132 39 physico,
960 786 88 39 ideo
1015 786 121 39 Aristo.
1102 786 66 39 in
1135 786 143 39 principio
1234 786 77 39 libri

795 816 66 35 de
828 816 99 35 sensu
894 816 55 35 &
916 816 155 35 sensilibus
1038 816 99 35 illas
1104 816 155 35 expressit,
1226 816 77 35 dum
1259 816 55 35 di-

802 845 80 42 cit
847 845 92 42 quod
905 845 126 42 Physici
996 845 80 42 est
1042 845 149 42 sanitatis
1157 845 103 42 prima
1225 845 57 42 &
1237 845 80 42 aegri

804 884 113 31 udinis
883 884 170 31 inuestigare
1019 884 158 31 principia.
1143 884 68 31 Et
1177 884 68 31 si
1200 884 113 31 dicatur,

802 910 104 41 quod
867 910 157 41 exemplum
985 910 170 41 Aristote.
1115 910 91 41 est
1167 910 78 41 in
1194 910 117 41 opposi-

800 943 83 35 tum
848 943 71 35 de
883 943 95 35 ira:
943 943 95 35 quia
1002 943 107 35 dicit
1074 943 95 35 quod
1133 943 143 35 Physicus
1229 943 83 35 dicit

808 972 81 33 uod
855 972 81 33 est
901 972 139 33 accensio
1005 972 150 33 sanguinis
1121 972 104 33 circa
1190 972 93 33 cor,
1237 972 69 33 Dia-

800 1000 136 43 lecticus
902 1000 102 43 vero,
969 1000 91 43 quod
1026 1000 79 43 est
1071 1000 147 43 appetitus
1173 1000 136 43 vindictae,

797 1031 155 43 Soluitur
913 1031 116 43 eodem
991 1031 116 43 modo.
1068 1031 103 43 quia
1132 1031 168 43 Aristote.
1249 1031 64 43 ex-

798 1068 130 29 pressit
893 1068 118 29 illud,
975 1068 71 29 in
1010 1068 83 29 quo
1058 1068 83 29 est
1105 1068 177 29 differentia
1234 1068 83 29 inter

798 1095 167 35 Physicum
924 1095 70 35 &
951 1095 223 35 Dialecticum.
1133 1095 112 35 nam,
1202 1095 98 35 cum
1244 1095 70 35 Phy

796 1125 99 37 sicus
862 1125 121 37 definit
950 1125 99 37 iram,
1016 1125 99 37 dicit
1081 1125 99 37 illam
1147 1125 88 37 esse
1191 1125 110 37 accensio

800 1158 86 44 nem
849 1158 159 44 sanguinis
971 1158 110 44 circa
1044 1158 86 44 cor
1093 1158 134 44 propter
1179 1158 134 44 appetitum

794 1188 178 38 vindictae,
934 1188 64 38 &
959 1188 89 38 iam
1010 1188 140 38 dixerat
1112 1188 89 38 hoc
1163 1188 114 38 supra
1239 1188 102 38 quod

801 1220 176 38 passiones
937 1220 135 38 animae
1031 1220 108 38 sunt
1099 1220 162 38 communes
1207 1220 108 38 animae

797 1253 63 28 &
822 1253 150 28 corpori,
934 1253 63 28 &
959 1253 88 28 per
1009 1253 175 28 consequens
1147 1253 100 28 sunt
1197 1253 113 28 coniun-

795 1282 105 41 cti,
861 1282 105 41 tex.
926 1282 144 41 commen.
1031 1282 223 41 decimoquinto.
1215 1282 66 41 &
1228 1282 79 41 quod

801 1313 83 39 est
849 1313 107 39 motus
920 1313 107 39 talis
991 1313 142 39 corporis
1098 1313 71 39 an
1133 1313 83 39 hoc
1181 1313 119 39 gratia
1252 1313 59 39 hu-

803 1348 83 30 us.
851 1348 59 30 &
874 1348 95 30 ideo
934 1348 142 30 Physicus
1040 1348 71 30 de
1076 1348 95 30 omni
1135 1348 95 30 tali
1194 1348 119 30 anima,
1277 1348 59 30 &

796 1374 188 38 passionibus,
949 1374 94 38 quae
1008 1374 94 38 sine
1066 1374 129 38 materia
1160 1374 82 38 non
1207 1374 106 38 sunt,
1266 1374 47 38 de

801 1403 110 39 finit.
878 1403 55 39 &
900 1403 77 39 dat
944 1403 132 39 exemplum
1043 1403 66 39 de
1077 1403 88 39 ira,
1132 1403 88 39 quod
1187 1403 77 39 est
1220 1403 88 39 accen-

799 1439 82 41 sio
846 1439 153 41 sanguinis
964 1439 70 41 in
999 1439 94 41 tali
1058 1439 129 41 corpore
1152 1439 70 41 ab
1187 1439 94 41 hoc,
1234 1439 82 41 huius

798 1467 131 42 gratia.
893 1467 83 42 vbi
941 1467 143 42 expresse
1048 1467 107 42 dicit
1119 1467 107 42 omnes
1190 1467 119 42 causas
1261 1467 48 42 in

800 1499 70 32 ea
835 1499 104 32 poni.
905 1499 58 32 &
928 1499 81 32 qui
974 1499 104 32 dicit
1044 1499 116 32 totum,
1125 1499 104 32 dicit
1195 1499 58 32 &
1207 1499 104 32 partes.

799 1529 88 35 vnde
854 1529 77 35 non
898 1529 99 35 dicit
964 1529 88 35 tex.
1019 1529 88 35 quod
1075 1529 132 35 physicus
1174 1529 77 35 per
1218 1529 99 35 solam
1273 1529 44 35 ma

804 1561 113 33 teriam
883 1561 147 33 definiat,
995 1561 79 33 sed
1040 1561 79 33 per
1086 1561 147 33 materiam.
1198 1561 56 33 &
1221 1561 79 33 hoc
1255 1561 56 33 est

795 1592 112 43 multum
873 1592 156 43 differens.
996 1592 89 43 Alii
1051 1592 112 43 dicunt
1130 1592 89 43 quod
1174 1592 134 43 definitio-

803 1628 87 30 nes
852 1628 87 30 per
902 1628 112 30 solam
976 1628 149 30 materiam
1088 1628 112 30 datae
1162 1628 99 30 sunt
1212 1628 99 30 natura

795 1653 90 37 les,
851 1653 79 37 sed
896 1653 170 37 imperfecte.
1032 1653 57 37 &
1055 1653 79 37 est
1100 1653 124 37 solutio
1179 1653 136 37 Themistil,

790 1685 69 37 &
818 1685 165 37 aliorum.
942 1685 96 37 Sed
997 1685 96 37 hoc
1052 1685 96 37 non
1107 1685 179 37 probaret.
1231 1685 83 37 quia

801 1718 119 36 Arist.
884 1718 107 36 dicit
956 1718 119 36 nullum
1039 1718 155 36 artificem
1158 1718 83 36 per
1206 1718 107 36 solam
1265 1718 48 36 ma

792 1749 123 31 teriam
878 1749 160 31 definire.
1001 1749 62 31 &
1026 1749 160 31 praeterea
1137 1749 172 31 definitiones

790 1781 171 30 naturales
922 1781 105 30 sunt
988 1781 119 30 media
1067 1781 79 30 in
1093 1781 224 30 demonstrationi-

801 1813 93 37 pus,
860 1813 82 37 sed
906 1813 140 37 materia,
1011 1813 198 37 circumscripta
1175 1813 117 37 forma,
1257 1813 82 37 non

798 1844 83 30 est
845 1844 106 30 causa
916 1844 142 30 alicuius
1023 1844 154 30 naturalis
1129 1844 177 30 proprietatis,

796 1872 85 35 sed
845 1872 73 35 vt
881 1872 85 35 est
930 1872 159 35 coniuncta
1052 1872 134 35 formae.
1149 1872 98 35 vnde
1198 1872 110 35 materia
