1416 2066
252 244 108 46 Sed,
320 244 81 46 si
361 244 231 46 concesserimus
551 244 95 46 hoc
605 244 108 46 dici
659 244 68 46 vni

217 292 123 40 noce,
299 292 96 40 hic
354 292 178 40 continget
491 292 178 40 praedicta
627 292 123 40 quae¬

217 324 125 47 stio:
301 324 70 47 &
328 324 97 47 est
384 324 153 47 quomodo
495 324 223 47 corruptibile
676 324 84 47 in

218 359 144 45 telligit
326 359 96 45 quod
386 359 84 45 non
434 359 84 45 est
483 359 192 45 corruptibile
627 359 96 45 secun-

210 402 125 48 dum
281 402 232 48 opinionem
460 402 232 48 dicentium
620 402 107 48 quod

215 440 199 50 intellectus
374 440 186 50 materialis
520 440 93 50 est
560 440 172 50 corruptibi-

216 480 111 50 lis,
285 480 69 50 &
313 480 97 50 est
369 480 139 50 opinio
466 480 180 50 Auempace:
604 480 97 50 aut
646 480 83 50 quo-

216 524 113 47 modo
287 524 198 47 intelligit
443 524 241 47 intellectione
627 524 99 47 noua,

211 558 74 49 &
241 558 118 49 quod
314 558 162 49 innatum
432 558 103 49 est
491 558 147 49 semper
579 558 147 49 intelli-

215 597 106 51 gere
281 597 79 51 ea
321 597 79 51 in
360 597 132 51 futuro
453 597 66 51 &
480 597 79 51 in
519 597 199 51 praeterito,
665 597 53 51 se

206 637 164 45 cundum
320 637 213 45 opinionem
484 637 213 45 dicentium
631 637 98 45 quod

212 677 211 50 intellectus
381 677 197 50 materialis
536 677 99 50 non
592 677 99 50 est
634 677 85 50 gene

207 719 147 39 rabilis
313 719 120 39 neque
393 719 240 39 corruptibilis.
594 719 80 39 Et
620 719 107 39 etiam,

210 756 79 51 si
249 756 185 51 posuerimus
395 756 106 51 quod
461 756 198 51 intelligere
619 756 92 51 res
659 756 66 51 ab-

218 796 155 38 stractas
334 796 90 38 est
386 796 78 38 in
425 796 194 38 substantia,
580 796 65 38 &
606 796 78 38 in
632 796 90 38 natu-

209 832 83 54 ra
251 832 208 54 intellectus
417 832 208 54 materialis,
583 832 125 54 quare
652 832 69 54 igi

209 874 89 40 iur
260 874 102 40 ista
324 874 191 40 intellectio
477 874 89 40 non
528 874 128 40 currit
617 874 115 40 cursu
681 874 51 40 in

214 917 230 37 tellectionum
401 917 216 37 materialium
574 917 144 37 nobis:
660 917 72 37 ita

210 949 94 46 quod
269 949 83 46 hoc
316 949 177 46 intelligere
458 949 83 46 sit
505 949 94 46 pars
564 949 130 46 partium
646 949 83 46 scien

211 989 147 45 tiarum
314 989 280 45 speculatiuarum:
550 989 74 45 &
580 989 118 45 erit
639 989 88 45 vnum

213 1029 209 53 quaesitorum
380 1029 84 53 in
422 1029 167 53 scientia
533 1029 195 53 speculatiua,

246 1108 97 54 Et
294 1108 129 54 Auen
375 1108 129 54 pace
455 1108 177 54 videtur
568 1108 161 54 ambigere

206 1148 84 39 in
248 1148 97 39 hoc
304 1148 125 39 loco.
387 1148 139 39 D.enim
484 1148 84 39 in
526 1148 181 39 epistola,
651 1148 84 39 quam

207 1185 165 53 uocauit
327 1185 255 53 Expeditionis,
537 1185 120 53 quod
597 1185 135 53 impossi

212 1224 154 43 bilitas
324 1224 98 43 est
380 1224 140 43 duobus
477 1224 140 43 modis,
561 1224 154 43 naturalis

219 1262 64 44 &
245 1262 141 44 diuina:
348 1262 116 44 idest
425 1262 103 44 quod
489 1262 193 44 intellectio
630 1262 103 44 istius

216 1302 197 44 intellectus
374 1302 92 44 est
426 1302 79 44 de
466 1302 224 44 possibilitate
637 1302 92 44 diui-

210 1340 100 46 na,
267 1340 100 46 non
324 1340 85 46 de
366 1340 242 46 possibilitate
565 1340 171 46 naturae.
679 1340 57 46 In

213 1381 184 37 epistola
351 1381 138 37 autem
443 1381 276 37 Continuationis
658 1381 46 37 d

217 1420 107 49 Et,
278 1420 107 49 cum
339 1420 229 49 Philosophus
522 1420 214 49 ascenderit
674 1420 46 49 a

212 1460 97 47 lia
268 1460 209 47 ascensione,
435 1460 223 47 consyderando
616 1460 84 47 in
657 1460 97 47 in¬

210 1501 170 37 tellecto
337 1501 184 37 inquantum
479 1501 226 37 intellectum,
648 1501 85 37 tunc

211 1539 206 39 intelliget
373 1539 221 39 substantiam
535 1539 191 39 abstractam,

217 1577 78 50 Et
256 1577 181 50 manifestum
398 1577 91 50 est
450 1577 78 50 ex
489 1577 91 50 hoc
541 1577 104 50 quod
593 1577 129 50 intelli-

208 1612 113 53 gere
278 1612 211 53 intellectum
447 1612 169 53 fecundum
574 1612 141 53 illum,
659 1612 70 53 est

211 1652 101 49 pars
274 1652 189 49 scientiarum
426 1652 227 49 speculatiuarum
602 1652 126 49 scilicet

218 1696 155 51 scientia
334 1696 168 51 Naturali.
463 1696 64 51 &
489 1696 90 51 hoc
541 1696 155 51 apparuit
644 1696 90 51 etiam

214 1733 80 47 in
254 1733 107 47 illa
321 1733 241 47 perscrutatione
521 1733 80 47 ab
548 1733 67 47 eo.

258 1773 99 37 Et,
315 1773 99 37 cum
371 1773 99 37 ita
428 1773 114 37 sit,
499 1773 99 37 nos
556 1773 128 37 omnes
627 1773 99 37 homi-

212 1813 114 50 nes,
283 1813 114 50 quod
355 1813 157 50 accidit
469 1813 129 50 nobis
555 1813 86 50 de
583 1813 143 50 ignoran-

218 1853 86 38 tia
267 1853 123 38 istius
353 1853 172 38 scientiae,
488 1853 86 38 aut
537 1853 98 38 erit
598 1853 98 38 quia
647 1853 86 38 adhuc

212 1886 100 60 non
269 1886 142 60 scimus
368 1886 256 60 propositiones,
582 1886 114 60 quae
653 1886 100 60 in¬

782 245 113 46 Sed,
852 245 85 46 si
895 245 197 46 concedamus
1050 245 99 46 eam
1106 245 113 46 dici
1162 245 99 46 vniuo

749 287 96 47 ce,
804 287 109 47 tunc
872 287 164 47 sequetur
995 287 123 47 illud
1078 287 137 47 dubium
1160 287 109 47 supius

740 324 154 52 dictum:
852 324 126 52 nempe
936 324 98 52 quo
992 324 140 52 pacto,
1091 324 84 52 id
1133 324 112 52 quod
1189 324 70 52 est

750 364 225 51 corruptibile,
935 364 132 51 possit
1027 364 198 51 intelligere
1173 364 92 51 ipsum

740 402 261 54 incorruptibile
957 402 130 54 iuxta
1044 402 203 54 sententiam
1189 402 72 54 il-

754 442 118 41 orum,
833 442 92 41 qui
885 442 158 41 asserunt
1003 442 197 41 intellectum
1148 442 118 41 materia

747 478 84 55 lem
795 478 96 55 esse
855 478 169 55 gnerabilem
988 478 60 55 &
1012 478 217 55 corruptibilem,
1193 478 60 55 &
1205 478 60 55 est

744 520 186 42 sententia
887 520 143 42 ipsius
987 520 115 42 Auen
1059 520 129 42 pace:
1145 520 100 42 vel
1188 520 72 42 quo

749 555 117 56 pacto
827 555 91 56 id,
879 555 104 56 quod
944 555 91 56 est
996 555 91 56 nam
1048 555 117 56 aptum
1113 555 156 56 intellige-

750 597 67 45 re
783 597 90 45 illa
840 597 112 45 Semper
918 597 79 45 tam
963 597 67 45 in
997 597 157 45 praeterito
1121 597 90 45 quam
1177 597 67 45 in
1200 597 67 45 futu

746 636 89 38 ro,
797 636 114 38 iuxta
873 636 177 38 sententiam
1012 636 152 38 illorum,
1126 636 89 38 qui
1164 636 101 38 affir-

746 669 105 54 mant
812 669 197 54 intellectum
969 669 184 54 materialem
1113 669 105 54 esse
1166 669 105 54 ingeni

751 718 84 51 tum
799 718 60 51 &
823 718 241 51 incorruptibilem,
1028 718 120 51 possit
1100 718 169 51 intelligetur

748 752 107 51 nouam
819 752 226 51 intellectionem.
1010 752 166 51 Praeterea,
1140 752 71 51 si
1164 752 95 51 affir-

744 793 112 44 memus
818 793 99 44 quod
880 793 74 44 de
917 793 149 44 essentia
1029 793 74 44 ac
1066 793 74 44 na
1104 793 124 44 ipsius
1178 793 87 44 intel

747 832 122 53 lectus
832 832 171 53 materialis
967 832 86 53 sit
1016 832 196 53 intelligetur
1174 832 86 53 res
1211 832 49 53 ab

747 869 165 46 stractas,
874 869 89 46 cur
925 869 102 46 ergo
989 869 165 46 huiusmodi
1103 869 165 46 intellectio

748 909 79 45 non
793 909 67 45 se
826 909 101 45 habet
894 909 67 45 vt
928 909 67 45 se
961 909 124 45 hiabunt
1051 909 101 45 aliae
1108 909 157 45 intellectio-

748 953 86 41 nes
797 953 171 41 materiales
931 953 73 41 in
968 953 122 41 nobis:
1054 953 86 41 ita
1103 953 73 41 vt
1127 953 135 41 huiusmodi

746 992 196 42 intellectio
903 992 92 42 sit
955 992 92 42 vna
1007 992 78 42 ex
1047 992 157 42 partibus
1151 992 118 42 sciarum

749 1033 269 45 speculatiuarum:
975 1033 71 45 &
1003 1033 99 45 sit
1060 1033 141 45 quoque
1159 1033 113 45 vnum
1215 1033 57 45 ex

747 1067 166 50 quaesitis
875 1067 166 50 scientiae
990 1067 192 50 speculatiuae.

794 1109 91 42 Auem
850 1109 91 42 pace
907 1109 102 42 autem
975 1109 125 42 videtur
1066 1109 91 42 esse
1123 1109 102 42 valde
1180 1109 91 42 perple

746 1149 92 51 xus
799 1149 79 51 in
838 1149 92 51 hoc
891 1149 159 51 negotio.
1010 1149 106 51 Nam,
1076 1149 79 51 in
1116 1149 92 51 sua
1155 1149 106 51 episto

752 1196 89 38 la,
803 1196 89 38 cui
854 1196 140 38 titulus
956 1196 89 38 est
1007 1196 76 38 de
1045 1196 203 38 perfectione,
1197 1196 64 38 di-

754 1225 78 41 xit
798 1225 100 41 ipsum
865 1225 144 41 puisibale
976 1225 133 41 bifariam
1076 1225 100 41 dici,
1143 1225 100 41 nempe
1198 1225 67 41 nan-

755 1269 74 37 e,
792 1269 61 37 &
816 1269 147 37 diuinum:
927 1269 61 37 &
951 1269 98 37 vult
1013 1269 98 37 quod
1074 1269 184 37 intellectio
1209 1269 49 37 hu

747 1301 82 54 ius
794 1301 176 54 intellectus
935 1301 82 54 sit
982 1301 129 54 quoddam
1075 1301 152 54 possibile
1181 1301 82 54 diui-

742 1351 101 40 num,
806 1351 89 40 non
856 1351 114 40 autem
932 1351 164 40 naturale.
1059 1351 89 40 Sed
1109 1351 76 40 in
1147 1351 89 40 sua
1185 1351 76 40 epi-

742 1381 131 38 stola
830 1381 87 38 de
873 1381 218 38 Copulatione
1047 1381 174 38 noniata,
1163 1381 102 38 dixit

744 1419 108 40 haec
812 1419 135 40 verba.
907 1419 95 40 Et,
961 1419 95 40 cum
1015 1419 203 40 Philosophus
1164 1419 95 40 ascen

751 1459 82 39 dit
798 1459 94 39 alio
857 1459 129 39 ascesu,
951 1459 82 39 dum
998 1459 164 39 consyderat
1127 1459 94 39 ipsa
1174 1459 82 39 intel

746 1496 175 58 ligibilia,
883 1496 150 58 quatenus
995 1496 100 58 sunt
1045 1496 212 58 intelligibilia,

746 1538 88 40 tuc
797 1538 177 40 intelligit
936 1538 190 40 substantiam
1075 1538 202 40 intelligentia.

748 1580 87 38 rum
797 1580 199 38 separatarum.
959 1580 75 38 Ex
996 1580 87 38 hoc
1046 1580 112 38 autem
1121 1580 112 38 satis
1183 1580 87 38 patet

747 1613 122 54 ipsum
828 1613 162 54 credere,
949 1613 108 54 quod
1017 1613 203 54 intellectio
1165 1613 108 54 ipsius

747 1653 204 43 intellectus
910 1653 95 43 est
965 1653 109 43 pars
1032 1653 149 43 sciarum
1127 1653 136 43 specula-

746 1693 149 45 tiuarum,
857 1693 161 45 videlicet
981 1693 99 45 pars
1043 1693 124 45 seniae
1117 1693 149 45 Naturalis,

746 1733 70 52 &
774 1733 98 52 hoc
830 1733 126 52 etiam
914 1733 126 52 satis
998 1733 154 52 apparet
1111 1733 98 52 vex
1153 1733 112 52 verbis

741 1773 108 51 eius
808 1773 81 51 in
848 1773 108 51 illa
916 1773 229 51 inquisitione.
1104 1773 81 51 Si
1145 1773 108 51 ergo
1199 1773 67 51 ita

745 1811 76 39 res
789 1811 109 39 habet,
865 1811 152 39 sequeretur
984 1811 87 39 quod
1039 1811 76 39 nos
1082 1811 98 39 omnes
1147 1811 120 39 homines
1224 1811 43 39 si

744 1849 246 42 ignorauerimus
946 1849 116 42 hanc
1018 1849 145 42 sciam,
1119 1849 87 42 id
1148 1849 116 42 quidem

753 1891 66 55 o
779 1891 186 55 continget,
925 1891 93 55 vel
978 1891 106 55 quia
1045 1891 133 55 nondum
1124 1891 133 55 sciuimus
