1416 2066
177 169 98 33 modo
238 169 172 33 abstrahit.
373 169 86 33 sed
423 169 86 33 qui
472 169 172 33 consyderat
595 169 98 33 quidi-

178 200 124 35 tatiue
264 200 148 35 extrema,
375 200 111 35 debet
449 200 111 35 etiam
523 200 62 35 &
548 200 111 35 media
610 200 74 35 con-

174 235 153 38 syderare.
292 235 59 38 &
315 235 82 38 ita
362 235 106 38 etiam
433 235 153 38 Naturalis
538 235 153 38 quiditatiue

176 269 187 37 consyderaret
328 269 105 37 entia
399 269 199 37 imaginabilia:
562 269 94 37 quia
621 269 70 37 si
644 269 47 37 de

178 296 92 39 quo
231 296 119 39 minus
310 296 106 39 ergo
376 296 66 39 &
402 296 79 39 de
442 296 92 39 quo
495 296 132 39 magis.
587 296 79 39 Si
614 296 79 39 enim

178 334 160 29 Naturalis
301 334 86 29 per
350 334 74 29 te
387 334 160 29 abstracta
510 334 135 29 vtroque
609 334 111 29 modo.

172 361 193 33 quiditatiue
327 361 193 33 consyderat,
481 361 116 33 multo
558 361 116 33 magis
623 361 64 33 mi-

177 396 86 30 nus
226 396 159 30 abstracta
348 396 208 30 consyderabit.
519 396 86 30 Sed
568 396 86 30 non
604 396 86 30 valet

178 419 73 31 de
214 419 133 31 Diuino.
311 419 97 31 quia
372 419 109 31 licet
445 419 133 31 Diuinus
542 419 97 31 omne
590 419 97 31 abstra

175 450 103 43 ctum
239 450 64 43 &
265 450 192 43 intellectum
419 450 192 43 quiditatiue
560 450 128 43 consyde-

176 479 97 41 rat,
237 479 85 41 non
285 479 110 41 tamen
358 479 97 41 omne
419 479 207 41 intelligibile
577 479 110 41 consyde

178 513 82 33 rat
225 513 187 33 quiditatiue,
377 513 94 33 nisi
436 513 82 33 sub
483 513 129 33 ratione
565 513 117 33 transcen

172 545 119 33 denti.
256 545 84 33 sed
303 545 107 33 vltra
375 545 107 33 illam
446 545 143 33 rationem
554 545 131 33 remanet
637 545 60 33 spe

188 579 115 37 cialis,
271 579 84 37 quae
323 579 73 37 est
365 579 136 37 scientiis
470 579 157 37 specialibus
585 579 104 37 propria.

178 606 121 36 Dices,
263 606 145 36 scientia
371 606 157 36 Naturalis
492 606 60 36 &
517 606 121 36 Diuina
589 606 97 36 consy-

177 638 116 32 derant
258 638 69 32 de
293 638 93 32 omni
351 638 116 32 anima:
432 638 116 32 igitur
513 638 104 32 nulla
583 638 93 32 alia
629 638 58 32 re-

177 674 126 34 manebit
268 674 149 34 scientia.
383 674 92 34 quia
440 674 149 34 Naturalis
555 674 80 34 per
600 674 69 34 te
623 674 69 34 com-

180 701 137 36 syderat
279 701 187 36 vegetatiuam
429 701 62 36 &
454 701 187 36 sensitiuam,
604 701 62 36 &
616 701 75 36 Diui

178 732 84 30 nus
226 732 204 30 intellectiuam
394 732 60 30 &
418 732 84 30 qui
467 732 168 30 consyderat
599 732 72 30 de
623 732 72 30 omni

185 764 93 30 ali.
243 764 163 30 consyderat
371 764 70 30 de
406 764 93 30 omni
464 764 163 30 sensibili:
592 764 58 30 &
615 764 70 30 de
639 764 46 30 om

179 797 66 30 ni
212 797 209 30 intelligibili:t
388 797 110 30 igitur
464 797 132 30 scientia
552 797 143 30 Mathematica

175 824 86 34 non
224 824 111 34 erit.
298 824 197 34 Respondetur,
459 824 136 34 negando
545 824 148 34 consequen-

179 860 101 30 tiam.
246 860 90 30 quia
302 860 101 30 licet
370 860 135 30 scientia
471 860 146 30 Naturalis
572 860 112 30 quidita:

182 885 100 37 tiue
244 885 174 37 consyderet
381 885 100 37 omne
443 885 174 37 sensibile,
580 885 62 37 &
592 885 100 37 Diuina

185 925 97 30 omne
246 925 207 30 intelligibile
416 925 195 30 quiditatiue,
574 925 85 30 hoc
611 925 85 30 tamen

182 948 83 31 est
230 948 83 31 sub
277 948 131 31 ratione
373 948 143 31 communi.
480 948 60 31 &
504 948 95 31 ideo
563 948 119 31 restat
634 948 60 31 spe

186 980 116 40 cialis
268 980 186 40 consyderatio
418 980 104 40 entis
488 980 186 40 imaginabilis
627 980 70 40 ipsi

176 1010 211 32 Mathematico.
348 1010 92 32 hoc
400 1010 119 32 autem
480 1010 106 32 isti
546 1010 132 32 videre
625 1010 66 32 non

187 1044 164 30 poruerunt.
316 1044 70 30 Si
351 1044 152 30 replices,
468 1044 105 30 dicam
526 1044 164 30 pariformiter

186 1070 70 36 de
221 1070 151 36 Naturali,
338 1070 93 36 quia
396 1070 105 36 ponam
466 1070 93 36 quod
524 1070 163 36 consyderat
641 1070 58 36 qui

179 1106 144 38 ditatiue
287 1106 96 38 omne
347 1106 168 38 sensibile,
478 1106 84 38 cum
526 1106 168 38 consyderet
646 1106 48 38 de

175 1133 107 34 sensu,
250 1133 54 34 &
272 1133 86 34 dico
325 1133 97 34 etiam
390 1133 86 34 quod
443 1133 161 34 quiditatiue
561 1133 129 34 consyderat

174 1166 72 36 de
210 1166 179 36 intellectu.
353 1166 84 36 sed
401 1166 107 36 dicam
472 1166 95 36 quod
532 1166 167 36 consyderat
651 1166 48 36 de

178 1196 93 38 omni
236 1196 209 38 intelligibili,
410 1196 151 38 inquantum
515 1196 174 38 intelligibile

182 1229 86 30 est,
236 1229 54 30 &
257 1229 75 30 sic
300 1229 75 30 non
343 1229 161 30 superfsuunt
472 1229 97 30 aliae
537 1229 150 30 scientiae.
644 1229 43 30 Re

175 1261 157 29 spondetur.
298 1261 90 29 quod
354 1261 78 29 hoc
399 1261 78 29 non
444 1261 112 29 potest
522 1261 101 29 dici,
589 1261 90 29 quia
634 1261 56 29 Na-

176 1290 118 32 turalis
262 1290 75 32 est
305 1290 118 32 artifex
392 1290 151 32 specialis,
510 1290 54 32 &
532 1290 97 32 ratio
596 1290 75 32 sua
628 1290 65 32 for-

174 1324 106 30 malis
245 1324 82 30 est
292 1324 176 30 consyderare
433 1324 94 30 res,
491 1324 70 30 vt
527 1324 164 30 concernunt
644 1324 47 30 ma

178 1354 124 32 teriam
265 1354 186 32 sensibilem,
414 1354 62 32 &
439 1354 124 32 motum.
525 1354 99 32 quia
588 1354 87 32 non
625 1354 62 32 ab-

180 1381 123 38 strabit
269 1381 56 38 a
292 1381 123 38 materia
381 1381 78 38 sua
426 1381 78 38 con
471 1381 157 38 syderatio,
594 1381 90 38 quae
639 1381 56 38 est

181 1413 178 38 principium
321 1413 127 38 sensus
410 1413 64 38 &
436 1413 127 38 motus.
525 1413 102 38 Vnde
576 1413 114 38 Commen.

187 1445 65 38 7.
220 1445 97 38 meta.
284 1445 54 38 &
306 1445 162 38 Aristotelis
435 1445 97 38 dicit
500 1445 86 38 quod
554 1445 86 38 homo
608 1445 75 38 non
640 1445 43 38 po

178 1476 94 38 test
237 1476 153 38 intelligi
354 1476 94 38 iine
413 1476 141 38 carnibus
519 1476 59 38 &
542 1476 141 38 ossibus.
636 1476 59 38 vhi

177 1509 131 29 Commen.
273 1509 72 29 in
308 1509 143 29 comnmes.
416 1509 107 29 dicit
487 1509 95 29 quod
535 1509 155 29 impossibile

182 1538 78 32 est
227 1538 168 32 intelligere
361 1538 157 32 quiditares
484 1538 146 32 naturales
596 1538 90 32 sine
641 1538 56 32 sen

177 1571 68 31 su
211 1571 57 31 &
233 1571 102 31 motu:
302 1571 80 31 sed
347 1571 102 31 ratio
415 1571 216 31 intellegibilis,
586 1571 102 31 inquan-

171 1605 75 29 tum
214 1605 183 29 intelligibile
365 1605 86 29 est,
418 1605 54 29 &
440 1605 97 29 ratio
504 1605 161 29 intellectus
633 1605 75 29 in

175 1634 123 36 quantum
264 1634 168 36 intellectus
398 1634 89 36 est.
454 1634 156 36 abstrahunt
577 1634 56 36 a
600 1634 101 36 sensu
655 1634 34 36 &

172 1660 112 38 motu:
246 1660 62 38 &
271 1660 99 38 ideo
333 1660 99 38 ista
395 1660 112 38 ratio
469 1660 149 38 formalis
568 1660 124 38 consyde-

177 1696 98 34 randi
242 1696 76 34 non
286 1696 109 34 potest
362 1696 87 34 esse
416 1696 152 34 Naturalis,
536 1696 76 34 sed
579 1696 76 34 est
612 1696 76 34 scien

173 1728 97 34 tiae
234 1728 134 34 Diuiuae
331 1728 194 34 appropriata.
489 1728 97 34 Vnde
549 1728 109 34 ratio
610 1728 85 34 entis

172 1756 173 39 inquantum
305 1756 93 39 ens
358 1756 93 39 non
411 1756 93 39 est
465 1756 120 39 magis
531 1756 160 39 abstracta,

180 1795 99 27 quam
241 1795 111 27 ratio
316 1795 185 27 intellectus
464 1795 161 27 inquantum
575 1795 111 27 intelle

175 1819 102 32 ctus,
243 1819 80 32 aut
288 1819 102 32 ratio
356 1819 205 32 intelligibilis
527 1819 148 32 inquantum
641 1819 68 32 in

177 1852 172 33 telligibile,
317 1852 86 33 sunt
371 1852 86 33 enim
425 1852 129 33 rationes
511 1852 183 33 transcendentes,

175 1885 80 29 res
220 1885 91 29 enim
277 1885 103 29 sicut
346 1885 68 29 se
380 1885 114 29 habent
460 1885 68 29 ad
494 1885 160 29 entitatem,
619 1885 80 29 ita
653 1885 46 29 et

707 165 70 45 ad,
747 165 140 45 veritatem,
857 165 70 45 ex.
897 165 60 45 2.
927 165 100 45 primae
998 165 170 45 philosophiae,
1138 165 70 45 tex
1168 165 60 45 com-

711 204 78 30 a.
750 204 78 30 Et
789 204 194 30 confirmatur
944 204 91 30 per
996 204 155 30 Boetium.
1112 204 78 30 in
1138 204 91 30 primo

707 232 71 34 de
743 232 165 34 Trinitate,
873 232 83 34 vbi
920 232 118 34 ponens
1003 232 189 34 differentiam
1144 232 83 34 inter

707 265 105 40 istas
777 265 94 40 tres
836 265 152 40 scientias
953 265 187 40 speculatiuas
1105 265 105 40 penes
1164 265 58 40 mo-

707 296 81 35 dos
754 296 139 35 formales
858 296 196 35 consyderandi,
1019 296 115 35 inquit
1100 296 92 35 quod
1158 296 69 35 in
1181 296 46 35 Na

709 328 146 35 turalibus
821 328 157 35 proceditur
944 328 213 35 rationabiliter,
1124 328 90 35 quia
1169 328 56 35 est

708 358 70 31 de
743 358 105 31 rebus
814 358 187 31 sensibilibus
966 358 199 31 contingentiae
1129 358 58 31 &
1141 358 82 31 varia

716 387 106 32 lionit
790 387 148 32 subiectis,
906 387 63 32 in
938 387 106 32 qnibus
1012 387 84 32 rara
1065 387 74 32 est
1096 387 127 32 certitudo:

707 421 71 38 in
743 421 190 38 Mathematicis
897 421 261 38 disciplinabiliter,
1122 421 95 38 quia
1170 421 59 38 pro

712 452 135 30 cedimus
810 452 86 30 per
859 452 222 30 imaginationem,
1044 452 74 30 in
1081 452 135 30 Diuinis
1167 452 62 30 au-

706 484 85 30 tem
754 484 255 30 intellectualiter.
973 484 97 30 Idem
1033 484 109 30 etiam
1094 484 133 30 confirmat

707 514 140 32 dominus
809 514 152 32 Albertus
923 514 76 32 in
961 514 165 32 principio
1088 514 102 32 suae
1139 514 89 32 meta.

712 542 54 35 &
734 542 141 35 sententia
843 542 109 35 Arist.
919 542 130 35 expresse
1016 542 76 35 in.
1060 542 65 35 6.
1093 542 109 35 primae
1158 542 65 35 phi-

711 574 147 36 losophiae,
827 574 63 36 in
859 574 84 36 tex.
911 574 84 36 com.
964 574 63 36 2.
996 574 84 36 nam.
1048 574 74 36 cum
1090 574 126 36 screntia
1174 574 53 36 Di-

716 605 83 38 uina
767 605 83 38 illa
819 605 124 38 dicatur,
912 605 62 38 si
943 605 114 38 alicubi
1026 605 103 38 autem,
1098 605 62 38 vt
1119 605 103 38 asserit,

713 635 129 39 diuinum
807 635 82 39 aut
854 635 164 39 honorabile
983 635 141 39 existit,
1088 635 70 39 in
1124 635 94 39 tali
1170 635 59 39 na-

710 672 82 27 tura
761 672 124 27 existit,
854 672 144 27 videlicet,
967 672 82 27 quae
1019 672 72 27 est
1060 672 134 27 abstracta
1153 672 72 27 vtro-

708 702 89 29 que
759 702 115 29 modo.
836 702 102 29 modo
900 702 102 29 omne
963 702 102 29 tale
1027 702 89 29 est
1065 702 166 29 intellectus

709 731 55 31 &
731 731 197 31 intelligibile.
895 731 55 31 &
917 731 88 31 ista
972 731 99 31 ratio
1038 731 77 31 est
1082 731 121 31 Diuini,
1169 731 77 31 non

715 759 130 32 naturalis,
817 759 84 32 licet
873 759 84 32 etiam
929 759 65 32 sit
966 759 56 32 de
994 759 130 32 abstractis
1097 759 112 32 secundum
1180 759 65 32 in

715 790 145 37 differenti
829 790 73 37 im.
870 790 73 37 Sic
912 790 104 37 igitur
984 790 93 37 patet
1047 790 83 37 quod
1088 790 135 37 intellectus

712 824 152 40 inquantum
829 824 187 40 intellectus,
981 824 140 40 pertinet
1086 824 70 40 ad
1109 824 117 40 Diuinum,

710 852 61 38 &
734 852 97 38 omne
795 852 206 38 intelligibile
965 852 158 38 inquantum
1074 852 146 38 intelligi-

714 884 110 32 bile,
787 884 110 32 sicut
861 884 98 32 omne
922 884 86 32 ens
971 884 159 32 inquantum
1093 884 98 32 ens.
1155 884 61 32 &
1167 884 61 32 ita

711 915 82 31 hoc
758 915 82 31 non
805 915 82 31 est
852 915 164 31 Naturalis.
981 915 70 31 Ad
1016 915 105 31 aliud
1075 915 152 31 respondetur

706 948 96 38 quod
766 948 96 38 isti
826 948 192 38 aequiuocant.
983 948 84 38 nam
1031 948 120 38 natura
1103 948 132 38 quandoque

711 975 133 36 sumitur
807 975 84 36 pro
856 975 96 36 omni
916 975 145 36 essentia
1024 975 60 36 &
1048 975 181 36 substantia,
1193 975 60 36 &

711 1013 163 28 quandoque
836 1013 138 28 sumitur
936 1013 150 28 proprie,
1048 1013 75 28 vt
1086 1013 75 28 de
1123 1013 75 28 ea
1148 1013 75 28 con-

715 1043 128 33 syderat
809 1043 163 33 Naturalis,
937 1043 70 33 vt
972 1043 82 33 est
1019 1043 163 33 principium
1136 1043 93 33 motus.

716 1071 122 35 Aliter
801 1071 98 35 enim
863 1071 196 35 consyderatur
1022 1071 122 35 natura
1108 1071 73 35 in
1132 1071 98 35 scien-

715 1108 78 33 tia
760 1108 123 33 Diuina,
849 1108 56 33 &
871 1108 112 33 aliter
950 1108 67 33 in
983 1108 134 33 scientia
1084 1108 145 33 Naturali,
1184 1108 45 33 vt

710 1133 119 37 scribit
797 1133 130 37 Comment.
894 1133 76 37 in.
937 1133 65 37 3.
970 1133 97 37 meta.
1034 1133 86 37 com.
1088 1133 65 37 3.
1121 1133 86 37 Dico
1164 1133 65 37 igi-

712 1163 71 38 tur
752 1163 81 38 quod
803 1163 71 38 in.
843 1163 61 38 3.
873 1163 61 38 de
904 1163 101 38 anima.
974 1163 81 38 com.
1025 1163 71 38 17.
1065 1163 71 38 dum
1106 1163 101 38 Arist.
1166 1163 71 38 dicit

708 1194 80 32 in
748 1194 107 32 omni
815 1194 134 32 natura
908 1194 107 32 dari
975 1194 120 32 vnum,
1055 1194 107 32 quod
1122 1194 94 32 est
1162 1194 67 32 om-

707 1229 81 30 nia
753 1229 127 30 facere,
845 1229 127 30 sumitur
937 1229 81 30 pro
983 1229 92 30 omni
1040 1229 173 30 substantia,
1167 1229 58 30 seu

712 1256 147 42 essentia.
825 1256 91 42 Vnde
882 1256 79 42 sic
927 1256 68 42 in
961 1256 113 42 natura
1040 1256 113 42 entium
1120 1256 79 42 est
1154 1256 79 42 vnum.

709 1293 101 35 quod
773 1293 89 35 est
823 1293 114 35 omnia
899 1293 114 35 fieri
976 1293 76 35 vt
1014 1293 152 35 materia,
1128 1293 63 35 &
1140 1293 89 35 vnum,

718 1324 97 37 quod
778 1324 85 37 est
827 1324 109 37 omnia
899 1324 133 37 facere.
996 1324 60 37 &
1020 1324 97 37 illo
1080 1324 97 37 modo
1128 1324 97 37 primus

712 1352 108 34 motor
784 1352 120 34 natura
868 1352 144 34 dicitur:
976 1352 96 34 quia
1035 1352 72 34 vt
1071 1352 132 34 scribit
1155 1352 72 34 Com.

711 1383 76 30 12.
755 1383 98 30 meta.
820 1383 87 30 com.
874 1383 76 30 17.
918 1383 98 30 omnes
983 1383 109 30 formae
1060 1383 87 30 sunt
1114 1383 65 30 in
1136 1383 87 30 poten-

707 1420 81 35 tia
754 1420 70 35 in
789 1420 104 35 prima
858 1420 139 35 materia,
962 1420 58 35 &
986 1420 93 35 sunt
1044 1420 70 35 in
1078 1420 93 35 actu
1136 1420 70 35 in
1159 1420 70 35 pri-

711 1450 82 33 mo
752 1450 150 33 motore:
862 1450 123 33 tamen
944 1450 137 33 primus
1040 1450 123 33 motor
1122 1450 96 33 non
1163 1450 68 33 est

713 1477 123 35 natura,
802 1477 67 35 vt
836 1477 146 35 definitur
948 1477 67 35 in
982 1477 146 35 Physicis,
1094 1477 90 35 immo
1150 1477 67 35 ex
1172 1477 56 35 hoc

714 1509 171 29 excluditur
848 1509 61 29 a
873 1509 220 29 consyderatione
1057 1509 147 29 Naturali
1155 1509 73 29 qui-

708 1541 160 32 ditatiua,
831 1541 99 32 quia
892 1541 86 32 non
942 1541 111 32 habet
1016 1541 74 32 in
1053 1541 74 32 se
1077 1541 148 32 principium

711 1569 113 33 motus,
790 1569 68 33 vt
824 1569 113 33 patet.
903 1569 68 33 2.
936 1569 135 33 physico.
1038 1569 124 33 commen.
1128 1569 79 33 73.
1162 1569 68 33 illo

712 1605 100 29 modo
774 1605 113 29 etiam
849 1605 213 29 intelligentia
1024 1605 138 29 dicitur
1112 1605 113 29 natura.

710 1633 97 33 Vnde
770 1633 97 33 Com.
831 1633 72 33 in
867 1633 157 33 principio
988 1633 109 33 libri
1060 1633 72 33 de
1084 1633 145 33 substantia

713 1661 108 36 orbis
785 1661 133 36 inquit.
882 1661 169 36 Declaratum
1014 1661 84 36 est
1062 1661 133 36 corpora
1147 1661 84 36 coele

706 1693 93 37 stia
764 1693 93 37 esse
822 1693 150 37 composita
938 1693 69 37 ex
973 1693 116 37 duabus
1053 1693 139 37 naturis,
1146 1693 81 37 sicut

711 1726 138 35 corpora
812 1726 188 35 generabilia
962 1726 63 35 &
987 1726 213 35 corruptibilia
1150 1726 75 35 com-

723 1758 146 35 onuntur.
832 1758 85 35 Sed
881 1758 73 35 in
917 1758 109 35 libro
990 1758 73 35 de
1027 1758 146 35 partibus
1124 1758 97 35 anima.

710 1791 108 34 lium,
782 1791 120 34 quando
865 1791 179 34 Philosophus
1009 1791 108 34 dicit
1081 1791 96 34 quod
1140 1791 84 34 non
1176 1791 48 34 om

710 1820 88 30 nis
761 1820 113 30 anima
836 1820 88 30 est
887 1820 139 30 natura,
988 1820 113 30 sumit
1063 1820 139 30 naturam
1151 1820 76 30 pro-

722 1849 83 33 rie,
773 1849 62 33 vt
805 1849 73 33 est
846 1849 124 33 definita
939 1849 62 33 in
970 1849 135 33 Physicis.
1074 1849 83 33 quia
1115 1849 104 33 intelie-

704 1881 109 33 ctus
773 1881 137 33 medium
868 1881 109 33 illo
937 1881 109 33 mado
1005 1881 137 33 natura
1101 1881 96 33 non
1142 1881 82 33 est.
