1416 2066
241 180 91 38 Et.
293 180 78 38 d.
332 180 78 38 Et
371 180 130 38 illud,
462 180 91 38 per
514 180 104 38 quod
579 180 169 38 nutritur,
709 180 91 38 &c.
761 180 78 38 i.
799 180 65 38 &
825 180 130 38 illud,
916 180 91 38 per
968 180 104 38 quod
1033 180 169 38 completur
1163 180 117 38 actio
1228 180 65 38 nu-

236 217 171 51 trimenti,
368 217 92 51 est
420 217 132 51 duplex
512 217 158 51 scilicet
631 217 132 51 primum
723 217 145 51 mouens,
828 217 105 51 quod
894 217 92 51 non
947 217 145 51 mouetur
1052 217 92 51 cum
1105 217 132 51 mouet:
1197 217 66 51 &
1210 217 66 51 pri

242 266 106 40 mum
303 266 167 40 mouens,
424 266 122 40 quod
500 266 137 40 mouet
592 266 76 40 &
622 266 183 40 mouetur,
759 266 76 40 &
789 266 106 40 est
850 266 152 40 illud,
957 266 122 40 quod
1033 266 106 40 est
1093 266 91 40 de
1139 266 137 40 primo
1215 266 61 40 mo

246 298 114 49 tore
317 298 128 49 quasi
402 298 199 49 subiectum.
558 298 71 49 &
586 298 142 49 primus
686 298 128 49 motor
771 298 85 49 de
814 298 85 49 eo
856 298 128 49 quasi
941 298 142 49 forma.
1041 298 85 49 Et
1083 298 85 49 de
1126 298 114 49 hoc,
1197 298 114 49 quod

239 337 132 50 dixit,
331 337 145 50 quaedam
436 337 184 50 declarauit
581 337 105 50 hic,
647 337 66 50 &
673 337 145 50 quaedam
778 337 79 50 in
818 337 184 50 sermonibus
962 337 237 50 vniversalibus.
1160 337 105 50 Quod
1212 337 66 50 igi

240 375 89 44 tur
291 375 178 44 declaratum
431 375 89 44 est
482 375 102 44 hic,
546 375 89 44 est
597 375 102 44 quod
661 375 115 44 anima
737 375 166 44 nutritiua
865 375 89 44 est
916 375 127 44 primum
1005 375 127 44 mouens
1094 375 76 44 in
1132 375 115 44 cibo,
1209 375 102 44 quod

235 420 111 37 agit
304 420 83 37 in
346 420 111 37 cibo
415 420 97 37 per
470 420 166 37 calorem,
595 420 97 37 per
650 420 111 37 quem
719 420 97 37 fit
775 420 180 37 digestio.
913 420 125 37 vtrum
996 420 125 37 autem
1079 420 152 37 oportet
1190 420 83 37 vt
1218 420 55 37 mo

243 453 108 50 ueat,
315 453 60 50 &
339 453 84 50 non
387 453 156 50 moueatur,
507 453 144 50 secundum
615 453 96 50 quod
675 453 84 50 est
723 453 120 50 primum
808 453 132 50 mouens,
904 453 60 50 &
928 453 96 50 quod
988 453 108 50 calor
1060 453 132 50 moueat,
1156 453 84 50 ita
1204 453 96 50 quod

244 500 158 39 moueatur
362 500 66 39 a
389 500 118 39 primo
467 500 145 39 motore,
573 500 92 39 hoc
625 500 184 39 declaratum
770 500 92 39 est
823 500 79 39 in
862 500 184 39 sermonibus
1007 500 237 39 vniversalibus.
1191 500 92 39 decla

247 531 126 40 ratum
331 531 98 40 est
387 531 112 40 enim
457 531 126 40 illic
541 531 112 40 quod
611 531 126 40 omnis
695 531 140 40 primus
793 531 140 40 motor,
891 531 84 40 si
933 531 140 40 fuerit
1031 531 196 40 corporalis
1171 531 112 40 compo-

237 572 122 39 nitur
319 572 81 39 ex
360 572 136 39 motore
454 572 95 39 non
509 572 122 39 moto,
590 572 68 39 &
617 572 81 39 ex
658 572 136 39 motore
753 572 122 39 moto,
834 572 163 39 secundum
956 572 109 39 quod
1024 572 203 39 componuntur
1187 572 95 39 res
1228 572 54 39 ex

248 612 159 39 materia
363 612 72 39 &
392 612 145 39 forma.
494 612 101 39 Sed
552 612 101 39 est
610 612 188 39 dubitatio
755 612 87 39 in
798 612 116 39 hoc,
870 612 116 39 quod
943 612 145 39 dixit.
1044 612 130 39 Motus
1131 612 116 39 enim
1189 612 87 39 vir-

239 650 123 49 tutis
321 650 191 49 nutritiuae
471 650 95 49 est
526 650 82 49 in
567 650 164 49 capitulo
689 650 232 49 alterationis:
880 650 68 49 &
908 650 136 49 illud,
1003 650 109 49 quod
1071 650 150 49 mouetur
1181 650 82 49 ex
1208 650 68 49 se,

236 687 133 50 quod
319 687 232 50 componitur
501 687 99 50 ex
551 687 166 50 motore
667 687 116 50 non
733 687 149 50 moto,
833 687 83 50 &
866 687 99 50 ex
916 687 166 50 motore
1032 687 149 50 moto,
1131 687 116 50 non
1197 687 116 50 in¬

242 732 156 39 uenitur
355 732 113 39 nisi
426 732 85 39 in
469 732 113 39 motu
540 732 156 39 locali.
653 732 85 39 In
696 732 113 39 motu
767 732 128 39 autem
852 732 227 39 alterationis
1036 732 99 39 non
1093 732 184 39 inuenitur
1220 732 57 39 mo

237 768 90 43 tum
288 768 77 43 ex
327 768 90 43 se.
378 768 90 43 non
429 768 102 43 enim
493 768 90 43 est
544 768 141 43 necesse
646 768 102 43 quod
710 768 128 43 primum
800 768 153 43 alterans
915 768 166 43 corporeum
1043 768 179 43 alteretur,
1183 768 64 43 &
1196 768 77 43 tunc

246 807 153 44 alteret,
361 807 115 44 sicut
438 807 89 44 est
489 807 140 44 necesse
591 807 77 44 in
629 807 115 44 primo
706 807 128 44 motore
795 807 153 44 corporeo
910 807 153 44 scilicet
1025 807 77 44 vt
1063 807 89 44 non
1114 807 128 44 moueat
1203 807 77 44 in
1229 807 51 44 lo

246 848 87 40 co,
295 848 99 40 nisi
357 848 161 40 moueatur.
481 848 136 40 Quomodo
580 848 124 40 igitur
667 848 112 40 dixit
742 848 87 40 hic
791 848 99 40 quod
853 848 136 40 alterum
953 848 112 40 eorum
1027 848 87 40 est
1077 848 124 40 mouens
1163 848 62 40 &
1176 848 99 40 motum,

236 883 69 48 &
264 883 151 48 alterum
374 883 138 48 mouens
470 883 151 48 tantum:
580 883 69 48 &
608 883 124 48 dedit
690 883 165 48 exemplum
814 883 83 48 de
855 883 124 48 rebus
938 883 193 48 mouentibus
1089 883 83 48 in
1131 883 110 48 loo:
1199 883 83 48 &,
1227 883 55 48 si

239 924 97 40 hic
295 924 125 40 esset
378 924 153 40 locutus
489 924 83 40 de
531 924 111 40 motu
600 924 139 40 locali
697 924 194 40 animalium,
850 924 111 40 tunc
919 924 167 40 exemplum
1044 924 125 40 esset
1127 924 139 40 verum.
1211 924 69 40 Di-

244 964 127 39 camus
328 964 141 39 igitur
427 964 155 39 quoniam
540 964 197 39 propinquum
695 964 169 39 alterans
821 964 127 39 cibum
906 964 127 39 debet
990 964 113 39 esse
1061 964 141 39 corpus
1145 964 127 39 manife-

236 1004 119 40 stum
310 1004 119 40 est.
385 1004 164 40 Quoniam
504 1004 119 40 vero
578 1004 149 40 corpus
682 1004 178 40 alterans
816 1004 104 40 non
876 1004 178 40 sufficit
1009 1004 89 40 in
1054 1004 164 40 essendo
1158 1004 119 40 primum

237 1044 130 39 mouens
328 1044 117 39 istud
406 1044 130 39 motum,
497 1044 182 39 declaratum
640 1044 91 39 est
692 1044 130 39 prius,
783 1044 130 39 quando
874 1044 78 39 d.
913 1044 104 39 quod
978 1044 117 39 calor
1056 1044 91 39 non
1108 1044 156 39 sufficit
1225 1044 78 39 in

243 1083 128 48 agendo
333 1083 153 48 actionem
447 1083 191 48 alteratiuam
601 1083 191 48 terminatam,
754 1083 102 48 nisi
818 1083 89 48 sit
869 1083 115 48 illic
945 1083 102 48 alia
1009 1083 140 48 virtus,
1111 1083 102 48 quae
1175 1083 89 48 non
1213 1083 64 48 est

240 1123 141 40 corpus,
343 1123 90 40 sed
394 1123 90 40 est
446 1123 77 40 in
485 1123 154 40 corpore.
600 1123 129 40 corpus
690 1123 141 40 igitur,
793 1123 103 40 quod
858 1123 90 40 est
909 1123 129 40 primum
999 1123 167 40 alterans,
1115 1123 167 40 componitur,

244 1160 67 43 ex
277 1160 156 43 alterante,
400 1160 89 43 quod
456 1160 78 43 non
500 1160 145 43 alteratur
612 1160 134 43 scilicet
712 1160 89 43 aia,
768 1160 56 43 &
790 1160 67 43 ex
824 1160 145 43 alterante
935 1160 134 43 alterato
1036 1160 134 43 scilicet
1136 1160 112 43 calore
1203 1160 78 43 natu-

239 1210 105 38 rali.
309 1210 163 38 Declaratum
438 1210 82 38 est
484 1210 117 38 igitur
566 1210 93 38 quod
624 1210 117 38 illud,
706 1210 82 38 per
752 1210 93 38 quod
811 1210 82 38 fit
857 1210 187 38 nutrimentum,
1009 1210 70 38 ex
1044 1210 117 38 duplex
1125 1210 140 38 scilicet
1219 1210 58 38 al-

237 1237 149 45 terans
341 1237 104 45 non
401 1237 268 45 alteratumsomne
624 1237 119 45 enim
699 1237 193 45 alteratum
847 1237 104 45 est
907 1237 164 45 corpus,
1026 1237 74 45 &
1056 1237 134 45 istud
1145 1237 104 45 est
1190 1237 89 45 ani-

237 1282 93 40 ma,
290 1282 67 40 &
317 1282 93 40 est
370 1282 160 40 alterans
490 1282 173 40 alteratum
623 1282 160 40 scilicet
743 1282 120 40 calor
822 1282 186 40 naturalis.
969 1282 93 40 Hoc
1022 1282 133 40 igitur
1115 1282 120 40 nomen
1182 1282 93 40 motus

240 1318 130 44 large,
331 1318 65 44 &
357 1318 220 44 vniuersaliter
538 1318 169 44 accipitur
668 1318 78 44 in
707 1318 91 44 hoc
759 1318 117 44 loco.
836 1318 65 44 &
862 1318 156 44 secundum
979 1318 104 44 hanc
1044 1318 207 44 expositionem
1212 1318 91 44 non

238 1355 164 41 indigetur
365 1355 114 41 illo,
441 1355 101 41 quod
504 1355 177 41 declaratum
643 1355 88 41 est
693 1355 76 41 in
731 1355 101 41 illo
795 1355 139 41 sermone
896 1355 152 41 scilicet
1010 1355 101 41 quod
1073 1355 126 41 primus
1161 1355 114 41 motor
1224 1355 51 41 in

238 1395 127 40 loco
317 1395 222 40 componitur
492 1395 95 40 ex
539 1395 158 40 motore
650 1395 111 40 non
714 1395 143 40 moto,
809 1395 79 40 &
840 1395 95 40 ex
888 1395 158 40 motore
999 1395 143 40 moto.
1094 1395 95 40 Et
1126 1395 158 40 possumus

245 1436 132 39 dicere
337 1436 105 39 quod
403 1436 118 39 calor
482 1436 171 39 naturalis
613 1436 92 39 non
666 1436 145 39 alterat
771 1436 132 39 cibum,
863 1436 105 39 nisi
929 1436 118 39 primo
1008 1436 158 39 moueatur
1126 1436 79 39 in
1166 1436 118 39 loco.
1231 1436 53 39 de

243 1476 174 39 claratum
373 1476 101 39 est
431 1476 116 39 enim
503 1476 116 39 quod
576 1476 130 39 motus
662 1476 159 39 localis
778 1476 188 39 antecedit
923 1476 174 39 caeteros
1053 1476 145 39 motus:
1155 1476 72 39 &
1169 1476 116 39 maxime

245 1515 113 40 istum
321 1515 126 40 motum,
409 1515 88 40 qui
459 1515 88 40 est
509 1515 176 40 terminatus
647 1515 151 40 scilicet
760 1515 88 40 qui
810 1515 138 40 alterat
911 1515 88 40 rem
961 1515 75 40 in
999 1515 100 40 alia
1062 1515 113 40 hora,
1137 1515 63 40 &
1162 1515 100 40 alia
1212 1515 63 40 non

240 1554 67 40 &
266 1554 121 40 etiam
347 1554 94 40 non
400 1554 147 40 alterat
507 1554 147 40 tamtum,
615 1554 94 40 sed
668 1554 161 40 attrahit
789 1554 67 40 &
815 1554 161 40 expellit
936 1554 134 40 cibum.
1030 1554 67 40 &
1056 1554 94 40 hoc
1110 1554 94 40 est
1163 1554 121 40 motus
1230 1554 54 40 lo

237 1592 137 43 calis.
333 1592 82 43 Et
375 1592 165 43 secundum
498 1592 110 43 hanc
567 1592 220 43 expositionem
746 1592 110 43 erit
815 1592 220 43 demonstratio
993 1592 192 43 manifesta.
1145 1592 96 43 Sed
1186 1592 96 43 prima

239 1631 191 45 expositio
386 1631 162 45 videtur
504 1631 132 45 magis
592 1631 220 45 conueniens:
768 1631 73 45 &
797 1631 132 45 etiam
885 1631 117 45 fuit
959 1631 176 45 exemplum
1091 1631 176 45 largiter
1209 1631 73 45 ac-

238 1669 162 41 ceptum.
356 1669 132 41 manus
444 1669 117 41 enim
517 1669 103 41 non
576 1669 103 41 est
635 1669 147 41 primus
738 1669 132 41 motor
826 1669 147 41 nauis,
929 1669 103 41 qui
987 1669 103 41 non
1046 1669 176 41 mouetur,
1178 1669 103 41 sed
1222 1669 59 41 ip

244 1710 76 45 se
282 1710 191 45 gubernator.
435 1710 89 45 Et,
486 1710 89 45 cum
537 1710 178 45 declarauit
677 1710 102 45 quod
741 1710 115 45 anima
817 1710 166 45 nutritiua
945 1710 89 45 est
996 1710 115 45 forma
1072 1710 76 45 in
1110 1710 153 45 corpore,
1212 1710 64 45 cum

246 1749 197 44 propinquum
401 1749 169 44 alterans
527 1749 155 44 corpus,
639 1749 112 44 quod
710 1749 98 44 est
766 1749 141 44 cibus,
864 1749 197 44 necessario
1019 1749 126 44 debet
1103 1749 112 44 esse
1160 1749 126 44 corpus:

244 1788 65 39 &
270 1788 104 39 quod
335 1788 117 39 forma
413 1788 91 39 sit
465 1788 156 39 alterans
582 1788 91 39 non
634 1788 169 39 alterata,
764 1788 91 39 cum
816 1788 91 39 sit
868 1788 91 39 non
920 1788 143 39 corpus:
1024 1788 65 39 &
1050 1788 104 39 quod
1115 1788 130 39 corpus
1193 1788 91 39 alte-

237 1827 112 40 rans
307 1827 98 40 est
363 1827 195 40 alteratum,
516 1827 168 40 incoepit
642 1827 181 40 declarare
781 1827 112 40 quid
851 1827 98 40 est
907 1827 98 40 hoc
963 1827 154 40 corpus,
1075 1827 70 40 &
1103 1827 70 40 d
1130 1827 84 40 Et
1158 1827 126 40 oportet

234 1868 207 39 necessario
397 1868 89 39 vt
441 1868 118 39 omne
515 1868 236 39 nutrimentum,
707 1868 103 39 &c.
766 1868 133 39 idest
855 1868 74 39 &
884 1868 162 39 oportet
1002 1868 207 39 necessario
1165 1868 89 39 vt
1194 1868 89 39 omne
