1416 2066
183 184 126 47 Istud
267 184 182 47 capitulum
407 184 126 47 ponst
491 184 182 47 intelligi
631 184 140 47 tribus
728 184 140 47 modis.
826 184 140 47 Quorum
924 184 112 47 vnus
994 184 98 47 est
1050 184 168 47 secundum
1162 184 84 47 opi-

181 227 148 43 nionem
285 227 133 43 Alex.
374 227 89 43 Et
418 227 178 43 secundus
552 227 178 43 secundum
685 227 193 43 opinionem
834 227 237 43 Theophrasti,
1027 227 74 43 &
1056 227 163 43 aliorum
1160 227 89 43 expo

197 260 174 46 sitorum.
327 260 87 46 Et
370 260 159 46 tertius
486 260 174 46 secundum
616 260 203 46 opinionem,
775 260 116 46 quam
848 260 101 46 nos
906 260 217 46 narrauimus:
1079 260 72 46 &
1108 260 101 46 est
1152 260 101 46 magis

199 300 161 39 manifestum
325 300 138 39 secundum
429 300 115 39 verba.
509 300 115 39 Potest
590 300 92 39 enim
647 300 150 39 intelligi
762 300 138 39 secundum
866 300 104 39 Alex.
935 300 92 39 quod
992 300 161 39 intendebat
1119 300 81 39 per
1153 300 92 39 intel-

195 340 149 41 lectum
299 340 89 41 in
344 340 178 41 potentia
478 340 268 41 praeparationem
701 340 208 41 existentem
864 340 89 41 in
909 340 223 41 complexione
1087 340 164 41 humana.
1191 340 45 41 s

199 376 96 49 quod
259 376 143 49 potentia
366 376 60 49 &
390 376 191 49 praeparatio,
546 376 96 49 quae
605 376 84 49 est
653 376 72 49 in
689 376 120 49 homine
773 376 72 49 ad
809 376 179 49 recipiendum
952 376 203 49 intellecundum
1119 376 72 49 in
1143 376 96 49 respe-

204 419 80 48 ctu
249 419 195 48 vniuscuiusque
410 419 160 48 indiuidui,
536 419 80 48 est
582 419 103 48 prior
650 419 103 48 tpere
719 419 160 48 intellectu
845 419 126 48 agente:
937 419 206 48 simpeisriciter
1109 419 103 48 autem
1166 419 80 48 intel

201 460 118 39 lectus
284 460 106 39 agens
355 460 83 39 est
402 460 118 39 prior.
484 460 83 39 Et,
531 460 83 39 cum
579 460 118 39 dixit.
661 460 106 39 neque
732 460 83 39 est
779 460 153 39 quandoque
897 460 189 39 intelligens,
1050 460 59 39 &
1074 460 153 39 quandoque
1180 460 59 39 non

195 494 167 46 intendit
320 494 209 46 intellectum
487 494 167 46 agentem.
613 494 97 46 Et,
668 494 97 46 cum
724 494 139 46 dixit.
821 494 97 46 Et,
877 494 97 46 cum
933 494 139 46 fuerit
1030 494 209 46 abstractus,
1183 494 70 46 est

200 542 108 44 quod
267 542 94 44 est
321 542 148 44 tantum,
428 542 94 44 non
482 542 175 44 mortalis.
617 542 162 44 intendit
738 542 108 44 quod
806 542 108 44 iste
873 542 215 44 intellectus,
1048 542 94 44 cum
1102 542 135 44 fuerit
1183 542 67 44 co-

196 572 144 52 pulatus
300 572 78 52 in
340 572 131 52 nobis,
431 572 65 52 &
457 572 235 52 intellexerimus
653 572 91 52 per
705 572 117 52 illum
783 572 104 52 alia
848 572 131 52 entia,
940 572 157 52 secundum
1057 572 104 52 quod
1123 572 91 52 est
1162 572 78 52 for-

197 620 82 39 ma
238 620 123 39 nobis
320 620 109 39 ipse
389 620 137 39 solus,
485 620 109 39 tunc
553 620 123 39 inter
635 620 137 39 partes
731 620 205 39 intellectus
895 620 96 39 est
950 620 96 39 non
1005 620 178 39 mortalis.
1142 620 109 39 D.d.
1196 620 55 39 Et

197 653 90 53 non
249 653 206 53 rememoramur,
416 653 90 53 &c,
468 653 103 53 haec
532 653 90 53 est
583 653 155 53 quaestio
699 653 116 53 circa
777 653 193 53 intellectum
931 653 155 53 agentem,
1047 653 155 53 secundum
1163 653 103 53 quod

200 693 170 41 copulatur
330 693 131 41 nobis,
422 693 65 41 &
448 693 209 41 intelligimus
618 693 91 41 per
670 693 131 41 illum.
761 693 131 41 Potest
852 693 104 41 enim
918 693 104 41 quis
983 693 131 41 dicere
1074 693 117 41 quod,
1153 693 91 41 cum
1192 693 52 41 in

197 733 230 45 tellexerimus
384 733 101 45 per
441 733 158 45 aliquod
556 733 187 45 aeternum,
700 733 158 45 necesse
815 733 101 45 est
873 733 86 45 vt
916 733 230 45 intelligamus
1103 733 101 45 per
1146 733 101 45 illud

196 772 109 41 idem
265 772 109 41 post
333 772 151 41 mottem,
443 772 123 41 sicut
525 772 123 41 ante.
607 772 68 41 &
634 772 123 41 dixit
716 772 205 41 respondendo
881 772 109 41 quod
949 772 205 41 intellectus
1113 772 109 41 iste
1182 772 96 41 non

201 813 184 54 copulatur
342 813 141 54 nobis,
441 813 113 54 nisi
512 813 170 54 mediante
639 813 113 54 esse
710 813 212 54 intellectus
879 813 198 54 materialis
1035 813 212 54 generabilis
1205 813 71 54 &

204 852 221 45 corruptibilis
386 852 78 45 in
425 852 130 45 nobis:
516 852 78 45 &,
555 852 91 45 cum
607 852 104 45 iste
672 852 195 45 intellectus
827 852 130 45 fuerit
918 852 169 45 corruptus
1048 852 78 45 in
1087 852 130 45 nobis,
1165 852 91 45 neque

197 894 263 40 rememorabimur.
416 894 131 40 Eorte
504 894 146 40 igitur
606 894 131 40 Alex.
694 894 102 40 ita
752 894 175 40 exposuit
883 894 102 40 hoc
942 894 204 40 capitulum:
1102 894 131 40 licet
1175 894 73 40 non

198 929 200 42 viderimus
351 929 246 42 expositionem
552 929 123 42 suam
628 929 92 42 in
675 929 108 42 hoc
736 929 154 42 libro.
844 929 215 42 Themistius
1013 929 138 42 autem
1090 929 154 42 intelli-

203 971 84 49 git
251 971 84 49 per
299 971 216 49 intellecundum,
479 971 84 49 qui
527 971 84 49 est
575 971 72 49 in
611 971 156 49 potentia,
731 971 204 49 intelsecundum
898 971 168 49 materialem
1030 971 180 49 abstractum,
1162 971 84 49 cuius

198 1011 102 51 esse
262 1011 203 51 demonstratum
427 1011 102 51 est.
491 1011 76 51 Et
529 1011 178 51 intelligit
669 1011 89 51 per
720 1011 229 51 intellecundum,
910 1011 114 51 cuius
987 1011 114 51 fecit
1050 1011 191 51 comparationem

201 1047 86 44 cum
250 1047 86 44 hoc
299 1047 208 44 intellecundum
470 1047 147 44 agentem,
581 1047 147 44 secundum
691 1047 98 44 quod
752 1047 184 44 continuatur
899 1047 86 44 cum
948 1047 147 44 intellu,
1058 1047 86 44 qui
1107 1047 86 44 est
1156 1047 74 44 in
1181 1047 61 44 po-

196 1086 157 45 tentia,
310 1086 72 45 &
339 1086 100 45 hoc
396 1086 143 45 quidem
496 1086 100 45 est
554 1086 215 45 intellectus
725 1086 229 45 speculatiuus
911 1086 115 45 apud
983 1086 143 45 ipsum.
1083 1086 100 45 Et,
1140 1086 100 45 cum
1183 1086 72 45 di-

200 1128 87 44 xit.
255 1128 55 44 &
277 1128 76 44 non
320 1128 142 44 quandoque
430 1128 164 44 intelligit,
561 1128 55 44 &
582 1128 142 44 quandoque
692 1128 76 44 non
735 1128 164 44 intelligit.
867 1128 153 44 intelligit
987 1128 131 44 agentem,
1085 1128 131 44 secundum
1183 1128 87 44 quod

202 1163 83 53 non
249 1163 118 53 tangit
332 1163 106 53 intel
403 1163 142 53 secundum
509 1163 177 53 materialem.
651 1163 83 53 Et,
698 1163 83 53 cum
745 1163 71 53 d.
781 1163 83 53 Et,
828 1163 83 53 cum
875 1163 118 53 fuerit
958 1163 177 53 abstractus,
1100 1163 83 53 est
1147 1163 94 53 quod
1194 1163 59 53 est

202 1204 130 47 tantum
293 1204 91 47 non
345 1204 168 47 mortalis,
474 1204 155 47 intendit
591 1204 194 47 intellectum
746 1204 155 47 agentem,
863 1204 155 47 secundum
979 1204 104 47 quod
1044 1204 91 47 est
1096 1204 117 47 forma
1160 1204 91 47 intel

197 1244 136 39 lectui
293 1244 191 39 materiali.
443 1244 68 39 &
470 1244 95 39 hoc
525 1244 95 39 est
579 1244 204 39 intellectus
743 1244 218 39 speculatiuus
920 1244 109 39 apud
988 1244 136 39 ipsum,
1083 1244 68 39 &
1111 1244 109 39 erit
1165 1244 82 39 ista

201 1290 108 47 quodo
273 1290 120 47 contra
357 1290 179 47 intellectum
500 1290 144 47 agentem,
608 1290 144 47 secundum
716 1290 96 47 quod
775 1290 132 47 tangit.
871 1290 203 47 intellecundum
1039 1290 179 47 materialem:
1182 1290 60 47 &
1194 1290 60 47 est

196 1321 203 41 speculatiuus,
363 1321 143 41 secundum
470 1321 95 41 quod
530 1321 83 41 est
578 1321 107 41 forma
649 1321 179 41 intellectui
792 1321 167 41 materiali:
923 1321 60 41 &
947 1321 83 41 hoc
995 1321 83 41 est
1042 1321 179 41 intellectus
1173 1321 72 41 spe-

202 1369 201 43 culatiuus.
359 1369 115 43 Sed,
431 1369 100 43 cum
488 1369 143 43 dixit.
589 1369 86 43 Et
632 1369 100 43 non
689 1369 229 43 rememoramur.
875 1369 129 43 dicit
961 1369 115 43 quod
1033 1369 158 43 remotum
1148 1369 100 43 est
1191 1369 57 43 vt

198 1402 94 49 ista
257 1402 153 49 dubitatio
375 1402 71 49 ab
410 1402 118 49 Arist.
492 1402 82 49 sit
539 1402 106 49 circa
610 1402 188 49 intellectum,
763 1402 94 49 nisi
822 1402 141 49 secundum
927 1402 94 49 quod
986 1402 176 49 intellectus
1127 1402 106 49 agens
1186 1402 59 49 est

192 1444 126 39 forma
276 1444 84 39 in
318 1444 140 39 nobis.
416 1444 126 39 Dicit
501 1444 112 39 enim
571 1444 112 39 quod
641 1444 154 39 ponenti
753 1444 210 39 intellectum
921 1444 154 39 agentem
1034 1444 112 39 esse
1090 1444 154 39 aeternum,

197 1480 67 52 &
223 1480 200 52 intellectum
383 1480 213 52 speculatiuum
557 1480 107 52 esse
623 1480 93 52 non
677 1480 173 52 aeternum,
810 1480 93 52 non
863 1480 173 52 contingit
997 1480 107 52 haec
1063 1480 107 52 quod
1117 1480 133 52 scilicet

197 1517 145 46 quare
293 1517 112 46 non
358 1517 241 46 rememoramur
550 1517 129 46 post
631 1517 177 46 mortem,
759 1517 129 46 quod
839 1517 257 46 intelligimus
1048 1517 96 46 in
1096 1517 145 46 vita.
1177 1517 64 46 Et

202 1563 105 48 est,
268 1563 119 48 sicut
347 1563 119 48 dxit.
426 1563 132 48 ponere
518 1563 105 48 enim
584 1563 119 48 istam
663 1563 145 48 quodnem
768 1563 119 48 circa
847 1563 198 48 intellectum
1005 1563 158 48 agentem,
1110 1563 132 48 secundum

201 1603 101 32 quod
265 1603 88 32 est
315 1603 152 32 adeptus:
429 1603 76 32 vt
467 1603 114 32 Alex.
543 1603 126 32 dicit,
631 1603 139 32 temotum
732 1603 101 32 est.
796 1603 152 32 Scientia
909 1603 101 32 enim
973 1603 152 32 existens
1086 1603 76 32 in
1124 1603 114 32 nobis
1187 1603 51 32 in

197 1635 226 41 dispositione
380 1635 198 41 adeptionis
536 1635 184 41 aequiuoce
677 1635 155 41 dicitur
790 1635 99 41 cum
847 1635 169 41 scientia
974 1635 85 41 in
1016 1635 127 41 nobis
1087 1635 155 41 existente

202 1683 86 40 per
251 1683 147 40 naturam,
361 1683 61 40 &
385 1683 208 40 discliplinam.
556 1683 98 40 Ista
617 1683 122 40 igitur
703 1683 122 40 quodo,
788 1683 73 40 vt
825 1683 147 40 apparet,
935 1683 86 40 non
984 1683 86 40 est
1032 1683 98 40 nisi
1093 1683 73 40 in
1118 1683 122 40 scientia

200 1717 161 46 existente
323 1717 86 46 per
373 1717 148 46 naturam.
484 1717 185 46 Impossibile
632 1717 86 46 est
681 1717 99 46 enim
743 1717 74 46 vt
780 1717 99 46 issa
842 1717 99 46 quod
904 1717 86 46 sit
953 1717 99 46 nisi
1015 1717 111 46 circa
1076 1717 161 46 cognitionem

201 1752 186 44 aeternam,
344 1752 200 44 existentem
501 1752 86 44 in
544 1752 143 44 nobis,
644 1752 100 44 aut
701 1752 100 44 per
759 1752 172 44 naturam,
887 1752 86 44 vt
930 1752 129 44 dicit
1016 1752 215 44 Themistius,
1173 1752 72 44 aut

204 1803 84 38 per
252 1803 108 38 intel
324 1803 144 38 lecundum
433 1803 132 38 adeptum
529 1803 72 38 in
565 1803 156 38 postremo.
685 1803 96 38 Quia
746 1803 120 38 igitur
830 1803 96 38 haec
890 1803 96 38 quod
950 1803 96 38 apud
1010 1803 144 38 Themist.
1119 1803 84 38 est
1155 1803 84 38 circa

202 1833 196 47 intellecundum
364 1833 196 47 speculatiuum,
526 1833 58 47 &
549 1833 127 47 initium
641 1833 138 47 sermonis
745 1833 115 47 Arist.
826 1833 81 47 est
872 1833 69 47 de
906 1833 162 47 intellectu
1033 1833 127 47 agente,
1126 1833 92 47 ideo
1172 1833 69 47 opi-

198 1876 95 47 natus
262 1876 84 47 fuit
314 1876 84 47 quod
367 1876 158 47 intellectus
493 1876 168 47 speculatiuus
630 1876 74 47 est
672 1876 95 47 agens
736 1876 84 47 apud
788 1876 105 47 Arist.
862 1876 126 47 secundum
957 1876 84 47 quod
1009 1876 105 47 tangit
1083 1876 95 47 intel
1136 1876 105 47 secundum
