1416 2066
243 172 158 73 animal:
358 172 144 73 neque,
458 172 86 73 si
501 172 101 73 sit
559 172 144 73 animal
659 172 129 73 alium
745 172 158 73 praeter
860 172 101 73 eum
918 172 144 73 habeat
1018 172 158 73 necesse
1133 172 115 73 est.
1190 172 101 73 Quam-

259 228 133 47 obrem
348 228 163 47 caetera
467 228 148 47 quidem
570 228 207 47 sensibilia
733 228 148 47 animal
837 228 207 47 excessibus
1000 228 104 47 non
1059 228 193 47 corrumput
1192 228 104 47 suis,

255 276 84 46 ut
297 276 140 46 color,
395 276 84 46 ut
437 276 126 46 odor,
521 276 84 46 ut
562 276 140 46 sonus,
660 276 98 46 sed
716 276 168 46 sensoria
842 276 210 46 tantummodo:
1010 276 112 46 nisi
1079 276 126 46 forte
1163 276 98 46 per
1205 276 98 46 acci-

258 323 134 48 dens,
347 323 134 48 uerbi
436 323 134 48 causa
526 323 89 48 si
570 323 104 48 una
630 323 104 48 cum
689 323 134 48 sono,
778 323 149 48 pulsus
882 323 119 48 siat
956 323 74 48 &
986 323 149 48 ictus:
1090 323 74 48 &
1120 323 74 48 a
1135 323 163 48 quibusdam

253 371 142 48 uisis
348 371 79 48 &
380 371 95 48 ab
427 371 142 48 odore
522 371 126 48 alia
601 371 221 48 moueantur,
775 371 126 48 quae
854 371 142 48 tactu
948 371 237 48 corrumpant.
1122 371 174 48 Quinetiam

260 419 141 64 sapor,
359 419 99 64 qua
415 419 127 64 simul
500 419 155 64 accidit
612 419 85 64 ut
655 419 169 64 tactilis
781 419 113 64 sit,
852 419 155 64 eatenus
965 419 197 64 corrumpit:
1120 419 85 64 at
1148 419 155 64 tactilium

259 471 244 58 exuperantia,
457 471 92 58 ut
503 471 214 58 calidorum,
671 471 229 58 frigidorum,
854 471 183 58 durorum,
991 471 198 58 corrumpit
1129 471 137 58 animal.

298 516 214 47 Declaratum
466 516 107 47 est
527 516 153 47 igitur
633 516 122 47 quod
710 516 183 47 animalia
847 516 198 47 moriuntur
1000 516 229 47 necessario,
1183 516 153 47 quando

253 563 191 40 caruerint
400 563 103 40 hoc
459 563 132 40 sensu
547 563 162 40 tantum,
665 563 74 40 &
694 563 118 40 quod
768 563 103 40 est
827 563 221 40 impossibile
1003 563 88 40 vt
1047 563 103 40 non
1106 563 103 40 sit
1165 563 88 40 in
1194 563 103 40 anima

264 600 142 51 libus,
363 600 170 51 animalia
490 600 113 51 enim
561 600 99 51 non
618 600 85 51 de
661 600 213 51 necessitate
831 600 142 51 habent
930 600 128 51 alium
1015 600 156 51 sensum,
1128 600 113 51 nisi
1185 600 113 51 istum.

249 644 93 47 Et
295 644 124 47 ideo
372 644 124 47 alia
450 644 217 47 sensibilia
620 644 108 47 non
682 644 217 47 corrumpunt
853 644 186 47 animalia
992 644 108 47 per
1054 644 201 47 dominium,
1209 644 93 47 v.
1240 644 62 47 g.

254 691 158 40 color,
365 691 79 40 &
397 691 158 40 sonus:
507 691 79 40 &
539 691 206 40 olfactus:
697 691 111 40 sed
760 691 158 40 tantum
871 691 221 40 corrumpunt
1045 691 237 40 instrumenta
1219 691 79 40 sen

243 725 115 45 sus,
314 725 115 45 nisi
386 725 100 45 hoc
443 725 100 45 sit
501 725 100 45 per
558 725 186 45 accidens.
702 725 86 45 v.
745 725 86 45 g.
788 725 115 45 quod
859 725 115 45 cuin
931 725 115 45 sono
1003 725 100 45 sit
1060 725 129 45 magna
1132 725 172 45 percussio.

262 771 134 41 omnes
351 771 119 41 enim
425 771 119 41 isti
500 771 208 41 corrumpunt
663 771 193 41 animalia,
811 771 104 41 sed
871 771 104 41 per
930 771 193 41 accidens.
1078 771 74 41 &
1108 771 119 41 ideo
1167 771 134 41 sapores

258 812 138 43 etiam
349 812 153 43 nocent
456 812 214 43 animalibus
625 812 183 43 mediante
762 812 153 43 gustu,
869 812 153 43 gustus
976 812 122 43 enim
1052 812 107 43 est
1114 812 168 43 aliquis
1221 812 76 43 ta-

253 851 142 57 ctus.
348 851 189 57 Dominium
490 851 142 57 autem
585 851 253 57 tangibilium,
790 851 95 57 v.
837 851 95 57 g.
885 851 174 57 calidi,
1011 851 79 57 &
1042 851 189 57 frigidi,
1185 851 79 57 &
1200 851 95 57 duri

252 901 265 44 corrumpunt
441 901 208 44 animalia.

295 949 233 47 D.Declaratum
485 949 146 47 igitur
587 949 102 47 est
645 949 87 47 ex
689 949 102 47 hoc
747 949 160 47 sermone
863 949 116 47 quod
936 949 175 47 animalia
1067 949 204 47 moriuntur,
1213 949 87 47 quan

260 988 79 47 do
299 988 172 47 caruerint
432 988 132 47 tactu,
524 988 66 47 &
551 988 106 47 quod
617 988 198 47 impossibile
775 988 93 47 est
828 988 79 47 vt
868 988 106 47 iste
934 988 132 47 sensus
1026 988 93 47 non
1079 988 145 47 existat
1185 988 79 47 in
1211 988 93 47 anima

257 1031 97 44 li,
313 1031 97 44 dum
368 1031 139 44 animal
465 1031 97 44 est
521 1031 153 44 animal:
631 1031 111 44 quod
701 1031 97 44 non
756 1031 97 44 est
812 1031 83 44 de
853 1031 125 44 aliis
937 1031 180 44 sensibus.
1075 1031 97 44 non
1131 1031 111 44 enim
1200 1031 97 44 est
1242 1031 55 44 ne

257 1071 190 44 cessarium
404 1071 88 44 vt
448 1071 146 44 animal
550 1071 146 44 habeat
653 1071 132 44 alium
741 1071 146 44 sensum
843 1071 161 44 praeter
960 1071 161 44 tactum.
1077 1071 73 44 &
1107 1071 161 44 propter
1209 1071 88 44 hoc,

258 1109 190 46 dominium
400 1109 79 46 &
432 1109 142 46 vigor
527 1109 174 46 aliorum
653 1109 237 46 sensibilium
843 1109 111 46 non
906 1109 221 46 corrumpunt
1080 1109 174 46 animal,
1206 1109 95 46 v.
1238 1109 63 46 g.

255 1147 139 41 fortis
353 1147 139 41 color,
450 1147 70 41 &
478 1147 139 41 fortis
576 1147 139 41 sonus,
673 1147 70 41 &
701 1147 139 41 fortis
799 1147 126 41 odor:
883 1147 98 41 sed
938 1147 139 41 tantum
1036 1147 195 41 corrumpunt
1189 1147 98 41 sua
1231 1147 70 41 in-

257 1187 186 40 strumenta
399 1187 171 40 propria:
528 1187 114 40 nisi
599 1187 100 40 per
657 1187 186 40 accidens,
799 1187 129 40 verbi
885 1187 157 40 gratia,
999 1187 143 40 quando
1099 1187 100 40 cum
1156 1187 114 40 sono
1213 1187 86 40 fue-

258 1234 99 33 rit
315 1234 128 33 magna
400 1234 199 33 percussio.
556 1234 71 33 &
585 1234 185 33 similiter
727 1234 85 33 de
769 1234 156 33 colore,
883 1234 71 33 &
911 1234 142 33 odore.
1011 1234 156 33 sapores
1124 1234 128 33 autem
1195 1234 114 33 nocent

252 1267 201 40 animalibus
410 1267 244 40 essentialiter
611 1267 173 40 mediante
740 1267 144 40 oustu:
841 1267 144 40 gustus
942 1267 115 40 enim
1014 1267 101 40 est
1071 1267 158 40 aliquis
1172 1267 129 40 tactus.

259 1302 96 53 sed
314 1302 191 53 qualitates
464 1302 219 53 corrumpentes
642 1302 164 53 animalia
765 1302 109 53 sunt
833 1302 205 53 tangibiles,
997 1302 123 53 verbi
1079 1302 137 53 gratia
1161 1302 137 53 calidum,

248 1345 213 58 frigidum,
412 1345 82 58 &
428 1345 131 58 durum.

303 1382 137 45 Omnis
394 1382 152 45 quidem
501 1382 122 45 enim
577 1382 213 45 sensibilis
745 1382 244 45 superfsuitas
943 1382 198 45 corrumpit
1095 1382 168 45 sensum:
1202 1382 91 45 qua-

259 1427 95 44 re
307 1427 79 44 &
338 1427 126 44 quod
417 1427 142 44 tangi
512 1427 158 44 potest
622 1427 174 44 tactum:
749 1427 110 44 hoc
812 1427 142 44 autem
906 1427 253 44 determinatum
1112 1427 110 44 est
1159 1427 142 44 viuere.

258 1468 118 47 Sine
332 1468 133 47 autem
420 1468 133 47 tactu
509 1468 206 47 monstratum
671 1468 103 47 est
730 1468 118 47 quod
804 1468 221 47 impossibile
981 1468 103 47 est
1040 1468 147 47 animal
1143 1468 133 47 esse.
1217 1468 88 47 Vnde

257 1512 234 51 tangibilium
445 1512 234 51 excellentia
632 1512 109 51 non
694 1512 140 51 solum
788 1512 218 51 corrumpunt
960 1512 172 51 sensum,
1085 1512 109 51 sed
1147 1512 78 51 &
1163 1512 140 51 animal.

262 1551 123 60 quia
338 1551 168 60 necesse
461 1551 107 60 est
522 1551 138 60 solum
614 1551 153 60 habere
721 1551 138 60 hunc.
813 1551 138 60 Alios
905 1551 138 60 autem
997 1551 153 60 sensus
1104 1551 138 60 habet
1180 1551 123 60 animal

255 1596 135 48 sicut
345 1596 150 48 dictum
451 1596 120 48 est.
526 1596 105 48 non
586 1596 165 48 propter
706 1596 135 48 esse.
797 1596 105 48 sed
857 1596 165 48 propter
977 1596 120 48 bene
1052 1596 135 48 esse.
1143 1596 90 48 vt
1173 1596 120 48 visum,

262 1636 118 42 quia
336 1636 89 42 in
381 1636 118 42 aere
455 1636 74 42 &
484 1636 89 42 in
529 1636 133 42 aqua,
617 1636 89 42 vt
662 1636 163 42 videat.
780 1636 148 42 omnino
884 1636 133 42 autem
972 1636 118 42 quia
1046 1636 89 42 in
1091 1636 192 42 diaphano.
1224 1636 74 42 gu-

252 1678 123 44 stum
328 1678 138 44 autem
421 1678 169 44 propter
544 1678 231 44 delectabile
728 1678 77 44 &
759 1678 169 44 triste,
882 1678 92 44 vt
928 1678 169 44 sentiat
1051 1678 123 44 quod
1128 1678 92 44 in
1159 1678 138 44 alimen-

256 1719 110 52 to,
319 1719 79 52 &
351 1719 236 52 concupiscat
539 1719 79 52 &
570 1719 204 52 moueatur.
728 1719 173 52 Auditum
853 1719 157 52 autem,
963 1719 94 52 vt
1010 1719 251 52 significetur
1199 1719 94 52 ali-

261 1764 118 56 quid
335 1764 133 56 ipsi.
424 1764 163 56 Linguam
542 1764 148 56 autem,
646 1764 177 56 quatenus
779 1764 207 56 significet
941 1764 163 56 aliquid
1045 1764 133 56 alteri.

307 1811 103 48 Nam
366 1811 176 48 sensilis
498 1811 176 48 cuiusuis
631 1811 220 48 exaperantia
807 1811 176 48 corrupit
939 1811 206 48 sensorium:
1101 1811 176 48 quamobre
1219 1811 73 48 ta-

250 1860 137 49 ctile
341 1860 137 49 etiam
432 1860 167 49 tactum.
554 1860 107 49 hoc
615 1860 137 49 autem
706 1860 152 49 animal
813 1860 198 49 definitum
965 1860 122 49 est:
1041 1860 183 49 ostensum
1163 1860 137 49 nanique
