1416 2066
234 248 198 49 spositione
389 248 141 49 erimus
488 248 240 49 intelligentes
686 248 99 49 per

236 284 161 44 ipsum.
349 284 177 44 quoniam
478 284 113 44 est
542 284 145 44 forma
623 284 129 44 nobis:

241 333 184 37 quoniam
375 333 134 37 tunc
459 333 134 37 erit
542 333 167 37 vltima
643 333 117 37 forma

226 365 120 38 nobis.

285 436 206 55 Sustentatio
450 436 138 55 igitur
547 436 138 55 istius
629 436 124 55 opinio-

245 486 87 42 nis
294 486 87 42 est
344 486 100 42 quod
406 486 187 42 intellectus
556 486 112 42 agens
631 486 87 42 est
668 486 87 42 primo

242 518 131 45 causa
329 518 131 45 agens
416 518 218 45 intellectum
575 518 174 45 materialem

246 557 69 49 &
274 557 222 49 intellectum,
454 557 97 49 qui
510 557 97 49 est
565 557 83 49 in
607 557 152 49 habitu:
717 557 69 49 &

236 596 126 50 ideo
315 596 110 50 non
378 596 204 50 copulatur
535 596 189 50 nobiscum
661 596 94 50 pri-

243 640 99 48 mo:
300 640 71 48 &
328 640 227 48 intelligemus
512 640 99 48 per
569 640 128 48 ipsum
654 640 99 48 res
696 640 57 48 ab

239 676 180 50 stractas.
378 676 97 50 Cum
433 676 138 50 igitur
530 676 208 50 intellectus
682 676 69 50 ma-

243 721 158 44 terialis
361 721 131 44 fuerit
453 721 92 44 per
506 721 144 44 fectus,
611 721 105 44 tunc
663 721 92 44 agens

239 752 114 42 fiet
310 752 128 42 forma
395 752 128 42 mater
480 752 142 42 ialis,
580 752 71 42 &
594 752 156 42 copulabit

237 791 191 53 nobiscum,
384 791 74 53 &
414 791 235 53 intelligemus
605 791 103 53 per
649 791 103 53 ipsum

241 828 110 53 alias
314 828 85 53 res
363 828 183 53 abstractas:
509 828 85 53 non
558 828 85 53 ita
607 828 98 53 quod
655 828 98 53 intel-

232 869 151 45 lectus,
342 869 96 45 qui
397 869 96 45 est
452 869 83 45 in
494 869 151 45 habitu,
590 869 165 45 intelligat

231 909 120 45 hunc
306 909 240 45 intellectum:
501 909 105 45 cum
545 909 210 45 intellectus,

243 948 95 47 qui
298 948 95 47 est
352 948 81 47 in
393 948 149 47 habitu,
501 948 95 47 est
555 948 204 47 generabilis
718 948 68 47 &

236 996 250 46 corruptibilis,
444 996 111 46 iste
514 996 125 46 autem
597 996 97 46 non
653 996 97 46 est
694 996 56 46 ge

242 1028 174 46 nerabilis
375 1028 120 46 neque
442 1028 214 46 corruptibilis.

276 1180 99 54 Sed
332 1180 113 54 huic
403 1180 155 54 accidit
516 1180 169 54 quaestio
629 1180 127 54 praedi-

250 1221 101 45 cta.
313 1221 63 45 &
338 1221 88 45 est
389 1221 101 45 quod
451 1221 101 45 hoc,
514 1221 101 45 quod
577 1221 101 45 modo
640 1221 88 45 est
678 1221 75 45 for-

245 1262 81 44 ma
286 1262 216 44 intellectui,
462 1262 95 44 qui
516 1262 95 44 est
570 1262 162 44 ihabitu,
678 1262 81 44 post

245 1301 110 59 quam
314 1301 96 59 non
369 1301 124 59 erat,
452 1301 165 59 prouenit
576 1301 83 59 ab
617 1301 138 59 aliqua
700 1301 55 59 di

236 1339 196 47 spositione
390 1339 126 47 facta
474 1339 84 47 de
515 1339 112 47 nouo
585 1339 84 47 in
613 1339 140 47 intelle-

243 1381 102 49 ctu,
307 1381 89 49 qui
358 1381 89 49 est
409 1381 76 49 in
447 1381 140 49 habitu,
549 1381 102 49 quae
613 1381 89 49 est
651 1381 102 49 causa,

239 1421 124 44 quare
322 1421 110 44 ille
391 1421 207 44 intellectus
556 1421 96 44 est
611 1421 124 44 forma
680 1421 69 44 in-

236 1461 183 45 tellectui,
380 1461 92 45 qui
432 1461 92 45 est
485 1461 79 45 in
524 1461 144 45 habitu,
616 1461 131 45 postquam

243 1503 88 35 non
294 1503 113 35 erat.
369 1503 88 35 Et,
419 1503 75 35 si
457 1503 100 35 ista
520 1503 176 35 dispositio
658 1503 88 35 non
695 1503 63 35 est

243 1548 158 31 receptio
361 1548 79 31 in
401 1548 197 31 intellectu,
559 1548 92 31 qui
611 1548 92 31 est
664 1548 79 31 in
690 1548 53 31 ha

241 1574 121 55 bitu
316 1574 91 55 ad
362 1574 227 55 intellectum
543 1574 181 55 agentem,
664 1574 91 55 quid

239 1619 109 49 ergo
308 1619 96 49 est
362 1619 109 49 ista
431 1619 205 49 dispositio:
595 1619 164 49 quoniam,
704 1619 55 49 si

243 1658 139 48 fuerit
341 1658 181 48 receptio,
480 1658 181 48 continget
620 1658 84 48 vt
647 1658 112 48 oenera

241 1684 102 54 tum
300 1684 175 54 recipiat
431 1684 189 54 aeternum,
576 1684 73 54 &
591 1684 160 54 assimilet

238 1740 102 44 ei.
297 1740 73 44 &
326 1740 102 44 sic
385 1740 190 44 generatum
531 1740 117 44 fiet
589 1740 161 44 aeternum:

238 1773 118 53 quod
312 1773 103 53 est
356 1773 207 53 impossibile.

771 245 122 45 derit
853 245 82 45 ad
894 245 122 45 iliam
975 245 150 45 formam,
1084 245 109 45 tunc
1138 245 150 45 vocabitur

770 285 222 45 intellectus
948 285 178 45 adeptus.
1081 285 163 45 quoniam
1200 285 89 45 in
1230 285 59 45 hu

766 324 186 52 iuscemodi
909 324 229 52 dispositione
1096 324 158 52 erimus,
1196 324 86 52 tunc

777 364 219 53 ntelligentes
955 364 96 53 per
1010 364 137 53 ipsum,
1105 364 96 53 cum
1160 364 96 53 sit
1201 364 82 53 for-

769 405 91 37 ma
814 405 91 37 in
860 405 152 37 nobis:
966 405 121 37 tunc
1042 405 121 37 enim
1118 405 106 37 est
1164 405 121 37 vltima

770 444 149 39 forma
870 444 99 39 in
919 444 165 39 nobis.
1035 444 149 39 Huius
1134 444 149 39 autem
1217 444 66 39 o-

775 480 184 50 pinionis
913 480 230 50 fundamentum
1097 480 184 50 suinitur
1220 480 61 50 ex

768 519 109 55 hoc,
837 519 109 55 quod
905 519 205 55 intellectus
1069 519 123 55 agens
1151 519 96 55 est
1191 519 96 55 prima

770 558 122 44 causa
852 558 176 44 efficiens
988 558 136 44 ipsius
1082 558 204 44 intellectus
1232 558 54 44 ma

774 598 166 53 terialis,
902 598 115 53 atque
979 598 128 53 ipsius
1068 598 192 53 intellectus
1208 598 77 53 ade-

780 645 106 33 pti,
846 645 92 33 seu
899 645 79 33 in
938 645 145 33 habitu:
1044 645 66 33 &
1070 645 106 33 ideo
1136 645 92 33 non
1175 645 106 33 compu-

769 677 120 53 latur
848 677 120 53 nobis
928 677 80 53 ab
968 677 146 53 initio:
1061 677 226 53 intelligimusque

772 717 97 52 per
828 717 125 52 ipsum
911 717 97 52 res
966 717 208 52 abstractas.
1133 717 97 52 Cum
1174 717 111 52 igitur

772 756 209 38 intellectus
939 756 195 38 materialis
1092 756 181 38 perfectus
1217 756 70 38 eua

767 794 105 41 det,
833 794 105 41 tunc
899 794 105 41 ipse
965 794 198 41 intellectus
1123 794 119 41 agens
1189 794 92 41 effi-

768 832 146 50 cietur
871 832 132 50 forma
959 832 220 50 materialis,
1135 832 73 50 &
1149 832 132 50 consbn-

769 869 121 53 getur
849 869 135 53 nobis,
944 869 67 53 &
971 869 216 53 intellioemus
1146 869 94 53 per
1187 869 94 53 ipsum

773 902 151 52 reliquas
887 902 88 52 res
937 902 189 52 abstractas,
1088 902 88 52 non
1139 902 76 52 ea
1164 902 113 52 ratione

771 951 77 51 vt
810 951 103 51 ipse
874 951 206 51 intellectus,
1041 951 90 51 qui
1093 951 129 51 habitu
1170 951 116 51 existit

772 987 86 57 seu
821 987 98 57 quid
882 987 135 57 adeptus
980 987 98 57 est,
1042 987 172 57 intelligat
1177 987 98 57 hunc
1226 987 49 57 in

774 1029 136 53 tellectum
878 1029 125 53 scilicet
972 1029 125 53 agentem:
1066 1029 73 53 cum
1108 1029 157 53 intellectus
1223 1029 52 53 ha-

772 1072 107 50 bitu
839 1072 161 50 existens
959 1072 94 50 sit
1012 1072 201 50 generabilis
1173 1072 67 50 &
1186 1072 94 50 corru

776 1108 167 51 ptibilis,
905 1108 77 51 is
943 1108 116 51 autem
1021 1108 193 51 intellectus
1162 1108 116 51 ingeni-

773 1149 88 37 tus
824 1149 126 37 quidem
912 1149 100 37 est,
974 1149 113 37 atque
1037 1149 226 37 incorruptibilis.

818 1188 193 47 Vveruntamen
973 1188 103 47 idem
1037 1188 129 47 dubium
1114 1188 168 47 praedictum,

766 1226 151 51 insurget
879 1226 126 51 contra
967 1226 88 51 hoc
1017 1226 138 51 dictum,
1118 1226 138 51 quoniam
1218 1226 88 51 id,

771 1262 113 44 quod
842 1262 99 44 est
898 1262 113 44 nunc
969 1262 128 44 forma
1054 1262 142 44 ipsius
1139 1262 142 44 intelle-

767 1306 107 48 ctus
834 1306 134 48 habitu
927 1306 201 48 existentis,
1088 1306 161 48 postquam
1209 1306 94 48 non

770 1340 128 46 fuerat
860 1340 103 46 eius
924 1340 128 46 forma,
1014 1340 179 46 proueniet,
1142 1340 128 46 profecte

767 1381 83 42 ab
809 1381 139 42 aliqua
906 1381 152 42 dispone
1017 1381 83 42 de
1058 1381 139 42 notio,
1155 1381 125 42 facta
1225 1381 55 42 in

769 1421 106 39 ipso
835 1421 185 39 intellectu
980 1421 145 39 adepto,
1086 1421 172 39 habituque
1205 1421 79 39 exi-

773 1461 124 50 stente,
863 1461 90 50 quae
920 1461 113 50 quidem
999 1461 79 50 est
1044 1461 90 50 cam,
1100 1461 68 50 ob
1134 1461 90 50 quam
1191 1461 90 50 ille
1236 1461 45 50 in

765 1501 169 38 tellectus
895 1501 91 38 sit
947 1501 117 38 forma
1025 1501 104 38 ipsi
1089 1501 195 38 intellectui
1232 1501 52 38 ha

766 1541 112 36 bitu
836 1541 196 36 existenti,
990 1541 140 36 postea
1087 1541 112 36 quam
1157 1541 98 36 non
1199 1541 84 36 fue-

768 1578 95 48 rat.
828 1578 83 48 Et,
875 1578 71 48 si
911 1578 155 48 huiusmodi
1030 1578 107 48 dispo
1101 1578 83 48 non
1149 1578 83 48 est
1185 1578 95 48 recep-

765 1616 92 41 tio
817 1616 131 41 ipsius
909 1616 197 41 intellectus
1067 1616 131 41 habitu
1146 1616 131 41 existen-

772 1662 86 36 tis,
826 1662 65 36 in
858 1662 75 36 quo
902 1662 129 36 scilicet
999 1662 151 36 recipiatur
1117 1662 162 36 intellectus
1236 1662 43 36 a-

772 1700 109 48 gens,
845 1700 97 48 quid
905 1700 121 48 igitur
990 1700 97 48 erit
1051 1700 158 48 huiusmodi
1161 1700 121 48 disposi-

774 1732 104 51 tios
839 1732 104 51 nam,
904 1732 78 51 si
943 1732 91 51 est
995 1732 169 51 receptio,
1125 1732 104 51 tunc
1177 1732 104 51 seque-

774 1773 117 54 retur
852 1773 104 54 quod
918 1773 91 54 id,
970 1773 104 54 quod
1035 1773 91 54 est
1087 1773 157 54 oenitum,
1192 1773 91 54 reci-

775 1813 120 48 peret
855 1813 227 48 aeternitatem,
1042 1813 240 48 similateturque
1229 1813 53 48 ip

772 1852 81 50 si
812 1852 162 50 aeterno.
933 1852 67 50 &
960 1852 94 50 sic
1014 1852 148 50 genitum
1108 1852 175 50 efficeretur

770 1893 187 54 aeternum:
913 1893 115 54 quod
985 1893 100 54 est
1028 1893 201 54 impossibile.
