<?xml version="1.0" encoding="UTF-8"?>
<alto xmlns:xsi="http://www.w3.org/2001/XMLSchema-instance"
      xmlns="http://www.loc.gov/standards/alto/ns-v2#"
      xmlns:page="http://schema.primaresearch.org/PAGE/gts/pagecontent/2013-07-15"
      xsi:schemaLocation="http://www.loc.gov/standards/alto/ns-v2# http://www.loc.gov/standards/alto/alto.xsd">
   <Description>
      <MeasurementUnit>pixel</MeasurementUnit>
      <OCRProcessing ID="IdOcr">
         <ocrProcessingStep>
            <processingDateTime>2021-01-11T18:02:04.095-05:00</processingDateTime>
            <processingSoftware>
               <softwareCreator>READ COOP</softwareCreator>
               <softwareName>Transkribus</softwareName>
            </processingSoftware>
         </ocrProcessingStep>
      </OCRProcessing>
   </Description>
   <Tags/>
   <Layout>
      <Page ID="Page1" PHYSICAL_IMG_NR="1" HEIGHT="2066" WIDTH="1416">
         <TopMargin HEIGHT="0" WIDTH="1416" VPOS="0" HPOS="0"/>
         <LeftMargin HEIGHT="2066" WIDTH="0" VPOS="0" HPOS="0"/>
         <RightMargin HEIGHT="2066" WIDTH="0" VPOS="0" HPOS="1416"/>
         <BottomMargin HEIGHT="0" WIDTH="1416" VPOS="2066" HPOS="0"/>
         <PrintSpace HEIGHT="2066" WIDTH="1416" VPOS="0" HPOS="0">
            <TextBlock ID="TextRegion_1610286264912_551"
                       HEIGHT="1822"
                       WIDTH="516"
                       VPOS="162"
                       HPOS="243">
               <Shape>
                  <Polygon POINTS="243,162 759,162 759,1984 243,1984"/>
               </Shape>
               <TextLine ID="r2l4"
                         BASELINE="301"
                         HEIGHT="60"
                         WIDTH="505"
                         VPOS="241"
                         HPOS="243">
                  <String HEIGHT="60"
                          WIDTH="224"
                          VPOS="241"
                          HPOS="229"
                          CONTENT="intellectum,"/>
                  <SP HEIGHT="60" WIDTH="14" VPOS="241" HPOS="453"/>
                  <String HEIGHT="60"
                          WIDTH="112"
                          VPOS="241"
                          HPOS="411"
                          CONTENT="quem"/>
                  <SP HEIGHT="60" WIDTH="14" VPOS="241" HPOS="524"/>
                  <String HEIGHT="60"
                          WIDTH="112"
                          VPOS="241"
                          HPOS="481"
                          CONTENT="ipse"/>
                  <SP HEIGHT="60" WIDTH="14" VPOS="241" HPOS="594"/>
                  <String HEIGHT="60"
                          WIDTH="210"
                          VPOS="241"
                          HPOS="552"
                          CONTENT="intelligit."/>
                  <SP HEIGHT="60" WIDTH="14" VPOS="241" HPOS="762"/>
                  <String HEIGHT="60" WIDTH="42" VPOS="241" HPOS="706" CONTENT="&amp;"/>
               </TextLine>
               <TextLine ID="r2l6"
                         BASELINE="330"
                         HEIGHT="46"
                         WIDTH="492"
                         VPOS="284"
                         HPOS="249">
                  <String HEIGHT="46"
                          WIDTH="104"
                          VPOS="284"
                          HPOS="236"
                          CONTENT="ista"/>
                  <SP HEIGHT="46" WIDTH="13" VPOS="284" HPOS="340"/>
                  <String HEIGHT="46"
                          WIDTH="220"
                          VPOS="284"
                          HPOS="301"
                          CONTENT="perscrutatio."/>
                  <SP HEIGHT="46" WIDTH="13" VPOS="284" HPOS="521"/>
                  <String HEIGHT="46"
                          WIDTH="104"
                          VPOS="284"
                          HPOS="482"
                          CONTENT="quam"/>
                  <SP HEIGHT="46" WIDTH="13" VPOS="284" HPOS="586"/>
                  <String HEIGHT="46"
                          WIDTH="168"
                          VPOS="284"
                          HPOS="547"
                          CONTENT="intendit,"/>
                  <SP HEIGHT="46" WIDTH="13" VPOS="284" HPOS="715"/>
                  <String HEIGHT="46"
                          WIDTH="78"
                          VPOS="284"
                          HPOS="663"
                          CONTENT="val"
                          SUBS_TYPE="HypPart1"
                          SUBS_CONTENT="valde"/>
                  <HYP CONTENT="-"/>
               </TextLine>
               <TextLine ID="r2l8"
                         BASELINE="377"
                         HEIGHT="52"
                         WIDTH="495"
                         VPOS="325"
                         HPOS="251">
                  <String HEIGHT="52"
                          WIDTH="83"
                          VPOS="325"
                          HPOS="237"
                          CONTENT="de"
                          SUBS_TYPE="HypPart2"
                          SUBS_CONTENT="valde"/>
                  <SP HEIGHT="52" WIDTH="14" VPOS="325" HPOS="320"/>
                  <String HEIGHT="52" WIDTH="96" VPOS="325" HPOS="279" CONTENT="est"/>
                  <SP HEIGHT="52" WIDTH="14" VPOS="325" HPOS="375"/>
                  <String HEIGHT="52"
                          WIDTH="206"
                          VPOS="325"
                          HPOS="334"
                          CONTENT="difficilis,"/>
                  <SP HEIGHT="52" WIDTH="14" VPOS="325" HPOS="540"/>
                  <String HEIGHT="52" WIDTH="69" VPOS="325" HPOS="499" CONTENT="&amp;"/>
                  <SP HEIGHT="52" WIDTH="14" VPOS="325" HPOS="567"/>
                  <String HEIGHT="52"
                          WIDTH="165"
                          VPOS="325"
                          HPOS="526"
                          CONTENT="ambigua."/>
                  <SP HEIGHT="52" WIDTH="14" VPOS="325" HPOS="691"/>
                  <String HEIGHT="52" WIDTH="69" VPOS="325" HPOS="650" CONTENT="&amp;"/>
                  <SP HEIGHT="52" WIDTH="14" VPOS="325" HPOS="719"/>
                  <String HEIGHT="52" WIDTH="83" VPOS="325" HPOS="664" CONTENT="opor"/>
               </TextLine>
               <TextLine ID="r2l10"
                         BASELINE="410"
                         HEIGHT="46"
                         WIDTH="496"
                         VPOS="364"
                         HPOS="250">
                  <String HEIGHT="46" WIDTH="99" VPOS="364" HPOS="236" CONTENT="tet"/>
                  <SP HEIGHT="46" WIDTH="14" VPOS="364" HPOS="335"/>
                  <String HEIGHT="46" WIDTH="99" VPOS="364" HPOS="293" CONTENT="nos"/>
                  <SP HEIGHT="46" WIDTH="14" VPOS="364" HPOS="392"/>
                  <String HEIGHT="46"
                          WIDTH="213"
                          VPOS="364"
                          HPOS="349"
                          CONTENT="perscrutari"/>
                  <SP HEIGHT="46" WIDTH="14" VPOS="364" HPOS="562"/>
                  <String HEIGHT="46" WIDTH="85" VPOS="364" HPOS="519" CONTENT="de"/>
                  <SP HEIGHT="46" WIDTH="14" VPOS="364" HPOS="604"/>
                  <String HEIGHT="46" WIDTH="99" VPOS="364" HPOS="562" CONTENT="hoc"/>
                  <SP HEIGHT="46" WIDTH="14" VPOS="364" HPOS="661"/>
                  <String HEIGHT="46"
                          WIDTH="142"
                          VPOS="364"
                          HPOS="604"
                          CONTENT="secundum"/>
               </TextLine>
               <TextLine ID="r2l12"
                         BASELINE="454"
                         HEIGHT="50"
                         WIDTH="214"
                         VPOS="404"
                         HPOS="248">
                  <String HEIGHT="50"
                          WIDTH="168"
                          VPOS="404"
                          HPOS="233"
                          CONTENT="nostrum"/>
                  <SP HEIGHT="50" WIDTH="15" VPOS="404" HPOS="401"/>
                  <String HEIGHT="50"
                          WIDTH="122"
                          VPOS="404"
                          HPOS="340"
                          CONTENT="posse."/>
               </TextLine>
               <TextLine ID="r2l14"
                         BASELINE="494"
                         HEIGHT="49"
                         WIDTH="459"
                         VPOS="445"
                         HPOS="286">
                  <String HEIGHT="49"
                          WIDTH="144"
                          VPOS="445"
                          HPOS="273"
                          CONTENT="Dicamus"/>
                  <SP HEIGHT="49" WIDTH="13" VPOS="445" HPOS="417"/>
                  <String HEIGHT="49"
                          WIDTH="131"
                          VPOS="445"
                          HPOS="378"
                          CONTENT="igitur"/>
                  <SP HEIGHT="49" WIDTH="13" VPOS="445" HPOS="509"/>
                  <String HEIGHT="49"
                          WIDTH="118"
                          VPOS="445"
                          HPOS="470"
                          CONTENT="quod,"/>
                  <SP HEIGHT="49" WIDTH="13" VPOS="445" HPOS="588"/>
                  <String HEIGHT="49" WIDTH="92" VPOS="445" HPOS="548" CONTENT="qui"/>
                  <SP HEIGHT="49" WIDTH="13" VPOS="445" HPOS="640"/>
                  <String HEIGHT="49"
                          WIDTH="118"
                          VPOS="445"
                          HPOS="601"
                          CONTENT="ponit"/>
                  <SP HEIGHT="49" WIDTH="13" VPOS="445" HPOS="719"/>
                  <String HEIGHT="49" WIDTH="92" VPOS="445" HPOS="679" CONTENT="in¬"/>
                  <SP HEIGHT="49" WIDTH="13" VPOS="445" HPOS="771"/>
                  <String HEIGHT="49" WIDTH="26" VPOS="445" HPOS="719" CONTENT=""/>
               </TextLine>
               <TextLine ID="r2l17"
                         BASELINE="534"
                         HEIGHT="53"
                         WIDTH="491"
                         VPOS="481"
                         HPOS="253">
                  <String HEIGHT="53"
                          WIDTH="184"
                          VPOS="481"
                          HPOS="241"
                          CONTENT="telsecundum"/>
                  <SP HEIGHT="53" WIDTH="12" VPOS="481" HPOS="425"/>
                  <String HEIGHT="53"
                          WIDTH="172"
                          VPOS="481"
                          HPOS="388"
                          CONTENT="materialem"/>
                  <SP HEIGHT="53" WIDTH="12" VPOS="481" HPOS="560"/>
                  <String HEIGHT="53" WIDTH="98" VPOS="481" HPOS="523" CONTENT="esse"/>
                  <SP HEIGHT="53" WIDTH="12" VPOS="481" HPOS="621"/>
                  <String HEIGHT="53"
                          WIDTH="172"
                          VPOS="481"
                          HPOS="584"
                          CONTENT="gnerabilem"/>
                  <SP HEIGHT="53" WIDTH="12" VPOS="481" HPOS="756"/>
                  <String HEIGHT="53" WIDTH="37" VPOS="481" HPOS="707" CONTENT="&amp;"/>
               </TextLine>
               <TextLine ID="r2l18"
                         BASELINE="563"
                         HEIGHT="41"
                         WIDTH="497"
                         VPOS="522"
                         HPOS="246">
                  <String HEIGHT="41"
                          WIDTH="249"
                          VPOS="522"
                          HPOS="232"
                          CONTENT="corruptibilem,"/>
                  <SP HEIGHT="41" WIDTH="14" VPOS="522" HPOS="481"/>
                  <String HEIGHT="41"
                          WIDTH="138"
                          VPOS="522"
                          HPOS="439"
                          CONTENT="nullum"/>
                  <SP HEIGHT="41" WIDTH="14" VPOS="522" HPOS="577"/>
                  <String HEIGHT="41"
                          WIDTH="138"
                          VPOS="522"
                          HPOS="536"
                          CONTENT="modum,"/>
                  <SP HEIGHT="41" WIDTH="14" VPOS="522" HPOS="674"/>
                  <String HEIGHT="41" WIDTH="83" VPOS="522" HPOS="633" CONTENT="vt"/>
                  <SP HEIGHT="41" WIDTH="14" VPOS="522" HPOS="715"/>
                  <String HEIGHT="41" WIDTH="83" VPOS="522" HPOS="660" CONTENT="mihi"/>
               </TextLine>
               <TextLine ID="r2l21"
                         BASELINE="611"
                         HEIGHT="46"
                         WIDTH="489"
                         VPOS="565"
                         HPOS="254">
                  <String HEIGHT="46"
                          WIDTH="133"
                          VPOS="565"
                          HPOS="243"
                          CONTENT="videtuer"/>
                  <SP HEIGHT="46" WIDTH="11" VPOS="565" HPOS="376"/>
                  <String HEIGHT="46"
                          WIDTH="100"
                          VPOS="565"
                          HPOS="343"
                          CONTENT="potet"/>
                  <SP HEIGHT="46" WIDTH="11" VPOS="565" HPOS="443"/>
                  <String HEIGHT="46"
                          WIDTH="133"
                          VPOS="565"
                          HPOS="410"
                          CONTENT="inuenire"/>
                  <SP HEIGHT="46" WIDTH="11" VPOS="565" HPOS="543"/>
                  <String HEIGHT="46"
                          WIDTH="156"
                          VPOS="565"
                          HPOS="510"
                          CONTENT="naturalem,"/>
                  <SP HEIGHT="46" WIDTH="11" VPOS="565" HPOS="665"/>
                  <String HEIGHT="46" WIDTH="78" VPOS="565" HPOS="632" CONTENT="quo"/>
                  <SP HEIGHT="46" WIDTH="11" VPOS="565" HPOS="710"/>
                  <String HEIGHT="46"
                          WIDTH="78"
                          VPOS="565"
                          HPOS="665"
                          CONTENT="possu"/>
               </TextLine>
               <TextLine ID="r2l23"
                         BASELINE="642"
                         HEIGHT="44"
                         WIDTH="490"
                         VPOS="598"
                         HPOS="250">
                  <String HEIGHT="44" WIDTH="98" VPOS="598" HPOS="236" CONTENT="mus"/>
                  <SP HEIGHT="44" WIDTH="14" VPOS="598" HPOS="334"/>
                  <String HEIGHT="44"
                          WIDTH="196"
                          VPOS="598"
                          HPOS="292"
                          CONTENT="continuari"/>
                  <SP HEIGHT="44" WIDTH="14" VPOS="598" HPOS="488"/>
                  <String HEIGHT="44" WIDTH="98" VPOS="598" HPOS="446" CONTENT="cum"/>
                  <SP HEIGHT="44" WIDTH="14" VPOS="598" HPOS="544"/>
                  <String HEIGHT="44"
                          WIDTH="238"
                          VPOS="598"
                          HPOS="502"
                          CONTENT="intellectibus"/>
                  <SP HEIGHT="44" WIDTH="14" VPOS="598" HPOS="740"/>
                  <String HEIGHT="44" WIDTH="56" VPOS="598" HPOS="684" CONTENT="ab"/>
               </TextLine>
               <TextLine ID="r2l24"
                         BASELINE="682"
                         HEIGHT="44"
                         WIDTH="500"
                         VPOS="638"
                         HPOS="248">
                  <String HEIGHT="44"
                          WIDTH="135"
                          VPOS="638"
                          HPOS="238"
                          CONTENT="stractis."/>
                  <SP HEIGHT="44" WIDTH="10" VPOS="638" HPOS="373"/>
                  <String HEIGHT="44"
                          WIDTH="156"
                          VPOS="638"
                          HPOS="342"
                          CONTENT="Intellectus"/>
                  <SP HEIGHT="44" WIDTH="10" VPOS="638" HPOS="498"/>
                  <String HEIGHT="44" WIDTH="63" VPOS="638" HPOS="467" CONTENT="I."/>
                  <SP HEIGHT="44" WIDTH="10" VPOS="638" HPOS="529"/>
                  <String HEIGHT="44"
                          WIDTH="94"
                          VPOS="638"
                          HPOS="498"
                          CONTENT="debet"/>
                  <SP HEIGHT="44" WIDTH="10" VPOS="638" HPOS="592"/>
                  <String HEIGHT="44" WIDTH="83" VPOS="638" HPOS="561" CONTENT="esse"/>
                  <SP HEIGHT="44" WIDTH="10" VPOS="638" HPOS="644"/>
                  <String HEIGHT="44"
                          WIDTH="146"
                          VPOS="638"
                          HPOS="602"
                          CONTENT="intellecndum"/>
               </TextLine>
               <TextLine ID="r2l26"
                         BASELINE="720"
                         HEIGHT="42"
                         WIDTH="494"
                         VPOS="678"
                         HPOS="245">
                  <String HEIGHT="42"
                          WIDTH="151"
                          VPOS="678"
                          HPOS="231"
                          CONTENT="omnibus"/>
                  <SP HEIGHT="42" WIDTH="14" VPOS="678" HPOS="382"/>
                  <String HEIGHT="42"
                          WIDTH="137"
                          VPOS="678"
                          HPOS="341"
                          CONTENT="modis,"/>
                  <SP HEIGHT="42" WIDTH="14" VPOS="678" HPOS="478"/>
                  <String HEIGHT="42" WIDTH="69" VPOS="678" HPOS="437" CONTENT="&amp;"/>
                  <SP HEIGHT="42" WIDTH="14" VPOS="678" HPOS="506"/>
                  <String HEIGHT="42"
                          WIDTH="137"
                          VPOS="678"
                          HPOS="465"
                          CONTENT="maxime"/>
                  <SP HEIGHT="42" WIDTH="14" VPOS="678" HPOS="602"/>
                  <String HEIGHT="42" WIDTH="82" VPOS="678" HPOS="561" CONTENT="in"/>
                  <SP HEIGHT="42" WIDTH="14" VPOS="678" HPOS="643"/>
                  <String HEIGHT="42"
                          WIDTH="124"
                          VPOS="678"
                          HPOS="602"
                          CONTENT="rebus"/>
                  <SP HEIGHT="42" WIDTH="14" VPOS="678" HPOS="725"/>
                  <String HEIGHT="42"
                          WIDTH="69"
                          VPOS="678"
                          HPOS="670"
                          CONTENT="li"
                          SUBS_TYPE="HypPart1"
                          SUBS_CONTENT="liberatis"/>
                  <HYP CONTENT="-"/>
               </TextLine>
               <TextLine ID="r2l28"
                         BASELINE="768"
                         HEIGHT="48"
                         WIDTH="494"
                         VPOS="720"
                         HPOS="247">
                  <String HEIGHT="48"
                          WIDTH="111"
                          VPOS="720"
                          HPOS="237"
                          CONTENT="beratis"
                          SUBS_TYPE="HypPart2"
                          SUBS_CONTENT="liberatis"/>
                  <SP HEIGHT="48" WIDTH="10" VPOS="720" HPOS="348"/>
                  <String HEIGHT="48" WIDTH="50" VPOS="720" HPOS="318" CONTENT="a"/>
                  <SP HEIGHT="48" WIDTH="10" VPOS="720" HPOS="368"/>
                  <String HEIGHT="48"
                          WIDTH="121"
                          VPOS="720"
                          HPOS="338"
                          CONTENT="materia."/>
                  <SP HEIGHT="48" WIDTH="10" VPOS="720" HPOS="459"/>
                  <String HEIGHT="48" WIDTH="60" VPOS="720" HPOS="428" CONTENT="Si"/>
                  <SP HEIGHT="48" WIDTH="10" VPOS="720" HPOS="489"/>
                  <String HEIGHT="48"
                          WIDTH="101"
                          VPOS="720"
                          HPOS="459"
                          CONTENT="igitur"/>
                  <SP HEIGHT="48" WIDTH="10" VPOS="720" HPOS="560"/>
                  <String HEIGHT="48"
                          WIDTH="131"
                          VPOS="720"
                          HPOS="529"
                          CONTENT="possibile"/>
                  <SP HEIGHT="48" WIDTH="10" VPOS="720" HPOS="660"/>
                  <String HEIGHT="48"
                          WIDTH="91"
                          VPOS="720"
                          HPOS="630"
                          CONTENT="esset"/>
                  <SP HEIGHT="48" WIDTH="10" VPOS="720" HPOS="721"/>
                  <String HEIGHT="48" WIDTH="60" VPOS="720" HPOS="681" CONTENT="quod"/>
               </TextLine>
               <TextLine ID="r2l30"
                         BASELINE="809"
                         HEIGHT="53"
                         WIDTH="497"
                         VPOS="756"
                         HPOS="248">
                  <String HEIGHT="53"
                          WIDTH="178"
                          VPOS="756"
                          HPOS="235"
                          CONTENT="substantia"/>
                  <SP HEIGHT="53" WIDTH="13" VPOS="756" HPOS="414"/>
                  <String HEIGHT="53"
                          WIDTH="204"
                          VPOS="756"
                          HPOS="375"
                          CONTENT="generabilis,"/>
                  <SP HEIGHT="53" WIDTH="13" VPOS="756" HPOS="579"/>
                  <String HEIGHT="53" WIDTH="64" VPOS="756" HPOS="541" CONTENT="&amp;"/>
                  <SP HEIGHT="53" WIDTH="13" VPOS="756" HPOS="605"/>
                  <String HEIGHT="53"
                          WIDTH="191"
                          VPOS="756"
                          HPOS="554"
                          CONTENT="corruptibilis"/>
               </TextLine>
               <TextLine ID="r2l32"
                         BASELINE="848"
                         HEIGHT="52"
                         WIDTH="498"
                         VPOS="796"
                         HPOS="246">
                  <String HEIGHT="52"
                          WIDTH="221"
                          VPOS="796"
                          HPOS="232"
                          CONTENT="intelligeret"/>
                  <SP HEIGHT="52" WIDTH="14" VPOS="796" HPOS="454"/>
                  <String HEIGHT="52"
                          WIDTH="138"
                          VPOS="796"
                          HPOS="412"
                          CONTENT="formas"/>
                  <SP HEIGHT="52" WIDTH="14" VPOS="796" HPOS="550"/>
                  <String HEIGHT="52"
                          WIDTH="208"
                          VPOS="796"
                          HPOS="509"
                          CONTENT="abstractas,"/>
                  <SP HEIGHT="52" WIDTH="14" VPOS="796" HPOS="716"/>
                  <String HEIGHT="52" WIDTH="69" VPOS="796" HPOS="675" CONTENT="&amp;"/>
                  <SP HEIGHT="52" WIDTH="14" VPOS="796" HPOS="744"/>
                  <String HEIGHT="52" WIDTH="55" VPOS="796" HPOS="689" CONTENT="re"/>
               </TextLine>
               <TextLine ID="r2l34"
                         BASELINE="884"
                         HEIGHT="48"
                         WIDTH="503"
                         VPOS="836"
                         HPOS="240">
                  <String HEIGHT="48"
                          WIDTH="209"
                          VPOS="836"
                          HPOS="228"
                          CONTENT="uerteretfidem"/>
                  <SP HEIGHT="48" WIDTH="12" VPOS="836" HPOS="436"/>
                  <String HEIGHT="48" WIDTH="86" VPOS="836" HPOS="399" CONTENT="cum"/>
                  <SP HEIGHT="48" WIDTH="12" VPOS="836" HPOS="485"/>
                  <String HEIGHT="48" WIDTH="98" VPOS="836" HPOS="449" CONTENT="eis,"/>
                  <SP HEIGHT="48" WIDTH="12" VPOS="836" HPOS="547"/>
                  <String HEIGHT="48" WIDTH="98" VPOS="836" HPOS="510" CONTENT="tunc"/>
                  <SP HEIGHT="48" WIDTH="12" VPOS="836" HPOS="608"/>
                  <String HEIGHT="48"
                          WIDTH="159"
                          VPOS="836"
                          HPOS="571"
                          CONTENT="possibile"/>
                  <SP HEIGHT="48" WIDTH="12" VPOS="836" HPOS="731"/>
                  <String HEIGHT="48"
                          WIDTH="61"
                          VPOS="836"
                          HPOS="682"
                          CONTENT="es"
                          SUBS_TYPE="HypPart1"
                          SUBS_CONTENT="esset"/>
                  <HYP CONTENT="-"/>
               </TextLine>
               <TextLine ID="r2l36"
                         BASELINE="914"
                         HEIGHT="40"
                         WIDTH="493"
                         VPOS="874"
                         HPOS="246">
                  <String HEIGHT="40"
                          WIDTH="88"
                          VPOS="874"
                          HPOS="233"
                          CONTENT="set"
                          SUBS_TYPE="HypPart2"
                          SUBS_CONTENT="esset"/>
                  <SP HEIGHT="40" WIDTH="13" VPOS="874" HPOS="322"/>
                  <String HEIGHT="40" WIDTH="76" VPOS="874" HPOS="284" CONTENT="vt"/>
                  <SP HEIGHT="40" WIDTH="13" VPOS="874" HPOS="360"/>
                  <String HEIGHT="40"
                          WIDTH="126"
                          VPOS="874"
                          HPOS="322"
                          CONTENT="natura"/>
                  <SP HEIGHT="40" WIDTH="13" VPOS="874" HPOS="448"/>
                  <String HEIGHT="40"
                          WIDTH="177"
                          VPOS="874"
                          HPOS="410"
                          CONTENT="possibilis"/>
                  <SP HEIGHT="40" WIDTH="13" VPOS="874" HPOS="587"/>
                  <String HEIGHT="40"
                          WIDTH="126"
                          VPOS="874"
                          HPOS="549"
                          CONTENT="fieret"/>
                  <SP HEIGHT="40" WIDTH="13" VPOS="874" HPOS="676"/>
                  <String HEIGHT="40"
                          WIDTH="114"
                          VPOS="874"
                          HPOS="625"
                          CONTENT="necessa"/>
               </TextLine>
               <TextLine ID="r2l38"
                         BASELINE="955"
                         HEIGHT="39"
                         WIDTH="494"
                         VPOS="916"
                         HPOS="238">
                  <String HEIGHT="39"
                          WIDTH="116"
                          VPOS="916"
                          HPOS="223"
                          CONTENT="ria:"/>
                  <SP HEIGHT="39" WIDTH="15" VPOS="916" HPOS="340"/>
                  <String HEIGHT="39" WIDTH="87" VPOS="916" HPOS="296" CONTENT="vt"/>
                  <SP HEIGHT="39" WIDTH="15" VPOS="916" HPOS="383"/>
                  <String HEIGHT="39"
                          WIDTH="203"
                          VPOS="916"
                          HPOS="340"
                          CONTENT="Alfarabius"/>
                  <SP HEIGHT="39" WIDTH="15" VPOS="916" HPOS="543"/>
                  <String HEIGHT="39"
                          WIDTH="131"
                          VPOS="916"
                          HPOS="500"
                          CONTENT="dixit"/>
                  <SP HEIGHT="39" WIDTH="15" VPOS="916" HPOS="630"/>
                  <String HEIGHT="39" WIDTH="87" VPOS="916" HPOS="587" CONTENT="in"/>
                  <SP HEIGHT="39" WIDTH="15" VPOS="916" HPOS="674"/>
                  <String HEIGHT="39"
                          WIDTH="116"
                          VPOS="916"
                          HPOS="616"
                          CONTENT="Nicoma"/>
               </TextLine>
               <TextLine ID="r2l40"
                         BASELINE="994"
                         HEIGHT="41"
                         WIDTH="500"
                         VPOS="953"
                         HPOS="247">
                  <String HEIGHT="41"
                          WIDTH="125"
                          VPOS="953"
                          HPOS="233"
                          CONTENT="chia."/>
                  <SP HEIGHT="41" WIDTH="14" VPOS="953" HPOS="358"/>
                  <String HEIGHT="41" WIDTH="69" VPOS="953" HPOS="316" CONTENT="&amp;"/>
                  <SP HEIGHT="41" WIDTH="14" VPOS="953" HPOS="386"/>
                  <String HEIGHT="41" WIDTH="97" VPOS="953" HPOS="344" CONTENT="hoc"/>
                  <SP HEIGHT="41" WIDTH="14" VPOS="953" HPOS="441"/>
                  <String HEIGHT="41"
                          WIDTH="208"
                          VPOS="953"
                          HPOS="400"
                          CONTENT="necessarium"/>
                  <SP HEIGHT="41" WIDTH="14" VPOS="953" HPOS="608"/>
                  <String HEIGHT="41" WIDTH="97" VPOS="953" HPOS="566" CONTENT="est"/>
                  <SP HEIGHT="41" WIDTH="14" VPOS="953" HPOS="664"/>
                  <String HEIGHT="41"
                          WIDTH="139"
                          VPOS="953"
                          HPOS="608"
                          CONTENT="secundum"/>
               </TextLine>
               <TextLine ID="r2l42"
                         BASELINE="1042"
                         HEIGHT="51"
                         WIDTH="349"
                         VPOS="991"
                         HPOS="241">
                  <String HEIGHT="51"
                          WIDTH="233"
                          VPOS="991"
                          HPOS="224"
                          CONTENT="fundamenta"/>
                  <SP HEIGHT="51" WIDTH="17" VPOS="991" HPOS="457"/>
                  <String HEIGHT="51"
                          WIDTH="199"
                          VPOS="991"
                          HPOS="391"
                          CONTENT="sapientum."/>
               </TextLine>
               <TextLine ID="r2l44"
                         BASELINE="1084"
                         HEIGHT="55"
                         WIDTH="461"
                         VPOS="1029"
                         HPOS="280">
                  <String HEIGHT="55" WIDTH="83" VPOS="1029" HPOS="268" CONTENT="ISi"/>
                  <SP HEIGHT="55" WIDTH="12" VPOS="1029" HPOS="351"/>
                  <String HEIGHT="55"
                          WIDTH="118"
                          VPOS="1029"
                          HPOS="315"
                          CONTENT="igitur"/>
                  <SP HEIGHT="55" WIDTH="12" VPOS="1029" HPOS="434"/>
                  <String HEIGHT="55"
                          WIDTH="130"
                          VPOS="1029"
                          HPOS="398"
                          CONTENT="aliquis"/>
                  <SP HEIGHT="55" WIDTH="12" VPOS="1029" HPOS="528"/>
                  <String HEIGHT="55"
                          WIDTH="130"
                          VPOS="1029"
                          HPOS="493"
                          CONTENT="dixerit"/>
                  <SP HEIGHT="55" WIDTH="12" VPOS="1029" HPOS="623"/>
                  <String HEIGHT="55"
                          WIDTH="95"
                          VPOS="1029"
                          HPOS="587"
                          CONTENT="quod"/>
                  <SP HEIGHT="55" WIDTH="12" VPOS="1029" HPOS="682"/>
                  <String HEIGHT="55"
                          WIDTH="95"
                          VPOS="1029"
                          HPOS="646"
                          CONTENT="illa"/>
                  <SP HEIGHT="55" WIDTH="12" VPOS="1029" HPOS="741"/>
                  <String HEIGHT="55" WIDTH="47" VPOS="1029" HPOS="694" CONTENT="in"/>
               </TextLine>
               <TextLine ID="r2l46"
                         BASELINE="1114"
                         HEIGHT="40"
                         WIDTH="506"
                         VPOS="1074"
                         HPOS="242">
                  <String HEIGHT="40"
                          WIDTH="121"
                          VPOS="1074"
                          HPOS="231"
                          CONTENT="tentio,"/>
                  <SP HEIGHT="40" WIDTH="11" VPOS="1074" HPOS="352"/>
                  <String HEIGHT="40"
                          WIDTH="99"
                          VPOS="1074"
                          HPOS="319"
                          CONTENT="quama"/>
                  <SP HEIGHT="40" WIDTH="11" VPOS="1074" HPOS="418"/>
                  <String HEIGHT="40"
                          WIDTH="121"
                          VPOS="1074"
                          HPOS="385"
                          CONTENT="ntendit"/>
                  <SP HEIGHT="40" WIDTH="11" VPOS="1074" HPOS="506"/>
                  <String HEIGHT="40"
                          WIDTH="88"
                          VPOS="1074"
                          HPOS="473"
                          CONTENT="Alex"/>
                  <SP HEIGHT="40" WIDTH="11" VPOS="1074" HPOS="561"/>
                  <String HEIGHT="40"
                          WIDTH="132"
                          VPOS="1074"
                          HPOS="528"
                          CONTENT="scilicet"/>
                  <SP HEIGHT="40" WIDTH="11" VPOS="1074" HPOS="660"/>
                  <String HEIGHT="40" WIDTH="66" VPOS="1074" HPOS="627" CONTENT="de"/>
                  <SP HEIGHT="40" WIDTH="11" VPOS="1074" HPOS="693"/>
                  <String HEIGHT="40"
                          WIDTH="99"
                          VPOS="1074"
                          HPOS="649"
                          CONTENT="existem"/>
               </TextLine>
               <TextLine ID="r2l48"
                         BASELINE="1154"
                         HEIGHT="45"
                         WIDTH="488"
                         VPOS="1109"
                         HPOS="245">
                  <String HEIGHT="45" WIDTH="90" VPOS="1109" HPOS="232" CONTENT="tia"/>
                  <SP HEIGHT="45" WIDTH="13" VPOS="1109" HPOS="322"/>
                  <String HEIGHT="45"
                          WIDTH="193"
                          VPOS="1109"
                          HPOS="284"
                          CONTENT="intellectus"/>
                  <SP HEIGHT="45" WIDTH="13" VPOS="1109" HPOS="476"/>
                  <String HEIGHT="45"
                          WIDTH="141"
                          VPOS="1109"
                          HPOS="438"
                          CONTENT="adepti,"/>
                  <SP HEIGHT="45" WIDTH="13" VPOS="1109" HPOS="579"/>
                  <String HEIGHT="45" WIDTH="90" VPOS="1109" HPOS="540" CONTENT="non"/>
                  <SP HEIGHT="45" WIDTH="13" VPOS="1109" HPOS="630"/>
                  <String HEIGHT="45" WIDTH="90" VPOS="1109" HPOS="592" CONTENT="est"/>
                  <SP HEIGHT="45" WIDTH="13" VPOS="1109" HPOS="682"/>
                  <String HEIGHT="45"
                          WIDTH="103"
                          VPOS="1109"
                          HPOS="630"
                          CONTENT="infor"
                          SUBS_TYPE="HypPart1"
                          SUBS_CONTENT="informatio"/>
                  <HYP CONTENT="-"/>
               </TextLine>
               <TextLine ID="r2l50"
                         BASELINE="1194"
                         HEIGHT="38"
                         WIDTH="502"
                         VPOS="1156"
                         HPOS="243">
                  <String HEIGHT="38"
                          WIDTH="133"
                          VPOS="1156"
                          HPOS="228"
                          CONTENT="matio"
                          SUBS_TYPE="HypPart2"
                          SUBS_CONTENT="informatio"/>
                  <SP HEIGHT="38" WIDTH="15" VPOS="1156" HPOS="361"/>
                  <String HEIGHT="38"
                          WIDTH="133"
                          VPOS="1156"
                          HPOS="317"
                          CONTENT="facta"/>
                  <SP HEIGHT="38" WIDTH="15" VPOS="1156" HPOS="450"/>
                  <String HEIGHT="38" WIDTH="89" VPOS="1156" HPOS="405" CONTENT="de"/>
                  <SP HEIGHT="38" WIDTH="15" VPOS="1156" HPOS="494"/>
                  <String HEIGHT="38"
                          WIDTH="118"
                          VPOS="1156"
                          HPOS="450"
                          CONTENT="nouo"/>
                  <SP HEIGHT="38" WIDTH="15" VPOS="1156" HPOS="568"/>
                  <String HEIGHT="38"
                          WIDTH="221"
                          VPOS="1156"
                          HPOS="524"
                          CONTENT="iintellectu"/>
                  <SP HEIGHT="38" WIDTH="15" VPOS="1156" HPOS="745"/>
                  <String HEIGHT="38" WIDTH="59" VPOS="1156" HPOS="686" CONTENT="ma"/>
               </TextLine>
               <TextLine ID="r2l52"
                         BASELINE="1242"
                         HEIGHT="54"
                         WIDTH="507"
                         VPOS="1188"
                         HPOS="238">
                  <String HEIGHT="54"
                          WIDTH="148"
                          VPOS="1188"
                          HPOS="226"
                          CONTENT="teriali,"/>
                  <SP HEIGHT="54" WIDTH="12" VPOS="1188" HPOS="374"/>
                  <String HEIGHT="54"
                          WIDTH="99"
                          VPOS="1188"
                          HPOS="337"
                          CONTENT="quae"/>
                  <SP HEIGHT="54" WIDTH="12" VPOS="1188" HPOS="436"/>
                  <String HEIGHT="54"
                          WIDTH="99"
                          VPOS="1188"
                          HPOS="399"
                          CONTENT="ante"/>
                  <SP HEIGHT="54" WIDTH="12" VPOS="1188" HPOS="498"/>
                  <String HEIGHT="54" WIDTH="87" VPOS="1188" HPOS="461" CONTENT="non"/>
                  <SP HEIGHT="54" WIDTH="12" VPOS="1188" HPOS="547"/>
                  <String HEIGHT="54"
                          WIDTH="111"
                          VPOS="1188"
                          HPOS="510"
                          CONTENT="erat."/>
                  <SP HEIGHT="54" WIDTH="12" VPOS="1188" HPOS="621"/>
                  <String HEIGHT="54" WIDTH="87" VPOS="1188" HPOS="584" CONTENT="sed"/>
                  <SP HEIGHT="54" WIDTH="12" VPOS="1188" HPOS="671"/>
                  <String HEIGHT="54"
                          WIDTH="99"
                          VPOS="1188"
                          HPOS="634"
                          CONTENT="ipse"/>
                  <SP HEIGHT="54" WIDTH="12" VPOS="1188" HPOS="733"/>
                  <String HEIGHT="54"
                          WIDTH="62"
                          VPOS="1188"
                          HPOS="683"
                          CONTENT="co"
                          SUBS_TYPE="HypPart1"
                          SUBS_CONTENT="copulatur"/>
                  <HYP CONTENT="-"/>
               </TextLine>
               <TextLine ID="r2l54"
                         BASELINE="1282"
                         HEIGHT="53"
                         WIDTH="498"
                         VPOS="1229"
                         HPOS="245">
                  <String HEIGHT="53"
                          WIDTH="161"
                          VPOS="1229"
                          HPOS="230"
                          CONTENT="pulatur"
                          SUBS_TYPE="HypPart2"
                          SUBS_CONTENT="copulatur"/>
                  <SP HEIGHT="53" WIDTH="15" VPOS="1229" HPOS="391"/>
                  <String HEIGHT="53"
                          WIDTH="176"
                          VPOS="1229"
                          HPOS="348"
                          CONTENT="nobiscum"/>
                  <SP HEIGHT="53" WIDTH="15" VPOS="1229" HPOS="523"/>
                  <String HEIGHT="53"
                          WIDTH="234"
                          VPOS="1229"
                          HPOS="479"
                          CONTENT="copulatione,"/>
                  <SP HEIGHT="53" WIDTH="15" VPOS="1229" HPOS="714"/>
                  <String HEIGHT="53"
                          WIDTH="88"
                          VPOS="1229"
                          HPOS="655"
                          CONTENT="adeo"/>
               </TextLine>
               <TextLine ID="r2l56"
                         BASELINE="1316"
                         HEIGHT="46"
                         WIDTH="494"
                         VPOS="1270"
                         HPOS="248">
                  <String HEIGHT="46"
                          WIDTH="101"
                          VPOS="1270"
                          HPOS="235"
                          CONTENT="quod"/>
                  <SP HEIGHT="46" WIDTH="13" VPOS="1270" HPOS="337"/>
                  <String HEIGHT="46" WIDTH="89" VPOS="1270" HPOS="299" CONTENT="sit"/>
                  <SP HEIGHT="46" WIDTH="13" VPOS="1270" HPOS="387"/>
                  <String HEIGHT="46"
                          WIDTH="114"
                          VPOS="1270"
                          HPOS="349"
                          CONTENT="forma"/>
                  <SP HEIGHT="46" WIDTH="13" VPOS="1270" HPOS="463"/>
                  <String HEIGHT="46"
                          WIDTH="127"
                          VPOS="1270"
                          HPOS="425"
                          CONTENT="nobis,"/>
                  <SP HEIGHT="46" WIDTH="13" VPOS="1270" HPOS="552"/>
                  <String HEIGHT="46" WIDTH="89" VPOS="1270" HPOS="514" CONTENT="per"/>
                  <SP HEIGHT="46" WIDTH="13" VPOS="1270" HPOS="603"/>
                  <String HEIGHT="46"
                          WIDTH="101"
                          VPOS="1270"
                          HPOS="565"
                          CONTENT="quam"/>
                  <SP HEIGHT="46" WIDTH="13" VPOS="1270" HPOS="666"/>
                  <String HEIGHT="46"
                          WIDTH="127"
                          VPOS="1270"
                          HPOS="615"
                          CONTENT="intelli"
                          SUBS_TYPE="HypPart1"
                          SUBS_CONTENT="intelligimus"/>
                  <HYP CONTENT="-"/>
               </TextLine>
               <TextLine ID="r2l59"
                         BASELINE="1359"
                         HEIGHT="51"
                         WIDTH="496"
                         VPOS="1308"
                         HPOS="248">
                  <String HEIGHT="51"
                          WIDTH="114"
                          VPOS="1308"
                          HPOS="235"
                          CONTENT="gimus"
                          SUBS_TYPE="HypPart2"
                          SUBS_CONTENT="intelligimus"/>
                  <SP HEIGHT="51" WIDTH="13" VPOS="1308" HPOS="350"/>
                  <String HEIGHT="51"
                          WIDTH="102"
                          VPOS="1308"
                          HPOS="312"
                          CONTENT="alia"/>
                  <SP HEIGHT="51" WIDTH="13" VPOS="1308" HPOS="413"/>
                  <String HEIGHT="51"
                          WIDTH="127"
                          VPOS="1308"
                          HPOS="375"
                          CONTENT="entia,"/>
                  <SP HEIGHT="51" WIDTH="13" VPOS="1308" HPOS="502"/>
                  <String HEIGHT="51"
                          WIDTH="114"
                          VPOS="1308"
                          HPOS="464"
                          CONTENT="sicut"/>
                  <SP HEIGHT="51" WIDTH="13" VPOS="1308" HPOS="579"/>
                  <String HEIGHT="51"
                          WIDTH="140"
                          VPOS="1308"
                          HPOS="541"
                          CONTENT="apparet"/>
                  <SP HEIGHT="51" WIDTH="13" VPOS="1308" HPOS="680"/>
                  <String HEIGHT="51" WIDTH="76" VPOS="1308" HPOS="642" CONTENT="ex"/>
                  <SP HEIGHT="51" WIDTH="13" VPOS="1308" HPOS="719"/>
                  <String HEIGHT="51"
                          WIDTH="76"
                          VPOS="1308"
                          HPOS="668"
                          CONTENT="ser"
                          SUBS_TYPE="HypPart1"
                          SUBS_CONTENT="sermone"/>
                  <HYP CONTENT="-"/>
               </TextLine>
               <TextLine ID="r2l61"
                         BASELINE="1398"
                         HEIGHT="41"
                         WIDTH="500"
                         VPOS="1357"
                         HPOS="247">
                  <String HEIGHT="41"
                          WIDTH="114"
                          VPOS="1357"
                          HPOS="233"
                          CONTENT="mone"
                          SUBS_TYPE="HypPart2"
                          SUBS_CONTENT="sermone"/>
                  <SP HEIGHT="41" WIDTH="14" VPOS="1357" HPOS="347"/>
                  <String HEIGHT="41"
                          WIDTH="129"
                          VPOS="1357"
                          HPOS="304"
                          CONTENT="Alex."/>
                  <SP HEIGHT="41" WIDTH="14" VPOS="1357" HPOS="433"/>
                  <String HEIGHT="41"
                          WIDTH="129"
                          VPOS="1357"
                          HPOS="390"
                          CONTENT="licet"/>
                  <SP HEIGHT="41" WIDTH="14" VPOS="1357" HPOS="518"/>
                  <String HEIGHT="41"
                          WIDTH="100"
                          VPOS="1357"
                          HPOS="476"
                          CONTENT="non"/>
                  <SP HEIGHT="41" WIDTH="14" VPOS="1357" HPOS="576"/>
                  <String HEIGHT="41"
                          WIDTH="171"
                          VPOS="1357"
                          HPOS="533"
                          CONTENT="appareat"/>
                  <SP HEIGHT="41" WIDTH="14" VPOS="1357" HPOS="704"/>
                  <String HEIGHT="41" WIDTH="86" VPOS="1357" HPOS="661" CONTENT="ex"/>
                  <SP HEIGHT="41" WIDTH="14" VPOS="1357" HPOS="747"/>
                  <String HEIGHT="41" WIDTH="57" VPOS="1357" HPOS="690" CONTENT="eo"/>
               </TextLine>
               <TextLine ID="r2l62"
                         BASELINE="1426"
                         HEIGHT="30"
                         WIDTH="505"
                         VPOS="1396"
                         HPOS="244">
                  <String HEIGHT="30"
                          WIDTH="149"
                          VPOS="1396"
                          HPOS="229"
                          CONTENT="modus,"/>
                  <SP HEIGHT="30" WIDTH="15" VPOS="1396" HPOS="378"/>
                  <String HEIGHT="30" WIDTH="89" VPOS="1396" HPOS="333" CONTENT="ex"/>
                  <SP HEIGHT="30" WIDTH="15" VPOS="1396" HPOS="422"/>
                  <String HEIGHT="30"
                          WIDTH="104"
                          VPOS="1396"
                          HPOS="378"
                          CONTENT="quo"/>
                  <SP HEIGHT="30" WIDTH="15" VPOS="1396" HPOS="482"/>
                  <String HEIGHT="30"
                          WIDTH="119"
                          VPOS="1396"
                          HPOS="437"
                          CONTENT="ista"/>
                  <SP HEIGHT="30" WIDTH="15" VPOS="1396" HPOS="556"/>
                  <String HEIGHT="30"
                          WIDTH="223"
                          VPOS="1396"
                          HPOS="511"
                          CONTENT="continuatio"/>
                  <SP HEIGHT="30" WIDTH="15" VPOS="1396" HPOS="734"/>
                  <String HEIGHT="30" WIDTH="74" VPOS="1396" HPOS="675" CONTENT="sit"/>
               </TextLine>
               <TextLine ID="r2l64"
                         BASELINE="1477"
                         HEIGHT="49"
                         WIDTH="507"
                         VPOS="1428"
                         HPOS="242">
                  <String HEIGHT="49"
                          WIDTH="153"
                          VPOS="1428"
                          HPOS="230"
                          CONTENT="possibis."/>
                  <SP HEIGHT="49" WIDTH="12" VPOS="1428" HPOS="383"/>
                  <String HEIGHT="49"
                          WIDTH="106"
                          VPOS="1428"
                          HPOS="348"
                          CONTENT="Qnam,"/>
                  <SP HEIGHT="49" WIDTH="12" VPOS="1428" HPOS="454"/>
                  <String HEIGHT="49" WIDTH="71" VPOS="1428" HPOS="419" CONTENT="si"/>
                  <SP HEIGHT="49" WIDTH="12" VPOS="1428" HPOS="490"/>
                  <String HEIGHT="49"
                          WIDTH="165"
                          VPOS="1428"
                          HPOS="454"
                          CONTENT="posuerimus"/>
                  <SP HEIGHT="49" WIDTH="12" VPOS="1428" HPOS="619"/>
                  <String HEIGHT="49"
                          WIDTH="94"
                          VPOS="1428"
                          HPOS="584"
                          CONTENT="quod"/>
                  <SP HEIGHT="49" WIDTH="12" VPOS="1428" HPOS="678"/>
                  <String HEIGHT="49"
                          WIDTH="94"
                          VPOS="1428"
                          HPOS="643"
                          CONTENT="ista"/>
                  <SP HEIGHT="49" WIDTH="12" VPOS="1428" HPOS="737"/>
                  <String HEIGHT="49" WIDTH="59" VPOS="1428" HPOS="690" CONTENT="com"/>
               </TextLine>
               <TextLine ID="r2l66"
                         BASELINE="1517"
                         HEIGHT="52"
                         WIDTH="494"
                         VPOS="1465"
                         HPOS="247">
                  <String HEIGHT="52"
                          WIDTH="160"
                          VPOS="1465"
                          HPOS="234"
                          CONTENT="tinuatio"/>
                  <SP HEIGHT="52" WIDTH="13" VPOS="1465" HPOS="394"/>
                  <String HEIGHT="52" WIDTH="93" VPOS="1465" HPOS="354" CONTENT="est"/>
                  <SP HEIGHT="52" WIDTH="13" VPOS="1465" HPOS="447"/>
                  <String HEIGHT="52"
                          WIDTH="120"
                          VPOS="1465"
                          HPOS="407"
                          CONTENT="facta"/>
                  <SP HEIGHT="52" WIDTH="13" VPOS="1465" HPOS="527"/>
                  <String HEIGHT="52"
                          WIDTH="160"
                          VPOS="1465"
                          HPOS="487"
                          CONTENT="postquam"/>
                  <SP HEIGHT="52" WIDTH="13" VPOS="1465" HPOS="648"/>
                  <String HEIGHT="52" WIDTH="93" VPOS="1465" HPOS="607" CONTENT="non"/>
                  <SP HEIGHT="52" WIDTH="13" VPOS="1465" HPOS="701"/>
                  <String HEIGHT="52"
                          WIDTH="93"
                          VPOS="1465"
                          HPOS="648"
                          CONTENT="erat,"/>
               </TextLine>
               <TextLine ID="r2l69"
                         BASELINE="1557"
                         HEIGHT="53"
                         WIDTH="498"
                         VPOS="1504"
                         HPOS="246">
                  <String HEIGHT="53"
                          WIDTH="109"
                          VPOS="1504"
                          HPOS="234"
                          CONTENT="sicut"/>
                  <SP HEIGHT="53" WIDTH="12" VPOS="1504" HPOS="343"/>
                  <String HEIGHT="53" WIDTH="85" VPOS="1504" HPOS="307" CONTENT="est"/>
                  <SP HEIGHT="53" WIDTH="12" VPOS="1504" HPOS="392"/>
                  <String HEIGHT="53"
                          WIDTH="194"
                          VPOS="1504"
                          HPOS="355"
                          CONTENT="necessarium,"/>
                  <SP HEIGHT="53" WIDTH="12" VPOS="1504" HPOS="550"/>
                  <String HEIGHT="53"
                          WIDTH="158"
                          VPOS="1504"
                          HPOS="513"
                          CONTENT="continget"/>
                  <SP HEIGHT="53" WIDTH="12" VPOS="1504" HPOS="671"/>
                  <String HEIGHT="53" WIDTH="73" VPOS="1504" HPOS="635" CONTENT="vt"/>
                  <SP HEIGHT="53" WIDTH="12" VPOS="1504" HPOS="708"/>
                  <String HEIGHT="53" WIDTH="73" VPOS="1504" HPOS="671" CONTENT="in"/>
                  <SP HEIGHT="53" WIDTH="12" VPOS="1504" HPOS="744"/>
                  <String HEIGHT="53" WIDTH="49" VPOS="1504" HPOS="695" CONTENT="il"/>
               </TextLine>
               <TextLine ID="r2l71"
                         BASELINE="1599"
                         HEIGHT="55"
                         WIDTH="496"
                         VPOS="1544"
                         HPOS="245">
                  <String HEIGHT="55" WIDTH="74" VPOS="1544" HPOS="233" CONTENT="sa"/>
                  <SP HEIGHT="55" WIDTH="12" VPOS="1544" HPOS="307"/>
                  <String HEIGHT="55"
                          WIDTH="112"
                          VPOS="1544"
                          HPOS="270"
                          CONTENT="hora,"/>
                  <SP HEIGHT="55" WIDTH="12" VPOS="1544" HPOS="381"/>
                  <String HEIGHT="55" WIDTH="74" VPOS="1544" HPOS="344" CONTENT="in"/>
                  <SP HEIGHT="55" WIDTH="12" VPOS="1544" HPOS="419"/>
                  <String HEIGHT="55" WIDTH="87" VPOS="1544" HPOS="381" CONTENT="qua"/>
                  <SP HEIGHT="55" WIDTH="12" VPOS="1544" HPOS="468"/>
                  <String HEIGHT="55"
                          WIDTH="136"
                          VPOS="1544"
                          HPOS="431"
                          CONTENT="ponitur"/>
                  <SP HEIGHT="55" WIDTH="12" VPOS="1544" HPOS="567"/>
                  <String HEIGHT="55"
                          WIDTH="112"
                          VPOS="1544"
                          HPOS="530"
                          CONTENT="esse,"/>
                  <SP HEIGHT="55" WIDTH="12" VPOS="1544" HPOS="642"/>
                  <String HEIGHT="55" WIDTH="87" VPOS="1544" HPOS="605" CONTENT="fit"/>
                  <SP HEIGHT="55" WIDTH="12" VPOS="1544" HPOS="691"/>
                  <String HEIGHT="55"
                          WIDTH="99"
                          VPOS="1544"
                          HPOS="642"
                          CONTENT="trans"
                          SUBS_TYPE="HypPart1"
                          SUBS_CONTENT="transmutatio"/>
                  <HYP CONTENT="-"/>
               </TextLine>
               <TextLine ID="r2l73"
                         BASELINE="1629"
                         HEIGHT="43"
                         WIDTH="506"
                         VPOS="1586"
                         HPOS="243">
                  <String HEIGHT="43"
                          WIDTH="146"
                          VPOS="1586"
                          HPOS="230"
                          CONTENT="mutatio"
                          SUBS_TYPE="HypPart2"
                          SUBS_CONTENT="transmutatio"/>
                  <SP HEIGHT="43" WIDTH="13" VPOS="1586" HPOS="376"/>
                  <String HEIGHT="43" WIDTH="80" VPOS="1586" HPOS="336" CONTENT="in"/>
                  <SP HEIGHT="43" WIDTH="13" VPOS="1586" HPOS="416"/>
                  <String HEIGHT="43"
                          WIDTH="200"
                          VPOS="1586"
                          HPOS="376"
                          CONTENT="recipiente,"/>
                  <SP HEIGHT="43" WIDTH="13" VPOS="1586" HPOS="576"/>
                  <String HEIGHT="43" WIDTH="93" VPOS="1586" HPOS="536" CONTENT="aut"/>
                  <SP HEIGHT="43" WIDTH="13" VPOS="1586" HPOS="629"/>
                  <String HEIGHT="43" WIDTH="80" VPOS="1586" HPOS="589" CONTENT="in"/>
                  <SP HEIGHT="43" WIDTH="13" VPOS="1586" HPOS="669"/>
                  <String HEIGHT="43"
                          WIDTH="133"
                          VPOS="1586"
                          HPOS="616"
                          CONTENT="recepto,"/>
               </TextLine>
               <TextLine ID="r2l74"
                         BASELINE="1666"
                         HEIGHT="37"
                         WIDTH="502"
                         VPOS="1629"
                         HPOS="243">
                  <String HEIGHT="37" WIDTH="92" VPOS="1629" HPOS="230" CONTENT="aut"/>
                  <SP HEIGHT="37" WIDTH="13" VPOS="1629" HPOS="322"/>
                  <String HEIGHT="37" WIDTH="79" VPOS="1629" HPOS="283" CONTENT="in"/>
                  <SP HEIGHT="37" WIDTH="13" VPOS="1629" HPOS="362"/>
                  <String HEIGHT="37"
                          WIDTH="159"
                          VPOS="1629"
                          HPOS="322"
                          CONTENT="utroque."/>
                  <SP HEIGHT="37" WIDTH="13" VPOS="1629" HPOS="481"/>
                  <String HEIGHT="37" WIDTH="79" VPOS="1629" HPOS="441" CONTENT="&amp;,"/>
                  <SP HEIGHT="37" WIDTH="13" VPOS="1629" HPOS="520"/>
                  <String HEIGHT="37" WIDTH="92" VPOS="1629" HPOS="481" CONTENT="cum"/>
                  <SP HEIGHT="37" WIDTH="13" VPOS="1629" HPOS="573"/>
                  <String HEIGHT="37"
                          WIDTH="198"
                          VPOS="1629"
                          HPOS="534"
                          CONTENT="impossibile"/>
                  <SP HEIGHT="37" WIDTH="13" VPOS="1629" HPOS="732"/>
                  <String HEIGHT="37" WIDTH="66" VPOS="1629" HPOS="679" CONTENT="est"/>
               </TextLine>
               <TextLine ID="r2l77"
                         BASELINE="1706"
                         HEIGHT="41"
                         WIDTH="494"
                         VPOS="1665"
                         HPOS="250">
                  <String HEIGHT="41" WIDTH="76" VPOS="1665" HPOS="237" CONTENT="vt"/>
                  <SP HEIGHT="41" WIDTH="13" VPOS="1665" HPOS="313"/>
                  <String HEIGHT="41" WIDTH="89" VPOS="1665" HPOS="275" CONTENT="sit"/>
                  <SP HEIGHT="41" WIDTH="13" VPOS="1665" HPOS="364"/>
                  <String HEIGHT="41" WIDTH="76" VPOS="1665" HPOS="326" CONTENT="in"/>
                  <SP HEIGHT="41" WIDTH="13" VPOS="1665" HPOS="402"/>
                  <String HEIGHT="41"
                          WIDTH="152"
                          VPOS="1665"
                          HPOS="364"
                          CONTENT="recepto,"/>
                  <SP HEIGHT="41" WIDTH="13" VPOS="1665" HPOS="516"/>
                  <String HEIGHT="41"
                          WIDTH="139"
                          VPOS="1665"
                          HPOS="478"
                          CONTENT="remanet"/>
                  <SP HEIGHT="41" WIDTH="13" VPOS="1665" HPOS="617"/>
                  <String HEIGHT="41" WIDTH="76" VPOS="1665" HPOS="579" CONTENT="vt"/>
                  <SP HEIGHT="41" WIDTH="13" VPOS="1665" HPOS="655"/>
                  <String HEIGHT="41" WIDTH="89" VPOS="1665" HPOS="617" CONTENT="sit"/>
                  <SP HEIGHT="41" WIDTH="13" VPOS="1665" HPOS="706"/>
                  <String HEIGHT="41" WIDTH="76" VPOS="1665" HPOS="668" CONTENT="in"/>
                  <SP HEIGHT="41" WIDTH="13" VPOS="1665" HPOS="744"/>
                  <String HEIGHT="41" WIDTH="51" VPOS="1665" HPOS="693" CONTENT="re"/>
               </TextLine>
               <TextLine ID="r2l79"
                         BASELINE="1747"
                         HEIGHT="44"
                         WIDTH="502"
                         VPOS="1703"
                         HPOS="244">
                  <String HEIGHT="44"
                          WIDTH="176"
                          VPOS="1703"
                          HPOS="230"
                          CONTENT="cipiente."/>
                  <SP HEIGHT="44" WIDTH="14" VPOS="1703" HPOS="407"/>
                  <String HEIGHT="44" WIDTH="81" VPOS="1703" HPOS="366" CONTENT="&amp;,"/>
                  <SP HEIGHT="44" WIDTH="14" VPOS="1703" HPOS="448"/>
                  <String HEIGHT="44" WIDTH="95" VPOS="1703" HPOS="407" CONTENT="cum"/>
                  <SP HEIGHT="44" WIDTH="14" VPOS="1703" HPOS="502"/>
                  <String HEIGHT="44" WIDTH="81" VPOS="1703" HPOS="461" CONTENT="in"/>
                  <SP HEIGHT="44" WIDTH="14" VPOS="1703" HPOS="542"/>
                  <String HEIGHT="44"
                          WIDTH="190"
                          VPOS="1703"
                          HPOS="502"
                          CONTENT="recipiente"/>
                  <SP HEIGHT="44" WIDTH="14" VPOS="1703" HPOS="692"/>
                  <String HEIGHT="44"
                          WIDTH="109"
                          VPOS="1703"
                          HPOS="637"
                          CONTENT="fuerit"/>
               </TextLine>
               <TextLine ID="r2l81"
                         BASELINE="1786"
                         HEIGHT="44"
                         WIDTH="497"
                         VPOS="1742"
                         HPOS="247">
                  <String HEIGHT="44"
                          WIDTH="221"
                          VPOS="1742"
                          HPOS="233"
                          CONTENT="transmutatio"/>
                  <SP HEIGHT="44" WIDTH="14" VPOS="1742" HPOS="454"/>
                  <String HEIGHT="44"
                          WIDTH="179"
                          VPOS="1742"
                          HPOS="413"
                          CONTENT="existens,"/>
                  <SP HEIGHT="44" WIDTH="14" VPOS="1742" HPOS="592"/>
                  <String HEIGHT="44"
                          WIDTH="166"
                          VPOS="1742"
                          HPOS="551"
                          CONTENT="postquam"/>
                  <SP HEIGHT="44" WIDTH="14" VPOS="1742" HPOS="716"/>
                  <String HEIGHT="44" WIDTH="97" VPOS="1742" HPOS="675" CONTENT="non"/>
                  <SP HEIGHT="44" WIDTH="14" VPOS="1742" HPOS="772"/>
                  <String HEIGHT="44" WIDTH="28" VPOS="1742" HPOS="716" CONTENT=""/>
               </TextLine>
               <TextLine ID="r2l83"
                         BASELINE="1832"
                         HEIGHT="44"
                         WIDTH="488"
                         VPOS="1788"
                         HPOS="251">
                  <String HEIGHT="44"
                          WIDTH="110"
                          VPOS="1788"
                          HPOS="239"
                          CONTENT="erat,"/>
                  <SP HEIGHT="44" WIDTH="12" VPOS="1788" HPOS="349"/>
                  <String HEIGHT="44"
                          WIDTH="171"
                          VPOS="1788"
                          HPOS="312"
                          CONTENT="necessario"/>
                  <SP HEIGHT="44" WIDTH="12" VPOS="1788" HPOS="483"/>
                  <String HEIGHT="44"
                          WIDTH="98"
                          VPOS="1788"
                          HPOS="446"
                          CONTENT="erit"/>
                  <SP HEIGHT="44" WIDTH="12" VPOS="1788" HPOS="544"/>
                  <String HEIGHT="44"
                          WIDTH="110"
                          VPOS="1788"
                          HPOS="507"
                          CONTENT="illic"/>
                  <SP HEIGHT="44" WIDTH="12" VPOS="1788" HPOS="617"/>
                  <String HEIGHT="44"
                          WIDTH="146"
                          VPOS="1788"
                          HPOS="580"
                          CONTENT="receptio"/>
                  <SP HEIGHT="44" WIDTH="12" VPOS="1788" HPOS="727"/>
                  <String HEIGHT="44"
                          WIDTH="61"
                          VPOS="1788"
                          HPOS="678"
                          CONTENT="fa"
                          SUBS_TYPE="HypPart1"
                          SUBS_CONTENT="facta"/>
                  <HYP CONTENT="-"/>
               </TextLine>
               <TextLine ID="r2l85"
                         BASELINE="1872"
                         HEIGHT="44"
                         WIDTH="506"
                         VPOS="1828"
                         HPOS="240">
                  <String HEIGHT="44"
                          WIDTH="101"
                          VPOS="1828"
                          HPOS="226"
                          CONTENT="cta"
                          SUBS_TYPE="HypPart2"
                          SUBS_CONTENT="facta"/>
                  <SP HEIGHT="44" WIDTH="14" VPOS="1828" HPOS="327"/>
                  <String HEIGHT="44" WIDTH="87" VPOS="1828" HPOS="283" CONTENT="de"/>
                  <SP HEIGHT="44" WIDTH="14" VPOS="1828" HPOS="370"/>
                  <String HEIGHT="44"
                          WIDTH="130"
                          VPOS="1828"
                          HPOS="327"
                          CONTENT="nouo,"/>
                  <SP HEIGHT="44" WIDTH="14" VPOS="1828" HPOS="457"/>
                  <String HEIGHT="44" WIDTH="72" VPOS="1828" HPOS="413" CONTENT="&amp;"/>
                  <SP HEIGHT="44" WIDTH="14" VPOS="1828" HPOS="486"/>
                  <String HEIGHT="44"
                          WIDTH="202"
                          VPOS="1828"
                          HPOS="442"
                          CONTENT="substantia"/>
                  <SP HEIGHT="44" WIDTH="14" VPOS="1828" HPOS="645"/>
                  <String HEIGHT="44"
                          WIDTH="159"
                          VPOS="1828"
                          HPOS="587"
                          CONTENT="recipiens"/>
               </TextLine>
               <TextLine ID="r2l87"
                         BASELINE="1910"
                         HEIGHT="51"
                         WIDTH="498"
                         VPOS="1859"
                         HPOS="249">
                  <String HEIGHT="51"
                          WIDTH="121"
                          VPOS="1859"
                          HPOS="236"
                          CONTENT="facta"/>
                  <SP HEIGHT="51" WIDTH="13" VPOS="1859" HPOS="357"/>
                  <String HEIGHT="51" WIDTH="81" VPOS="1859" HPOS="316" CONTENT="de"/>
                  <SP HEIGHT="51" WIDTH="13" VPOS="1859" HPOS="397"/>
                  <String HEIGHT="51"
                          WIDTH="121"
                          VPOS="1859"
                          HPOS="357"
                          CONTENT="nouo,"/>
                  <SP HEIGHT="51" WIDTH="13" VPOS="1859" HPOS="478"/>
                  <String HEIGHT="51"
                          WIDTH="162"
                          VPOS="1859"
                          HPOS="437"
                          CONTENT="postquam"/>
                  <SP HEIGHT="51" WIDTH="13" VPOS="1859" HPOS="599"/>
                  <String HEIGHT="51" WIDTH="94" VPOS="1859" HPOS="559" CONTENT="non"/>
                  <SP HEIGHT="51" WIDTH="13" VPOS="1859" HPOS="653"/>
                  <String HEIGHT="51"
                          WIDTH="121"
                          VPOS="1859"
                          HPOS="612"
                          CONTENT="erat."/>
                  <SP HEIGHT="51" WIDTH="13" VPOS="1859" HPOS="734"/>
                  <String HEIGHT="51" WIDTH="67" VPOS="1859" HPOS="680" CONTENT="Cum"/>
               </TextLine>
               <TextLine ID="r2l89"
                         BASELINE="1962"
                         HEIGHT="62"
                         WIDTH="503"
                         VPOS="1900"
                         HPOS="243">
                  <String HEIGHT="62"
                          WIDTH="152"
                          VPOS="1900"
                          HPOS="228"
                          CONTENT="igitur"/>
                  <SP HEIGHT="62" WIDTH="15" VPOS="1900" HPOS="380"/>
                  <String HEIGHT="62"
                          WIDTH="213"
                          VPOS="1900"
                          HPOS="334"
                          CONTENT="posuerimus"/>
                  <SP HEIGHT="62" WIDTH="15" VPOS="1900" HPOS="548"/>
                  <String HEIGHT="62"
                          WIDTH="229"
                          VPOS="1900"
                          HPOS="502"
                          CONTENT="receptionem"/>
                  <SP HEIGHT="62" WIDTH="15" VPOS="1900" HPOS="731"/>
                  <String HEIGHT="62" WIDTH="76" VPOS="1900" HPOS="670" CONTENT="fa"/>
               </TextLine>
            </TextBlock>
            <TextBlock ID="TextRegion_1610286264912_550"
                       HEIGHT="1822"
                       WIDTH="525"
                       VPOS="162"
                       HPOS="759">
               <Shape>
                  <Polygon POINTS="759,162 1284,162 1284,1984 759,1984"/>
               </Shape>
               <TextLine ID="r2l5"
                         BASELINE="300"
                         HEIGHT="48"
                         WIDTH="494"
                         VPOS="252"
                         HPOS="779">
                  <String HEIGHT="48"
                          WIDTH="107"
                          VPOS="252"
                          HPOS="766"
                          CONTENT="quem"/>
                  <SP HEIGHT="48" WIDTH="13" VPOS="252" HPOS="872"/>
                  <String HEIGHT="48"
                          WIDTH="107"
                          VPOS="252"
                          HPOS="832"
                          CONTENT="ipse"/>
                  <SP HEIGHT="48" WIDTH="13" VPOS="252" HPOS="939"/>
                  <String HEIGHT="48"
                          WIDTH="200"
                          VPOS="252"
                          HPOS="899"
                          CONTENT="intelligit."/>
                  <SP HEIGHT="48" WIDTH="13" VPOS="252" HPOS="1099"/>
                  <String HEIGHT="48" WIDTH="67" VPOS="252" HPOS="1059" CONTENT="&amp;"/>
                  <SP HEIGHT="48" WIDTH="13" VPOS="252" HPOS="1126"/>
                  <String HEIGHT="48" WIDTH="93" VPOS="252" HPOS="1086" CONTENT="hoc"/>
                  <SP HEIGHT="48" WIDTH="13" VPOS="252" HPOS="1180"/>
                  <String HEIGHT="48"
                          WIDTH="147"
                          VPOS="252"
                          HPOS="1126"
                          CONTENT="quaesitum"/>
               </TextLine>
               <TextLine ID="r2l7"
                         BASELINE="339"
                         HEIGHT="52"
                         WIDTH="504"
                         VPOS="287"
                         HPOS="779">
                  <String HEIGHT="52"
                          WIDTH="109"
                          VPOS="287"
                          HPOS="765"
                          CONTENT="quod"/>
                  <SP HEIGHT="52" WIDTH="14" VPOS="287" HPOS="874"/>
                  <String HEIGHT="52"
                          WIDTH="109"
                          VPOS="287"
                          HPOS="833"
                          CONTENT="ipse"/>
                  <SP HEIGHT="52" WIDTH="14" VPOS="287" HPOS="942"/>
                  <String HEIGHT="52"
                          WIDTH="177"
                          VPOS="287"
                          HPOS="902"
                          CONTENT="proposuit"/>
                  <SP HEIGHT="52" WIDTH="14" VPOS="287" HPOS="1079"/>
                  <String HEIGHT="52"
                          WIDTH="177"
                          VPOS="287"
                          HPOS="1038"
                          CONTENT="serutari,"/>
                  <SP HEIGHT="52" WIDTH="14" VPOS="287" HPOS="1215"/>
                  <String HEIGHT="52" WIDTH="95" VPOS="287" HPOS="1174" CONTENT="est"/>
                  <SP HEIGHT="52" WIDTH="14" VPOS="287" HPOS="1269"/>
                  <String HEIGHT="52"
                          WIDTH="68"
                          VPOS="287"
                          HPOS="1215"
                          CONTENT="ad"
                          SUBS_TYPE="HypPart1"
                          SUBS_CONTENT="admodum"/>
                  <HYP CONTENT="-"/>
               </TextLine>
               <TextLine ID="r2l9"
                         BASELINE="370"
                         HEIGHT="46"
                         WIDTH="504"
                         VPOS="324"
                         HPOS="775">
                  <String HEIGHT="46"
                          WIDTH="126"
                          VPOS="324"
                          HPOS="761"
                          CONTENT="modum"
                          SUBS_TYPE="HypPart2"
                          SUBS_CONTENT="admodum"/>
                  <SP HEIGHT="46" WIDTH="14" VPOS="324" HPOS="887"/>
                  <String HEIGHT="46"
                          WIDTH="196"
                          VPOS="324"
                          HPOS="845"
                          CONTENT="difficile,"/>
                  <SP HEIGHT="46" WIDTH="14" VPOS="324" HPOS="1041"/>
                  <String HEIGHT="46" WIDTH="70" VPOS="324" HPOS="999" CONTENT="&amp;"/>
                  <SP HEIGHT="46" WIDTH="14" VPOS="324" HPOS="1069"/>
                  <String HEIGHT="46"
                          WIDTH="154"
                          VPOS="324"
                          HPOS="1027"
                          CONTENT="dubium,"/>
                  <SP HEIGHT="46" WIDTH="14" VPOS="324" HPOS="1181"/>
                  <String HEIGHT="46"
                          WIDTH="126"
                          VPOS="324"
                          HPOS="1139"
                          CONTENT="quare"/>
                  <SP HEIGHT="46" WIDTH="14" VPOS="324" HPOS="1265"/>
                  <String HEIGHT="46" WIDTH="70" VPOS="324" HPOS="1209" CONTENT="nem"/>
               </TextLine>
               <TextLine ID="r2l11"
                         BASELINE="417"
                         HEIGHT="53"
                         WIDTH="498"
                         VPOS="364"
                         HPOS="774">
                  <String HEIGHT="53"
                          WIDTH="108"
                          VPOS="364"
                          HPOS="761"
                          CONTENT="erit"/>
                  <SP HEIGHT="53" WIDTH="13" VPOS="364" HPOS="868"/>
                  <String HEIGHT="53"
                          WIDTH="162"
                          VPOS="364"
                          HPOS="828"
                          CONTENT="officium"/>
                  <SP HEIGHT="53" WIDTH="13" VPOS="364" HPOS="989"/>
                  <String HEIGHT="53" WIDTH="94" VPOS="364" HPOS="949" CONTENT="pro"/>
                  <SP HEIGHT="53" WIDTH="13" VPOS="364" HPOS="1043"/>
                  <String HEIGHT="53"
                          WIDTH="135"
                          VPOS="364"
                          HPOS="1003"
                          CONTENT="virili"/>
                  <SP HEIGHT="53" WIDTH="13" VPOS="364" HPOS="1137"/>
                  <String HEIGHT="53"
                          WIDTH="135"
                          VPOS="364"
                          HPOS="1097"
                          CONTENT="nostra"/>
                  <SP HEIGHT="53" WIDTH="13" VPOS="364" HPOS="1232"/>
                  <String HEIGHT="53"
                          WIDTH="94"
                          VPOS="364"
                          HPOS="1178"
                          CONTENT="ipsum"/>
               </TextLine>
               <TextLine ID="r2l13"
                         BASELINE="456"
                         HEIGHT="51"
                         WIDTH="346"
                         VPOS="405"
                         HPOS="773">
                  <String HEIGHT="51"
                          WIDTH="211"
                          VPOS="405"
                          HPOS="758"
                          CONTENT="examinare,"/>
                  <SP HEIGHT="51" WIDTH="15" VPOS="405" HPOS="969"/>
                  <String HEIGHT="51" WIDTH="90" VPOS="405" HPOS="923" CONTENT="ac"/>
                  <SP HEIGHT="51" WIDTH="15" VPOS="405" HPOS="1014"/>
                  <String HEIGHT="51"
                          WIDTH="165"
                          VPOS="405"
                          HPOS="954"
                          CONTENT="indagare."/>
               </TextLine>
               <TextLine ID="r2l15"
                         BASELINE="491"
                         HEIGHT="49"
                         WIDTH="458"
                         VPOS="442"
                         HPOS="820">
                  <String HEIGHT="49"
                          WIDTH="115"
                          VPOS="442"
                          HPOS="810"
                          CONTENT="Dicamus"/>
                  <SP HEIGHT="49" WIDTH="10" VPOS="442" HPOS="924"/>
                  <String HEIGHT="49"
                          WIDTH="104"
                          VPOS="442"
                          HPOS="893"
                          CONTENT="itaque"/>
                  <SP HEIGHT="49" WIDTH="10" VPOS="442" HPOS="997"/>
                  <String HEIGHT="49"
                          WIDTH="94"
                          VPOS="442"
                          HPOS="966"
                          CONTENT="quod,"/>
                  <SP HEIGHT="49" WIDTH="10" VPOS="442" HPOS="1059"/>
                  <String HEIGHT="49" WIDTH="73" VPOS="442" HPOS="1028" CONTENT="qui"/>
                  <SP HEIGHT="49" WIDTH="10" VPOS="442" HPOS="1101"/>
                  <String HEIGHT="49"
                          WIDTH="115"
                          VPOS="442"
                          HPOS="1070"
                          CONTENT="asserit"/>
                  <SP HEIGHT="49" WIDTH="10" VPOS="442" HPOS="1184"/>
                  <String HEIGHT="49"
                          WIDTH="135"
                          VPOS="442"
                          HPOS="1143"
                          CONTENT="intellecnus"/>
               </TextLine>
               <TextLine ID="r2l16"
                         BASELINE="534"
                         HEIGHT="54"
                         WIDTH="498"
                         VPOS="480"
                         HPOS="777">
                  <String HEIGHT="54"
                          WIDTH="194"
                          VPOS="480"
                          HPOS="763"
                          CONTENT="materialem"/>
                  <SP HEIGHT="54" WIDTH="14" VPOS="480" HPOS="957"/>
                  <String HEIGHT="54"
                          WIDTH="111"
                          VPOS="480"
                          HPOS="915"
                          CONTENT="esse"/>
                  <SP HEIGHT="54" WIDTH="14" VPOS="480" HPOS="1026"/>
                  <String HEIGHT="54"
                          WIDTH="208"
                          VPOS="480"
                          HPOS="985"
                          CONTENT="generabilem"/>
                  <SP HEIGHT="54" WIDTH="14" VPOS="480" HPOS="1192"/>
                  <String HEIGHT="54" WIDTH="69" VPOS="480" HPOS="1151" CONTENT="&amp;"/>
                  <SP HEIGHT="54" WIDTH="14" VPOS="480" HPOS="1220"/>
                  <String HEIGHT="54"
                          WIDTH="111"
                          VPOS="480"
                          HPOS="1164"
                          CONTENT="corru"
                          SUBS_TYPE="HypPart1"
                          SUBS_CONTENT="corruptibilem,"/>
                  <HYP CONTENT="-"/>
               </TextLine>
               <TextLine ID="r2l19"
                         BASELINE="570"
                         HEIGHT="47"
                         WIDTH="502"
                         VPOS="523"
                         HPOS="772">
                  <String HEIGHT="47"
                          WIDTH="176"
                          VPOS="523"
                          HPOS="758"
                          CONTENT="ptibilem,"
                          SUBS_TYPE="HypPart2"
                          SUBS_CONTENT="corruptibilem,"/>
                  <SP HEIGHT="47" WIDTH="14" VPOS="523" HPOS="935"/>
                  <String HEIGHT="47"
                          WIDTH="109"
                          VPOS="523"
                          HPOS="894"
                          CONTENT="haud"/>
                  <SP HEIGHT="47" WIDTH="14" VPOS="523" HPOS="1003"/>
                  <String HEIGHT="47"
                          WIDTH="149"
                          VPOS="523"
                          HPOS="962"
                          CONTENT="quaquam"/>
                  <SP HEIGHT="47" WIDTH="14" VPOS="523" HPOS="1111"/>
                  <String HEIGHT="47"
                          WIDTH="149"
                          VPOS="523"
                          HPOS="1070"
                          CONTENT="poterit"/>
                  <SP HEIGHT="47" WIDTH="14" VPOS="523" HPOS="1220"/>
                  <String HEIGHT="47"
                          WIDTH="109"
                          VPOS="523"
                          HPOS="1165"
                          CONTENT="inueni"/>
               </TextLine>
               <TextLine ID="r2l20"
                         BASELINE="609"
                         HEIGHT="39"
                         WIDTH="500"
                         VPOS="570"
                         HPOS="774">
                  <String HEIGHT="39" WIDTH="88" VPOS="570" HPOS="759" CONTENT="re"/>
                  <SP HEIGHT="39" WIDTH="15" VPOS="570" HPOS="848"/>
                  <String HEIGHT="39"
                          WIDTH="162"
                          VPOS="570"
                          HPOS="803"
                          CONTENT="aliquem"/>
                  <SP HEIGHT="39" WIDTH="15" VPOS="570" HPOS="965"/>
                  <String HEIGHT="39"
                          WIDTH="132"
                          VPOS="570"
                          HPOS="921"
                          CONTENT="modum"/>
                  <SP HEIGHT="39" WIDTH="15" VPOS="570" HPOS="1053"/>
                  <String HEIGHT="39"
                          WIDTH="206"
                          VPOS="570"
                          HPOS="1009"
                          CONTENT="naturalem,"/>
                  <SP HEIGHT="39" WIDTH="15" VPOS="570" HPOS="1215"/>
                  <String HEIGHT="39" WIDTH="88" VPOS="570" HPOS="1171" CONTENT="vt"/>
                  <SP HEIGHT="39" WIDTH="15" VPOS="570" HPOS="1259"/>
                  <String HEIGHT="39" WIDTH="74" VPOS="570" HPOS="1200" CONTENT="mea"/>
               </TextLine>
               <TextLine ID="r2l22"
                         BASELINE="653"
                         HEIGHT="54"
                         WIDTH="500"
                         VPOS="599"
                         HPOS="775">
                  <String HEIGHT="54"
                          WIDTH="103"
                          VPOS="599"
                          HPOS="762"
                          CONTENT="fert"/>
                  <SP HEIGHT="54" WIDTH="13" VPOS="599" HPOS="865"/>
                  <String HEIGHT="54"
                          WIDTH="179"
                          VPOS="599"
                          HPOS="826"
                          CONTENT="sententia,"/>
                  <SP HEIGHT="54" WIDTH="13" VPOS="599" HPOS="1006"/>
                  <String HEIGHT="54" WIDTH="90" VPOS="599" HPOS="967" CONTENT="quo"/>
                  <SP HEIGHT="54" WIDTH="13" VPOS="599" HPOS="1057"/>
                  <String HEIGHT="54"
                          WIDTH="154"
                          VPOS="599"
                          HPOS="1019"
                          CONTENT="possimus"/>
                  <SP HEIGHT="54" WIDTH="13" VPOS="599" HPOS="1172"/>
                  <String HEIGHT="54"
                          WIDTH="154"
                          VPOS="599"
                          HPOS="1121"
                          CONTENT="communiun"
                          SUBS_TYPE="HypPart1"
                          SUBS_CONTENT="communiungi"/>
                  <HYP CONTENT="-"/>
               </TextLine>
               <TextLine ID="r2l25"
                         BASELINE="691"
                         HEIGHT="54"
                         WIDTH="496"
                         VPOS="637"
                         HPOS="778">
                  <String HEIGHT="54"
                          WIDTH="66"
                          VPOS="637"
                          HPOS="767"
                          CONTENT="gi"
                          SUBS_TYPE="HypPart2"
                          SUBS_CONTENT="communiungi"/>
                  <SP HEIGHT="54" WIDTH="11" VPOS="637" HPOS="833"/>
                  <String HEIGHT="54" WIDTH="77" VPOS="637" HPOS="800" CONTENT="cum"/>
                  <SP HEIGHT="54" WIDTH="11" VPOS="637" HPOS="877"/>
                  <String HEIGHT="54"
                          WIDTH="187"
                          VPOS="637"
                          HPOS="844"
                          CONTENT="intelligentus"/>
                  <SP HEIGHT="54" WIDTH="11" VPOS="637" HPOS="1032"/>
                  <String HEIGHT="54"
                          WIDTH="165"
                          VPOS="637"
                          HPOS="998"
                          CONTENT="abstractis."/>
                  <SP HEIGHT="54" WIDTH="11" VPOS="637" HPOS="1164"/>
                  <String HEIGHT="54"
                          WIDTH="121"
                          VPOS="637"
                          HPOS="1131"
                          CONTENT="quoniam"/>
                  <SP HEIGHT="54" WIDTH="11" VPOS="637" HPOS="1252"/>
                  <String HEIGHT="54"
                          WIDTH="66"
                          VPOS="637"
                          HPOS="1208"
                          CONTENT="ipse"/>
               </TextLine>
               <TextLine ID="r2l27"
                         BASELINE="733"
                         HEIGHT="56"
                         WIDTH="492"
                         VPOS="677"
                         HPOS="779">
                  <String HEIGHT="56"
                          WIDTH="168"
                          VPOS="677"
                          HPOS="768"
                          CONTENT="intellectus"/>
                  <SP HEIGHT="56" WIDTH="11" VPOS="677" HPOS="936"/>
                  <String HEIGHT="56"
                          WIDTH="101"
                          VPOS="677"
                          HPOS="902"
                          CONTENT="debet"/>
                  <SP HEIGHT="56" WIDTH="11" VPOS="677" HPOS="1003"/>
                  <String HEIGHT="56"
                          WIDTH="157"
                          VPOS="677"
                          HPOS="969"
                          CONTENT="vndequaque"/>
                  <SP HEIGHT="56" WIDTH="11" VPOS="677" HPOS="1126"/>
                  <String HEIGHT="56"
                          WIDTH="89"
                          VPOS="677"
                          HPOS="1092"
                          CONTENT="esse"/>
                  <SP HEIGHT="56" WIDTH="11" VPOS="677" HPOS="1182"/>
                  <String HEIGHT="56"
                          WIDTH="134"
                          VPOS="677"
                          HPOS="1137"
                          CONTENT="intelligi"
                          SUBS_TYPE="HypPart1"
                          SUBS_CONTENT="intelligibilis,"/>
                  <HYP CONTENT="-"/>
               </TextLine>
               <TextLine ID="r2l29"
                         BASELINE="769"
                         HEIGHT="52"
                         WIDTH="504"
                         VPOS="717"
                         HPOS="775">
                  <String HEIGHT="52"
                          WIDTH="123"
                          VPOS="717"
                          HPOS="763"
                          CONTENT="bilis,"
                          SUBS_TYPE="HypPart2"
                          SUBS_CONTENT="intelligibilis,"/>
                  <SP HEIGHT="52" WIDTH="12" VPOS="717" HPOS="886"/>
                  <String HEIGHT="52"
                          WIDTH="172"
                          VPOS="717"
                          HPOS="849"
                          CONTENT="omnibusque"/>
                  <SP HEIGHT="52" WIDTH="12" VPOS="717" HPOS="1021"/>
                  <String HEIGHT="52"
                          WIDTH="123"
                          VPOS="717"
                          HPOS="984"
                          CONTENT="modis,"/>
                  <SP HEIGHT="52" WIDTH="12" VPOS="717" HPOS="1107"/>
                  <String HEIGHT="52"
                          WIDTH="172"
                          VPOS="717"
                          HPOS="1070"
                          CONTENT="praesertim"/>
                  <SP HEIGHT="52" WIDTH="12" VPOS="717" HPOS="1242"/>
                  <String HEIGHT="52" WIDTH="74" VPOS="717" HPOS="1205" CONTENT="in"/>
                  <SP HEIGHT="52" WIDTH="12" VPOS="717" HPOS="1279"/>
                  <String HEIGHT="52" WIDTH="49" VPOS="717" HPOS="1230" CONTENT="re"/>
               </TextLine>
               <TextLine ID="r2l31"
                         BASELINE="810"
                         HEIGHT="53"
                         WIDTH="488"
                         VPOS="757"
                         HPOS="783">
                  <String HEIGHT="53" WIDTH="95" VPOS="757" HPOS="769" CONTENT="pus"/>
                  <SP HEIGHT="53" WIDTH="14" VPOS="757" HPOS="864"/>
                  <String HEIGHT="53"
                          WIDTH="163"
                          VPOS="757"
                          HPOS="824"
                          CONTENT="materiae"/>
                  <SP HEIGHT="53" WIDTH="14" VPOS="757" HPOS="986"/>
                  <String HEIGHT="53"
                          WIDTH="176"
                          VPOS="757"
                          HPOS="946"
                          CONTENT="exptibus."/>
                  <SP HEIGHT="53" WIDTH="14" VPOS="757" HPOS="1122"/>
                  <String HEIGHT="53"
                          WIDTH="136"
                          VPOS="757"
                          HPOS="1081"
                          CONTENT="Quare,"/>
                  <SP HEIGHT="53" WIDTH="14" VPOS="757" HPOS="1217"/>
                  <String HEIGHT="53" WIDTH="81" VPOS="757" HPOS="1176" CONTENT="si"/>
                  <SP HEIGHT="53" WIDTH="14" VPOS="757" HPOS="1257"/>
                  <String HEIGHT="53" WIDTH="68" VPOS="757" HPOS="1203" CONTENT="sub"/>
               </TextLine>
               <TextLine ID="r2l33"
                         BASELINE="849"
                         HEIGHT="53"
                         WIDTH="496"
                         VPOS="796"
                         HPOS="775">
                  <String HEIGHT="53"
                          WIDTH="144"
                          VPOS="796"
                          HPOS="762"
                          CONTENT="stantia"/>
                  <SP HEIGHT="53" WIDTH="13" VPOS="796" HPOS="906"/>
                  <String HEIGHT="53"
                          WIDTH="170"
                          VPOS="796"
                          HPOS="866"
                          CONTENT="gnrabilis"/>
                  <SP HEIGHT="53" WIDTH="13" VPOS="796" HPOS="1036"/>
                  <String HEIGHT="53" WIDTH="65" VPOS="796" HPOS="997" CONTENT="&amp;"/>
                  <SP HEIGHT="53" WIDTH="13" VPOS="796" HPOS="1062"/>
                  <String HEIGHT="53"
                          WIDTH="222"
                          VPOS="796"
                          HPOS="1023"
                          CONTENT="corruptibilis"/>
                  <SP HEIGHT="53" WIDTH="13" VPOS="796" HPOS="1245"/>
                  <String HEIGHT="53"
                          WIDTH="78"
                          VPOS="796"
                          HPOS="1193"
                          CONTENT="pos"
                          SUBS_TYPE="HypPart1"
                          SUBS_CONTENT="posset"/>
                  <HYP CONTENT="-"/>
               </TextLine>
               <TextLine ID="r2l35"
                         BASELINE="889"
                         HEIGHT="52"
                         WIDTH="506"
                         VPOS="837"
                         HPOS="775">
                  <String HEIGHT="52"
                          WIDTH="96"
                          VPOS="837"
                          HPOS="761"
                          CONTENT="set"
                          SUBS_TYPE="HypPart2"
                          SUBS_CONTENT="posset"/>
                  <SP HEIGHT="52" WIDTH="14" VPOS="837" HPOS="857"/>
                  <String HEIGHT="52"
                          WIDTH="205"
                          VPOS="837"
                          HPOS="816"
                          CONTENT="intelligere"/>
                  <SP HEIGHT="52" WIDTH="14" VPOS="837" HPOS="1021"/>
                  <String HEIGHT="52"
                          WIDTH="137"
                          VPOS="837"
                          HPOS="980"
                          CONTENT="formas"/>
                  <SP HEIGHT="52" WIDTH="14" VPOS="837" HPOS="1117"/>
                  <String HEIGHT="52"
                          WIDTH="205"
                          VPOS="837"
                          HPOS="1076"
                          CONTENT="abstractas,"/>
                  <SP HEIGHT="52" WIDTH="14" VPOS="837" HPOS="1281"/>
                  <String HEIGHT="52" WIDTH="68" VPOS="837" HPOS="1240" CONTENT="&amp;"/>
                  <SP HEIGHT="52" WIDTH="14" VPOS="837" HPOS="1308"/>
                  <String HEIGHT="52" WIDTH="27" VPOS="837" HPOS="1254" CONTENT=""/>
               </TextLine>
               <TextLine ID="r2l37"
                         BASELINE="925"
                         HEIGHT="40"
                         WIDTH="508"
                         VPOS="885"
                         HPOS="777">
                  <String HEIGHT="40"
                          WIDTH="121"
                          VPOS="885"
                          HPOS="765"
                          CONTENT="effici"/>
                  <SP HEIGHT="40" WIDTH="12" VPOS="885" HPOS="886"/>
                  <String HEIGHT="40" WIDTH="97" VPOS="885" HPOS="850" CONTENT="quid"/>
                  <SP HEIGHT="40" WIDTH="12" VPOS="885" HPOS="946"/>
                  <String HEIGHT="40" WIDTH="97" VPOS="885" HPOS="910" CONTENT="vnum"/>
                  <SP HEIGHT="40" WIDTH="12" VPOS="885" HPOS="1007"/>
                  <String HEIGHT="40" WIDTH="85" VPOS="885" HPOS="971" CONTENT="cum"/>
                  <SP HEIGHT="40" WIDTH="12" VPOS="885" HPOS="1055"/>
                  <String HEIGHT="40"
                          WIDTH="121"
                          VPOS="885"
                          HPOS="1019"
                          CONTENT="ipsis,"/>
                  <SP HEIGHT="40" WIDTH="12" VPOS="885" HPOS="1140"/>
                  <String HEIGHT="40"
                          WIDTH="97"
                          VPOS="885"
                          HPOS="1104"
                          CONTENT="tunc"/>
                  <SP HEIGHT="40" WIDTH="12" VPOS="885" HPOS="1200"/>
                  <String HEIGHT="40"
                          WIDTH="133"
                          VPOS="885"
                          HPOS="1152"
                          CONTENT="oporteret"/>
               </TextLine>
               <TextLine ID="r2l39"
                         BASELINE="954"
                         HEIGHT="40"
                         WIDTH="500"
                         VPOS="914"
                         HPOS="774">
                  <String HEIGHT="40" WIDTH="70" VPOS="914" HPOS="762" CONTENT="vt"/>
                  <SP HEIGHT="40" WIDTH="12" VPOS="914" HPOS="832"/>
                  <String HEIGHT="40" WIDTH="93" VPOS="914" HPOS="797" CONTENT="ipsa"/>
                  <SP HEIGHT="40" WIDTH="12" VPOS="914" HPOS="890"/>
                  <String HEIGHT="40" WIDTH="81" VPOS="914" HPOS="855" CONTENT="nam"/>
                  <SP HEIGHT="40" WIDTH="12" VPOS="914" HPOS="937"/>
                  <String HEIGHT="40"
                          WIDTH="140"
                          VPOS="914"
                          HPOS="902"
                          CONTENT="posibius"/>
                  <SP HEIGHT="40" WIDTH="12" VPOS="914" HPOS="1041"/>
                  <String HEIGHT="40"
                          WIDTH="174"
                          VPOS="914"
                          HPOS="1007"
                          CONTENT="efficeretur"/>
                  <SP HEIGHT="40" WIDTH="12" VPOS="914" HPOS="1181"/>
                  <String HEIGHT="40"
                          WIDTH="140"
                          VPOS="914"
                          HPOS="1134"
                          CONTENT="necessaria"/>
               </TextLine>
               <TextLine ID="r2l41"
                         BASELINE="994"
                         HEIGHT="37"
                         WIDTH="498"
                         VPOS="957"
                         HPOS="778">
                  <String HEIGHT="37" WIDTH="88" VPOS="957" HPOS="763" CONTENT="vt"/>
                  <SP HEIGHT="37" WIDTH="15" VPOS="957" HPOS="851"/>
                  <String HEIGHT="37" WIDTH="88" VPOS="957" HPOS="807" CONTENT="d."/>
                  <SP HEIGHT="37" WIDTH="15" VPOS="957" HPOS="895"/>
                  <String HEIGHT="37"
                          WIDTH="205"
                          VPOS="957"
                          HPOS="851"
                          CONTENT="Alfarabius"/>
                  <SP HEIGHT="37" WIDTH="15" VPOS="957" HPOS="1056"/>
                  <String HEIGHT="37" WIDTH="88" VPOS="957" HPOS="1012" CONTENT="in"/>
                  <SP HEIGHT="37" WIDTH="15" VPOS="957" HPOS="1100"/>
                  <String HEIGHT="37"
                          WIDTH="220"
                          VPOS="957"
                          HPOS="1056"
                          CONTENT="Nicomachia."/>
                  <SP HEIGHT="37" WIDTH="15" VPOS="957" HPOS="1276"/>
                  <String HEIGHT="37" WIDTH="73" VPOS="957" HPOS="1232" CONTENT="&amp;"/>
                  <SP HEIGHT="37" WIDTH="15" VPOS="957" HPOS="1305"/>
                  <String HEIGHT="37" WIDTH="29" VPOS="957" HPOS="1247" CONTENT=""/>
               </TextLine>
               <TextLine ID="r2l43"
                         BASELINE="1034"
                         HEIGHT="42"
                         WIDTH="510"
                         VPOS="992"
                         HPOS="769">
                  <String HEIGHT="42" WIDTH="79" VPOS="992" HPOS="758" CONTENT="hoc"/>
                  <SP HEIGHT="42" WIDTH="11" VPOS="992" HPOS="837"/>
                  <String HEIGHT="42"
                          WIDTH="113"
                          VPOS="992"
                          HPOS="803"
                          CONTENT="quidem"/>
                  <SP HEIGHT="42" WIDTH="11" VPOS="992" HPOS="916"/>
                  <String HEIGHT="42"
                          WIDTH="136"
                          VPOS="992"
                          HPOS="882"
                          CONTENT="sequitur"/>
                  <SP HEIGHT="42" WIDTH="11" VPOS="992" HPOS="1018"/>
                  <String HEIGHT="42" WIDTH="68" VPOS="992" HPOS="984" CONTENT="ex"/>
                  <SP HEIGHT="42" WIDTH="11" VPOS="992" HPOS="1052"/>
                  <String HEIGHT="42"
                          WIDTH="170"
                          VPOS="992"
                          HPOS="1018"
                          CONTENT="fundamentis"/>
                  <SP HEIGHT="42" WIDTH="11" VPOS="992" HPOS="1188"/>
                  <String HEIGHT="42"
                          WIDTH="136"
                          VPOS="992"
                          HPOS="1143"
                          CONTENT="sapientum."/>
               </TextLine>
               <TextLine ID="r2l45"
                         BASELINE="1079"
                         HEIGHT="46"
                         WIDTH="452"
                         VPOS="1033"
                         HPOS="823">
                  <String HEIGHT="46"
                          WIDTH="88"
                          VPOS="1033"
                          HPOS="812"
                          CONTENT="Quod"/>
                  <SP HEIGHT="46" WIDTH="11" VPOS="1033" HPOS="900"/>
                  <String HEIGHT="46" WIDTH="66" VPOS="1033" HPOS="867" CONTENT="si"/>
                  <SP HEIGHT="46" WIDTH="11" VPOS="1033" HPOS="933"/>
                  <String HEIGHT="46"
                          WIDTH="121"
                          VPOS="1033"
                          HPOS="900"
                          CONTENT="aliquis"/>
                  <SP HEIGHT="46" WIDTH="11" VPOS="1033" HPOS="1021"/>
                  <String HEIGHT="46"
                          WIDTH="121"
                          VPOS="1033"
                          HPOS="988"
                          CONTENT="rundens"/>
                  <SP HEIGHT="46" WIDTH="11" VPOS="1033" HPOS="1110"/>
                  <String HEIGHT="46"
                          WIDTH="121"
                          VPOS="1033"
                          HPOS="1077"
                          CONTENT="dixerit"/>
                  <SP HEIGHT="46" WIDTH="11" VPOS="1033" HPOS="1198"/>
                  <String HEIGHT="46"
                          WIDTH="88"
                          VPOS="1033"
                          HPOS="1165"
                          CONTENT="quod"/>
                  <SP HEIGHT="46" WIDTH="11" VPOS="1033" HPOS="1253"/>
                  <String HEIGHT="46"
                          WIDTH="77"
                          VPOS="1033"
                          HPOS="1220"
                          CONTENT="id,"/>
                  <SP HEIGHT="46" WIDTH="11" VPOS="1033" HPOS="1297"/>
                  <String HEIGHT="46" WIDTH="22" VPOS="1033" HPOS="1253" CONTENT=""/>
               </TextLine>
               <TextLine ID="r2l47"
                         BASELINE="1118"
                         HEIGHT="43"
                         WIDTH="502"
                         VPOS="1075"
                         HPOS="775">
                  <String HEIGHT="43"
                          WIDTH="93"
                          VPOS="1075"
                          HPOS="763"
                          CONTENT="quod"/>
                  <SP HEIGHT="43" WIDTH="12" VPOS="1075" HPOS="857"/>
                  <String HEIGHT="43"
                          WIDTH="105"
                          VPOS="1075"
                          HPOS="822"
                          CONTENT="Alex."/>
                  <SP HEIGHT="43" WIDTH="12" VPOS="1075" HPOS="927"/>
                  <String HEIGHT="43"
                          WIDTH="152"
                          VPOS="1075"
                          HPOS="892"
                          CONTENT="opinatur,"/>
                  <SP HEIGHT="43" WIDTH="12" VPOS="1075" HPOS="1044"/>
                  <String HEIGHT="43"
                          WIDTH="210"
                          VPOS="1075"
                          HPOS="1008"
                          CONTENT="intellsecundum"/>
                  <SP HEIGHT="43" WIDTH="12" VPOS="1075" HPOS="1219"/>
                  <String HEIGHT="43"
                          WIDTH="105"
                          VPOS="1075"
                          HPOS="1172"
                          CONTENT="adeptum"/>
               </TextLine>
               <TextLine ID="r2l49"
                         BASELINE="1162"
                         HEIGHT="46"
                         WIDTH="506"
                         VPOS="1116"
                         HPOS="772">
                  <String HEIGHT="46"
                          WIDTH="150"
                          VPOS="1116"
                          HPOS="761"
                          CONTENT="existere,"/>
                  <SP HEIGHT="46" WIDTH="12" VPOS="1116" HPOS="910"/>
                  <String HEIGHT="46" WIDTH="81" VPOS="1116" HPOS="876" CONTENT="non"/>
                  <SP HEIGHT="46" WIDTH="12" VPOS="1116" HPOS="956"/>
                  <String HEIGHT="46"
                          WIDTH="161"
                          VPOS="1116"
                          HPOS="922"
                          CONTENT="intelligit"/>
                  <SP HEIGHT="46" WIDTH="12" VPOS="1116" HPOS="1083"/>
                  <String HEIGHT="46" WIDTH="69" VPOS="1116" HPOS="1048" CONTENT="id"/>
                  <SP HEIGHT="46" WIDTH="12" VPOS="1116" HPOS="1117"/>
                  <String HEIGHT="46"
                          WIDTH="92"
                          VPOS="1116"
                          HPOS="1083"
                          CONTENT="esse"/>
                  <SP HEIGHT="46" WIDTH="12" VPOS="1116" HPOS="1175"/>
                  <String HEIGHT="46"
                          WIDTH="127"
                          VPOS="1116"
                          HPOS="1140"
                          CONTENT="aliquem"/>
                  <SP HEIGHT="46" WIDTH="12" VPOS="1116" HPOS="1267"/>
                  <String HEIGHT="46"
                          WIDTH="58"
                          VPOS="1116"
                          HPOS="1221"
                          CONTENT="com"/>
               </TextLine>
               <TextLine ID="r2l51"
                         BASELINE="1203"
                         HEIGHT="54"
                         WIDTH="500"
                         VPOS="1149"
                         HPOS="773">
                  <String HEIGHT="54"
                          WIDTH="106"
                          VPOS="1149"
                          HPOS="762"
                          CONTENT="ceptum"/>
                  <SP HEIGHT="54" WIDTH="11" VPOS="1149" HPOS="869"/>
                  <String HEIGHT="54"
                          WIDTH="117"
                          VPOS="1149"
                          HPOS="837"
                          CONTENT="nouiter"/>
                  <SP HEIGHT="54" WIDTH="11" VPOS="1149" HPOS="954"/>
                  <String HEIGHT="54"
                          WIDTH="106"
                          VPOS="1149"
                          HPOS="922"
                          CONTENT="factum"/>
                  <SP HEIGHT="54" WIDTH="11" VPOS="1149" HPOS="1028"/>
                  <String HEIGHT="54"
                          WIDTH="149"
                          VPOS="1149"
                          HPOS="996"
                          CONTENT="inintellus"/>
                  <SP HEIGHT="54" WIDTH="11" VPOS="1149" HPOS="1145"/>
                  <String HEIGHT="54"
                          WIDTH="149"
                          VPOS="1149"
                          HPOS="1113"
                          CONTENT="materiali,"/>
                  <SP HEIGHT="54" WIDTH="11" VPOS="1149" HPOS="1262"/>
                  <String HEIGHT="54"
                          WIDTH="53"
                          VPOS="1149"
                          HPOS="1220"
                          CONTENT="qui"/>
               </TextLine>
               <TextLine ID="r2l53"
                         BASELINE="1234"
                         HEIGHT="44"
                         WIDTH="499"
                         VPOS="1190"
                         HPOS="773">
                  <String HEIGHT="44"
                          WIDTH="98"
                          VPOS="1190"
                          HPOS="762"
                          CONTENT="antea"/>
                  <SP HEIGHT="44" WIDTH="11" VPOS="1190" HPOS="860"/>
                  <String HEIGHT="44" WIDTH="76" VPOS="1190" HPOS="827" CONTENT="non"/>
                  <SP HEIGHT="44" WIDTH="11" VPOS="1190" HPOS="903"/>
                  <String HEIGHT="44"
                          WIDTH="174"
                          VPOS="1190"
                          HPOS="871"
                          CONTENT="reperiretur,"/>
                  <SP HEIGHT="44" WIDTH="11" VPOS="1190" HPOS="1044"/>
                  <String HEIGHT="44"
                          WIDTH="76"
                          VPOS="1190"
                          HPOS="1012"
                          CONTENT="sed"/>
                  <SP HEIGHT="44" WIDTH="11" VPOS="1190" HPOS="1088"/>
                  <String HEIGHT="44"
                          WIDTH="87"
                          VPOS="1190"
                          HPOS="1055"
                          CONTENT="quod"/>
                  <SP HEIGHT="44" WIDTH="11" VPOS="1190" HPOS="1142"/>
                  <String HEIGHT="44"
                          WIDTH="174"
                          VPOS="1190"
                          HPOS="1098"
                          CONTENT="communiungitur"/>
               </TextLine>
               <TextLine ID="r2l55"
                         BASELINE="1280"
                         HEIGHT="50"
                         WIDTH="499"
                         VPOS="1230"
                         HPOS="774">
                  <String HEIGHT="50"
                          WIDTH="125"
                          VPOS="1230"
                          HPOS="760"
                          CONTENT="nobis"/>
                  <SP HEIGHT="50" WIDTH="14" VPOS="1230" HPOS="885"/>
                  <String HEIGHT="50" WIDTH="97" VPOS="1230" HPOS="843" CONTENT="ita"/>
                  <SP HEIGHT="50" WIDTH="14" VPOS="1230" HPOS="940"/>
                  <String HEIGHT="50" WIDTH="83" VPOS="1230" HPOS="899" CONTENT="vt"/>
                  <SP HEIGHT="50" WIDTH="14" VPOS="1230" HPOS="982"/>
                  <String HEIGHT="50" WIDTH="97" VPOS="1230" HPOS="940" CONTENT="sit"/>
                  <SP HEIGHT="50" WIDTH="14" VPOS="1230" HPOS="1037"/>
                  <String HEIGHT="50"
                          WIDTH="125"
                          VPOS="1230"
                          HPOS="996"
                          CONTENT="forma"/>
                  <SP HEIGHT="50" WIDTH="14" VPOS="1230" HPOS="1121"/>
                  <String HEIGHT="50" WIDTH="83" VPOS="1230" HPOS="1079" CONTENT="in"/>
                  <SP HEIGHT="50" WIDTH="14" VPOS="1230" HPOS="1162"/>
                  <String HEIGHT="50"
                          WIDTH="139"
                          VPOS="1230"
                          HPOS="1121"
                          CONTENT="nobis,"/>
                  <SP HEIGHT="50" WIDTH="14" VPOS="1230" HPOS="1259"/>
                  <String HEIGHT="50"
                          WIDTH="69"
                          VPOS="1230"
                          HPOS="1204"
                          CONTENT="qua"/>
               </TextLine>
               <TextLine ID="r2l57"
                         BASELINE="1319"
                         HEIGHT="43"
                         WIDTH="489"
                         VPOS="1276"
                         HPOS="777">
                  <String HEIGHT="43"
                          WIDTH="204"
                          VPOS="1276"
                          HPOS="763"
                          CONTENT="adipiscamur"/>
                  <SP HEIGHT="43" WIDTH="14" VPOS="1276" HPOS="967"/>
                  <String HEIGHT="43"
                          WIDTH="149"
                          VPOS="1276"
                          HPOS="926"
                          CONTENT="reliqua"/>
                  <SP HEIGHT="43" WIDTH="14" VPOS="1276" HPOS="1076"/>
                  <String HEIGHT="43"
                          WIDTH="136"
                          VPOS="1276"
                          HPOS="1035"
                          CONTENT="entia,"/>
                  <SP HEIGHT="43" WIDTH="14" VPOS="1276" HPOS="1171"/>
                  <String HEIGHT="43" WIDTH="82" VPOS="1276" HPOS="1130" CONTENT="vt"/>
                  <SP HEIGHT="43" WIDTH="14" VPOS="1276" HPOS="1212"/>
                  <String HEIGHT="43" WIDTH="82" VPOS="1276" HPOS="1171" CONTENT="ex"/>
                  <SP HEIGHT="43" WIDTH="14" VPOS="1276" HPOS="1252"/>
                  <String HEIGHT="43"
                          WIDTH="68"
                          VPOS="1276"
                          HPOS="1198"
                          CONTENT="ver"/>
               </TextLine>
               <TextLine ID="r2l58"
                         BASELINE="1360"
                         HEIGHT="51"
                         WIDTH="499"
                         VPOS="1309"
                         HPOS="777">
                  <String HEIGHT="51" WIDTH="85" VPOS="1309" HPOS="765" CONTENT="bis"/>
                  <SP HEIGHT="51" WIDTH="12" VPOS="1309" HPOS="850"/>
                  <String HEIGHT="51"
                          WIDTH="110"
                          VPOS="1309"
                          HPOS="814"
                          CONTENT="Alex."/>
                  <SP HEIGHT="51" WIDTH="12" VPOS="1309" HPOS="923"/>
                  <String HEIGHT="51"
                          WIDTH="134"
                          VPOS="1309"
                          HPOS="887"
                          CONTENT="colligi"/>
                  <SP HEIGHT="51" WIDTH="12" VPOS="1309" HPOS="1020"/>
                  <String HEIGHT="51"
                          WIDTH="110"
                          VPOS="1309"
                          HPOS="984"
                          CONTENT="pont,"/>
                  <SP HEIGHT="51" WIDTH="12" VPOS="1309" HPOS="1093"/>
                  <String HEIGHT="51"
                          WIDTH="110"
                          VPOS="1309"
                          HPOS="1057"
                          CONTENT="licet"/>
                  <SP HEIGHT="51" WIDTH="12" VPOS="1309" HPOS="1166"/>
                  <String HEIGHT="51" WIDTH="73" VPOS="1309" HPOS="1130" CONTENT="ex"/>
                  <SP HEIGHT="51" WIDTH="12" VPOS="1309" HPOS="1203"/>
                  <String HEIGHT="51"
                          WIDTH="85"
                          VPOS="1309"
                          HPOS="1166"
                          CONTENT="eis"/>
                  <SP HEIGHT="51" WIDTH="12" VPOS="1309" HPOS="1252"/>
                  <String HEIGHT="51"
                          WIDTH="85"
                          VPOS="1309"
                          HPOS="1215"
                          CONTENT="non"/>
                  <SP HEIGHT="51" WIDTH="12" VPOS="1309" HPOS="1300"/>
                  <String HEIGHT="51" WIDTH="24" VPOS="1309" HPOS="1252" CONTENT=""/>
               </TextLine>
               <TextLine ID="r2l60"
                         BASELINE="1398"
                         HEIGHT="49"
                         WIDTH="494"
                         VPOS="1349"
                         HPOS="776">
                  <String HEIGHT="49"
                          WIDTH="138"
                          VPOS="1349"
                          HPOS="765"
                          CONTENT="appareat"/>
                  <SP HEIGHT="49" WIDTH="11" VPOS="1349" HPOS="902"/>
                  <String HEIGHT="49"
                          WIDTH="115"
                          VPOS="1349"
                          HPOS="868"
                          CONTENT="modus,"/>
                  <SP HEIGHT="49" WIDTH="11" VPOS="1349" HPOS="983"/>
                  <String HEIGHT="49" WIDTH="80" VPOS="1349" HPOS="948" CONTENT="quo"/>
                  <SP HEIGHT="49" WIDTH="11" VPOS="1349" HPOS="1029"/>
                  <String HEIGHT="49"
                          WIDTH="149"
                          VPOS="1349"
                          HPOS="994"
                          CONTENT="huiusmodi"/>
                  <SP HEIGHT="49" WIDTH="11" VPOS="1349" HPOS="1144"/>
                  <String HEIGHT="49"
                          WIDTH="172"
                          VPOS="1349"
                          HPOS="1098"
                          CONTENT="communiunctio"/>
               </TextLine>
               <TextLine ID="r2l63"
                         BASELINE="1440"
                         HEIGHT="54"
                         WIDTH="494"
                         VPOS="1386"
                         HPOS="777">
                  <String HEIGHT="54" WIDTH="65" VPOS="1386" HPOS="764" CONTENT="&amp;"/>
                  <SP HEIGHT="54" WIDTH="13" VPOS="1386" HPOS="829"/>
                  <String HEIGHT="54"
                          WIDTH="169"
                          VPOS="1386"
                          HPOS="790"
                          CONTENT="copulatio"/>
                  <SP HEIGHT="54" WIDTH="13" VPOS="1386" HPOS="959"/>
                  <String HEIGHT="54" WIDTH="91" VPOS="1386" HPOS="920" CONTENT="sit"/>
                  <SP HEIGHT="54" WIDTH="13" VPOS="1386" HPOS="1011"/>
                  <String HEIGHT="54"
                          WIDTH="169"
                          VPOS="1386"
                          HPOS="972"
                          CONTENT="possibis."/>
                  <SP HEIGHT="54" WIDTH="13" VPOS="1386" HPOS="1141"/>
                  <String HEIGHT="54"
                          WIDTH="143"
                          VPOS="1386"
                          HPOS="1102"
                          CONTENT="Dicamus"/>
                  <SP HEIGHT="54" WIDTH="13" VPOS="1386" HPOS="1245"/>
                  <String HEIGHT="54"
                          WIDTH="78"
                          VPOS="1386"
                          HPOS="1193"
                          CONTENT="ergo"/>
               </TextLine>
               <TextLine ID="r2l65"
                         BASELINE="1475"
                         HEIGHT="45"
                         WIDTH="501"
                         VPOS="1430"
                         HPOS="774">
                  <String HEIGHT="45"
                          WIDTH="98"
                          VPOS="1430"
                          HPOS="763"
                          CONTENT="quod,"/>
                  <SP HEIGHT="45" WIDTH="11" VPOS="1430" HPOS="861"/>
                  <String HEIGHT="45" WIDTH="65" VPOS="1430" HPOS="828" CONTENT="si"/>
                  <SP HEIGHT="45" WIDTH="11" VPOS="1430" HPOS="894"/>
                  <String HEIGHT="45"
                          WIDTH="152"
                          VPOS="1430"
                          HPOS="861"
                          CONTENT="concedamus"/>
                  <SP HEIGHT="45" WIDTH="11" VPOS="1430" HPOS="1014"/>
                  <String HEIGHT="45"
                          WIDTH="142"
                          VPOS="1430"
                          HPOS="981"
                          CONTENT="huiusmodi"/>
                  <SP HEIGHT="45" WIDTH="11" VPOS="1430" HPOS="1123"/>
                  <String HEIGHT="45"
                          WIDTH="196"
                          VPOS="1430"
                          HPOS="1079"
                          CONTENT="communiunctionem"/>
               </TextLine>
               <TextLine ID="r2l67"
                         BASELINE="1506"
                         HEIGHT="40"
                         WIDTH="498"
                         VPOS="1466"
                         HPOS="783">
                  <String HEIGHT="40" WIDTH="85" VPOS="1466" HPOS="771" CONTENT="sst"/>
                  <SP HEIGHT="40" WIDTH="12" VPOS="1466" HPOS="856"/>
                  <String HEIGHT="40"
                          WIDTH="134"
                          VPOS="1466"
                          HPOS="819"
                          CONTENT="factam,"/>
                  <SP HEIGHT="40" WIDTH="12" VPOS="1466" HPOS="953"/>
                  <String HEIGHT="40"
                          WIDTH="146"
                          VPOS="1466"
                          HPOS="917"
                          CONTENT="postquam"/>
                  <SP HEIGHT="40" WIDTH="12" VPOS="1466" HPOS="1062"/>
                  <String HEIGHT="40"
                          WIDTH="85"
                          VPOS="1466"
                          HPOS="1026"
                          CONTENT="non"/>
                  <SP HEIGHT="40" WIDTH="12" VPOS="1466" HPOS="1111"/>
                  <String HEIGHT="40"
                          WIDTH="109"
                          VPOS="1466"
                          HPOS="1075"
                          CONTENT="erat,"/>
                  <SP HEIGHT="40" WIDTH="12" VPOS="1466" HPOS="1184"/>
                  <String HEIGHT="40" WIDTH="73" VPOS="1466" HPOS="1147" CONTENT="vt"/>
                  <SP HEIGHT="40" WIDTH="12" VPOS="1466" HPOS="1220"/>
                  <String HEIGHT="40"
                          WIDTH="109"
                          VPOS="1466"
                          HPOS="1172"
                          CONTENT="necessa"/>
               </TextLine>
               <TextLine ID="r2l68"
                         BASELINE="1546"
                         HEIGHT="42"
                         WIDTH="499"
                         VPOS="1504"
                         HPOS="776">
                  <String HEIGHT="42" WIDTH="83" VPOS="1504" HPOS="764" CONTENT="rio"/>
                  <SP HEIGHT="42" WIDTH="12" VPOS="1504" HPOS="847"/>
                  <String HEIGHT="42" WIDTH="83" VPOS="1504" HPOS="812" CONTENT="res"/>
                  <SP HEIGHT="42" WIDTH="12" VPOS="1504" HPOS="895"/>
                  <String HEIGHT="42" WIDTH="71" VPOS="1504" HPOS="859" CONTENT="se"/>
                  <SP HEIGHT="42" WIDTH="12" VPOS="1504" HPOS="930"/>
                  <String HEIGHT="42"
                          WIDTH="119"
                          VPOS="1504"
                          HPOS="895"
                          CONTENT="habet,"/>
                  <SP HEIGHT="42" WIDTH="12" VPOS="1504" HPOS="1014"/>
                  <String HEIGHT="42"
                          WIDTH="95"
                          VPOS="1504"
                          HPOS="978"
                          CONTENT="tunc"/>
                  <SP HEIGHT="42" WIDTH="12" VPOS="1504" HPOS="1073"/>
                  <String HEIGHT="42"
                          WIDTH="166"
                          VPOS="1504"
                          HPOS="1037"
                          CONTENT="sequeretur"/>
                  <SP HEIGHT="42" WIDTH="12" VPOS="1504" HPOS="1204"/>
                  <String HEIGHT="42" WIDTH="71" VPOS="1504" HPOS="1168" CONTENT="vt"/>
                  <SP HEIGHT="42" WIDTH="12" VPOS="1504" HPOS="1239"/>
                  <String HEIGHT="42" WIDTH="71" VPOS="1504" HPOS="1204" CONTENT="in"/>
                  <SP HEIGHT="42" WIDTH="12" VPOS="1504" HPOS="1275"/>
                  <String HEIGHT="42" WIDTH="48" VPOS="1504" HPOS="1227" CONTENT="eo"/>
               </TextLine>
               <TextLine ID="r2l70"
                         BASELINE="1586"
                         HEIGHT="43"
                         WIDTH="501"
                         VPOS="1543"
                         HPOS="774">
                  <String HEIGHT="43"
                          WIDTH="159"
                          VPOS="1543"
                          HPOS="762"
                          CONTENT="instanti,"/>
                  <SP HEIGHT="43" WIDTH="12" VPOS="1543" HPOS="921"/>
                  <String HEIGHT="43" WIDTH="73" VPOS="1543" HPOS="884" CONTENT="in"/>
                  <SP HEIGHT="43" WIDTH="12" VPOS="1543" HPOS="957"/>
                  <String HEIGHT="43" WIDTH="86" VPOS="1543" HPOS="921" CONTENT="quo"/>
                  <SP HEIGHT="43" WIDTH="12" VPOS="1543" HPOS="1006"/>
                  <String HEIGHT="43"
                          WIDTH="134"
                          VPOS="1543"
                          HPOS="970"
                          CONTENT="ponitur"/>
                  <SP HEIGHT="43" WIDTH="12" VPOS="1543" HPOS="1104"/>
                  <String HEIGHT="43"
                          WIDTH="110"
                          VPOS="1543"
                          HPOS="1067"
                          CONTENT="ipsum"/>
                  <SP HEIGHT="43" WIDTH="12" VPOS="1543" HPOS="1177"/>
                  <String HEIGHT="43"
                          WIDTH="110"
                          VPOS="1543"
                          HPOS="1141"
                          CONTENT="esse,"/>
                  <SP HEIGHT="43" WIDTH="12" VPOS="1543" HPOS="1251"/>
                  <String HEIGHT="43" WIDTH="61" VPOS="1543" HPOS="1214" CONTENT="&amp;"/>
                  <SP HEIGHT="43" WIDTH="12" VPOS="1543" HPOS="1275"/>
                  <String HEIGHT="43" WIDTH="49" VPOS="1543" HPOS="1226" CONTENT="re"/>
               </TextLine>
               <TextLine ID="r2l72"
                         BASELINE="1633"
                         HEIGHT="51"
                         WIDTH="494"
                         VPOS="1582"
                         HPOS="781">
                  <String HEIGHT="51"
                          WIDTH="136"
                          VPOS="1582"
                          HPOS="769"
                          CONTENT="periri,"/>
                  <SP HEIGHT="51" WIDTH="12" VPOS="1582" HPOS="905"/>
                  <String HEIGHT="51"
                          WIDTH="136"
                          VPOS="1582"
                          HPOS="867"
                          CONTENT="oriatur"/>
                  <SP HEIGHT="51" WIDTH="12" VPOS="1582" HPOS="1003"/>
                  <String HEIGHT="51"
                          WIDTH="247"
                          VPOS="1582"
                          HPOS="966"
                          CONTENT="transnutatiosseu"/>
                  <SP HEIGHT="51" WIDTH="12" VPOS="1582" HPOS="1213"/>
                  <String HEIGHT="51"
                          WIDTH="111"
                          VPOS="1582"
                          HPOS="1164"
                          CONTENT="altera"
                          SUBS_TYPE="HypPart1"
                          SUBS_CONTENT="alteratios"/>
                  <HYP CONTENT="-"/>
               </TextLine>
               <TextLine ID="r2l75"
                         BASELINE="1667"
                         HEIGHT="44"
                         WIDTH="502"
                         VPOS="1623"
                         HPOS="779">
                  <String HEIGHT="44"
                          WIDTH="103"
                          VPOS="1623"
                          HPOS="766"
                          CONTENT="tios"
                          SUBS_TYPE="HypPart2"
                          SUBS_CONTENT="alteratios"/>
                  <SP HEIGHT="44" WIDTH="13" VPOS="1623" HPOS="869"/>
                  <String HEIGHT="44" WIDTH="77" VPOS="1623" HPOS="830" CONTENT="in"/>
                  <SP HEIGHT="44" WIDTH="13" VPOS="1623" HPOS="908"/>
                  <String HEIGHT="44"
                          WIDTH="103"
                          VPOS="1623"
                          HPOS="869"
                          CONTENT="ipso"/>
                  <SP HEIGHT="44" WIDTH="13" VPOS="1623" HPOS="972"/>
                  <String HEIGHT="44"
                          WIDTH="193"
                          VPOS="1623"
                          HPOS="933"
                          CONTENT="recipiente,"/>
                  <SP HEIGHT="44" WIDTH="13" VPOS="1623" HPOS="1127"/>
                  <String HEIGHT="44"
                          WIDTH="90"
                          VPOS="1623"
                          HPOS="1088"
                          CONTENT="aut"/>
                  <SP HEIGHT="44" WIDTH="13" VPOS="1623" HPOS="1178"/>
                  <String HEIGHT="44" WIDTH="77" VPOS="1623" HPOS="1139" CONTENT="in"/>
                  <SP HEIGHT="44" WIDTH="13" VPOS="1623" HPOS="1217"/>
                  <String HEIGHT="44" WIDTH="77" VPOS="1623" HPOS="1178" CONTENT="re"/>
                  <SP HEIGHT="44" WIDTH="13" VPOS="1623" HPOS="1255"/>
                  <String HEIGHT="44"
                          WIDTH="77"
                          VPOS="1623"
                          HPOS="1204"
                          CONTENT="rece"/>
               </TextLine>
               <TextLine ID="r2l76"
                         BASELINE="1706"
                         HEIGHT="44"
                         WIDTH="490"
                         VPOS="1662"
                         HPOS="783">
                  <String HEIGHT="44"
                          WIDTH="87"
                          VPOS="1662"
                          HPOS="772"
                          CONTENT="pta,"/>
                  <SP HEIGHT="44" WIDTH="11" VPOS="1662" HPOS="859"/>
                  <String HEIGHT="44" WIDTH="76" VPOS="1662" HPOS="827" CONTENT="aut"/>
                  <SP HEIGHT="44" WIDTH="11" VPOS="1662" HPOS="903"/>
                  <String HEIGHT="44" WIDTH="65" VPOS="1662" HPOS="870" CONTENT="in"/>
                  <SP HEIGHT="44" WIDTH="11" VPOS="1662" HPOS="935"/>
                  <String HEIGHT="44"
                          WIDTH="131"
                          VPOS="1662"
                          HPOS="903"
                          CONTENT="vtroque."/>
                  <SP HEIGHT="44" WIDTH="11" VPOS="1662" HPOS="1033"/>
                  <String HEIGHT="44"
                          WIDTH="87"
                          VPOS="1662"
                          HPOS="1001"
                          CONTENT="sed,"/>
                  <SP HEIGHT="44" WIDTH="11" VPOS="1662" HPOS="1088"/>
                  <String HEIGHT="44"
                          WIDTH="76"
                          VPOS="1662"
                          HPOS="1055"
                          CONTENT="cum"/>
                  <SP HEIGHT="44" WIDTH="11" VPOS="1662" HPOS="1131"/>
                  <String HEIGHT="44"
                          WIDTH="142"
                          VPOS="1662"
                          HPOS="1099"
                          CONTENT="huiusmodi"/>
                  <SP HEIGHT="44" WIDTH="11" VPOS="1662" HPOS="1240"/>
                  <String HEIGHT="44"
                          WIDTH="76"
                          VPOS="1662"
                          HPOS="1197"
                          CONTENT="alte"
                          SUBS_TYPE="HypPart1"
                          SUBS_CONTENT="alteratio"/>
                  <HYP CONTENT="-"/>
               </TextLine>
               <TextLine ID="r2l78"
                         BASELINE="1746"
                         HEIGHT="38"
                         WIDTH="496"
                         VPOS="1708"
                         HPOS="782">
                  <String HEIGHT="38"
                          WIDTH="112"
                          VPOS="1708"
                          HPOS="770"
                          CONTENT="ratio"
                          SUBS_TYPE="HypPart2"
                          SUBS_CONTENT="alteratio"/>
                  <SP HEIGHT="38" WIDTH="12" VPOS="1708" HPOS="881"/>
                  <String HEIGHT="38" WIDTH="87" VPOS="1708" HPOS="844" CONTENT="non"/>
                  <SP HEIGHT="38" WIDTH="12" VPOS="1708" HPOS="931"/>
                  <String HEIGHT="38"
                          WIDTH="124"
                          VPOS="1708"
                          HPOS="894"
                          CONTENT="possit"/>
                  <SP HEIGHT="38" WIDTH="12" VPOS="1708" HPOS="1018"/>
                  <String HEIGHT="38"
                          WIDTH="112"
                          VPOS="1708"
                          HPOS="980"
                          CONTENT="oriri"/>
                  <SP HEIGHT="38" WIDTH="12" VPOS="1708" HPOS="1092"/>
                  <String HEIGHT="38" WIDTH="74" VPOS="1708" HPOS="1055" CONTENT="in"/>
                  <SP HEIGHT="38" WIDTH="12" VPOS="1708" HPOS="1129"/>
                  <String HEIGHT="38" WIDTH="74" VPOS="1708" HPOS="1092" CONTENT="re"/>
                  <SP HEIGHT="38" WIDTH="12" VPOS="1708" HPOS="1166"/>
                  <String HEIGHT="38"
                          WIDTH="149"
                          VPOS="1708"
                          HPOS="1129"
                          CONTENT="recepta,"/>
                  <SP HEIGHT="38" WIDTH="12" VPOS="1708" HPOS="1278"/>
                  <String HEIGHT="38" WIDTH="50" VPOS="1708" HPOS="1228" CONTENT="re"/>
               </TextLine>
               <TextLine ID="r2l80"
                         BASELINE="1792"
                         HEIGHT="50"
                         WIDTH="496"
                         VPOS="1742"
                         HPOS="777">
                  <String HEIGHT="50"
                          WIDTH="154"
                          VPOS="1742"
                          HPOS="765"
                          CONTENT="linquitur"/>
                  <SP HEIGHT="50" WIDTH="12" VPOS="1742" HPOS="919"/>
                  <String HEIGHT="50"
                          WIDTH="106"
                          VPOS="1742"
                          HPOS="883"
                          CONTENT="igtur"/>
                  <SP HEIGHT="50" WIDTH="12" VPOS="1742" HPOS="990"/>
                  <String HEIGHT="50" WIDTH="71" VPOS="1742" HPOS="954" CONTENT="ut"/>
                  <SP HEIGHT="50" WIDTH="12" VPOS="1742" HPOS="1025"/>
                  <String HEIGHT="50" WIDTH="83" VPOS="1742" HPOS="990" CONTENT="sit"/>
                  <SP HEIGHT="50" WIDTH="12" VPOS="1742" HPOS="1072"/>
                  <String HEIGHT="50" WIDTH="71" VPOS="1742" HPOS="1037" CONTENT="in"/>
                  <SP HEIGHT="50" WIDTH="12" VPOS="1742" HPOS="1108"/>
                  <String HEIGHT="50"
                          WIDTH="94"
                          VPOS="1742"
                          HPOS="1072"
                          CONTENT="ipso"/>
                  <SP HEIGHT="50" WIDTH="12" VPOS="1742" HPOS="1167"/>
                  <String HEIGHT="50"
                          WIDTH="154"
                          VPOS="1742"
                          HPOS="1119"
                          CONTENT="recipiente."/>
               </TextLine>
               <TextLine ID="r2l82"
                         BASELINE="1833"
                         HEIGHT="53"
                         WIDTH="495"
                         VPOS="1780"
                         HPOS="782">
                  <String HEIGHT="53"
                          WIDTH="97"
                          VPOS="1780"
                          HPOS="770"
                          CONTENT="sed,"/>
                  <SP HEIGHT="53" WIDTH="12" VPOS="1780" HPOS="867"/>
                  <String HEIGHT="53" WIDTH="72" VPOS="1780" HPOS="830" CONTENT="si"/>
                  <SP HEIGHT="53" WIDTH="12" VPOS="1780" HPOS="903"/>
                  <String HEIGHT="53"
                          WIDTH="181"
                          VPOS="1780"
                          HPOS="867"
                          CONTENT="reperiretur"/>
                  <SP HEIGHT="53" WIDTH="12" VPOS="1780" HPOS="1048"/>
                  <String HEIGHT="53"
                          WIDTH="181"
                          VPOS="1780"
                          HPOS="1011"
                          CONTENT="trasmutatio"/>
                  <SP HEIGHT="53" WIDTH="12" VPOS="1780" HPOS="1192"/>
                  <String HEIGHT="53"
                          WIDTH="121"
                          VPOS="1780"
                          HPOS="1156"
                          CONTENT="aliqua"/>
                  <SP HEIGHT="53" WIDTH="12" VPOS="1780" HPOS="1277"/>
                  <String HEIGHT="53" WIDTH="48" VPOS="1780" HPOS="1229" CONTENT="in"/>
               </TextLine>
               <TextLine ID="r2l84"
                         BASELINE="1873"
                         HEIGHT="52"
                         WIDTH="500"
                         VPOS="1821"
                         HPOS="772">
                  <String HEIGHT="52"
                          WIDTH="95"
                          VPOS="1821"
                          HPOS="760"
                          CONTENT="ipso"/>
                  <SP HEIGHT="52" WIDTH="12" VPOS="1821" HPOS="855"/>
                  <String HEIGHT="52"
                          WIDTH="179"
                          VPOS="1821"
                          HPOS="820"
                          CONTENT="recipiente,"/>
                  <SP HEIGHT="52" WIDTH="12" VPOS="1821" HPOS="998"/>
                  <String HEIGHT="52"
                          WIDTH="95"
                          VPOS="1821"
                          HPOS="962"
                          CONTENT="quae"/>
                  <SP HEIGHT="52" WIDTH="12" VPOS="1821" HPOS="1058"/>
                  <String HEIGHT="52"
                          WIDTH="107"
                          VPOS="1821"
                          HPOS="1022"
                          CONTENT="prius"/>
                  <SP HEIGHT="52" WIDTH="12" VPOS="1821" HPOS="1129"/>
                  <String HEIGHT="52"
                          WIDTH="83"
                          VPOS="1821"
                          HPOS="1093"
                          CONTENT="non"/>
                  <SP HEIGHT="52" WIDTH="12" VPOS="1821" HPOS="1177"/>
                  <String HEIGHT="52"
                          WIDTH="107"
                          VPOS="1821"
                          HPOS="1141"
                          CONTENT="erat,"/>
                  <SP HEIGHT="52" WIDTH="12" VPOS="1821" HPOS="1248"/>
                  <String HEIGHT="52"
                          WIDTH="71"
                          VPOS="1821"
                          HPOS="1201"
                          CONTENT="tunc"/>
               </TextLine>
               <TextLine ID="r2l86"
                         BASELINE="1910"
                         HEIGHT="49"
                         WIDTH="501"
                         VPOS="1861"
                         HPOS="777">
                  <String HEIGHT="49"
                          WIDTH="192"
                          VPOS="1861"
                          HPOS="762"
                          CONTENT="oportebit"/>
                  <SP HEIGHT="49" WIDTH="15" VPOS="1861" HPOS="954"/>
                  <String HEIGHT="49"
                          WIDTH="177"
                          VPOS="1861"
                          HPOS="910"
                          CONTENT="reperiri"/>
                  <SP HEIGHT="49" WIDTH="15" VPOS="1861" HPOS="1086"/>
                  <String HEIGHT="49"
                          WIDTH="103"
                          VPOS="1861"
                          HPOS="1042"
                          CONTENT="ibi"/>
                  <SP HEIGHT="49" WIDTH="15" VPOS="1861" HPOS="1145"/>
                  <String HEIGHT="49"
                          WIDTH="192"
                          VPOS="1861"
                          HPOS="1086"
                          CONTENT="receptionem"/>
               </TextLine>
               <TextLine ID="r2l88"
                         BASELINE="1954"
                         HEIGHT="53"
                         WIDTH="513"
                         VPOS="1901"
                         HPOS="776">
                  <String HEIGHT="53" WIDTH="79" VPOS="1901" HPOS="763" CONTENT="de"/>
                  <SP HEIGHT="53" WIDTH="13" VPOS="1901" HPOS="842"/>
                  <String HEIGHT="53"
                          WIDTH="105"
                          VPOS="1901"
                          HPOS="802"
                          CONTENT="nouo"/>
                  <SP HEIGHT="53" WIDTH="13" VPOS="1901" HPOS="908"/>
                  <String HEIGHT="53"
                          WIDTH="145"
                          VPOS="1901"
                          HPOS="868"
                          CONTENT="factam,"/>
                  <SP HEIGHT="53" WIDTH="13" VPOS="1901" HPOS="1013"/>
                  <String HEIGHT="53"
                          WIDTH="118"
                          VPOS="1901"
                          HPOS="973"
                          CONTENT="atque"/>
                  <SP HEIGHT="53" WIDTH="13" VPOS="1901" HPOS="1092"/>
                  <String HEIGHT="53"
                          WIDTH="118"
                          VPOS="1901"
                          HPOS="1052"
                          CONTENT="subam"/>
                  <SP HEIGHT="53" WIDTH="13" VPOS="1901" HPOS="1171"/>
                  <String HEIGHT="53"
                          WIDTH="171"
                          VPOS="1901"
                          HPOS="1118"
                          CONTENT="recipientis"/>
               </TextLine>
            </TextBlock>
         </PrintSpace>
      </Page>
   </Layout>
</alto>
