1416 2066
176 195 152 40 sibilia
287 195 222 40 conuenientia
467 195 125 40 sibi,
550 195 139 40 quando
647 195 166 40 senserit
772 195 152 40 aliquod
883 195 139 40 forte,
980 195 69 40 &
1007 195 194 40 recesserit
1160 195 83 40 ab
1188 195 55 40 eo

182 235 135 40 subito
277 235 81 40 ad
318 235 122 40 illud
399 235 122 40 aliud
480 235 190 40 sensibile.
629 235 81 40 v.
670 235 81 40 g.
711 235 135 40 quando
806 235 135 40 sensus
900 235 149 40 auditus
1009 235 190 40 recesserit
1158 235 68 40 a
1171 235 68 40 ma-

187 274 95 50 gno
242 274 122 50 sono,
323 274 95 50 aut
377 274 122 50 visus
458 274 68 50 a
485 274 122 50 forti
566 274 149 50 colore,
675 274 68 50 &
702 274 162 50 olfactus
823 274 68 50 a
851 274 122 50 forti
932 274 135 50 odore.
1026 274 81 50 Et
1067 274 122 50 causa
1148 274 81 50 in
1175 274 68 50 hoc

192 320 96 36 est
247 320 151 36 passio,
357 320 69 36 &
384 320 220 36 trasmutatio,
563 320 110 36 quae
631 320 165 36 accidunt
755 320 178 36 sentienti
892 320 69 36 a
920 320 124 36 forti
1002 320 165 36 sensato.
1125 320 82 36 Et
1153 320 96 36 causa

186 349 128 45 huius
271 349 271 45 transmutationis
500 349 114 45 est,
571 349 114 45 quia
642 349 100 45 est
700 349 143 45 virtus
800 349 86 45 in
842 349 171 45 corpore.
971 349 100 45 Et,
1028 349 100 45 cum
1071 349 171 45 demonstra-

183 395 98 47 uit
239 395 111 47 hoc,
308 395 111 47 quod
378 395 153 47 videtur
490 395 84 47 de
531 395 251 47 transmutatione
740 395 84 47 in
782 395 139 47 sensu,
880 395 167 47 incoepit
1005 395 195 47 notificare
1158 395 111 47 quod

191 434 194 47 contrarium
344 434 97 47 est
399 434 83 47 de
441 434 208 47 intellectu,
608 434 69 47 &
635 434 139 47 dixit,
732 434 97 47 Sed
788 434 222 47 intellectus,
968 434 139 47 quando
1052 434 194 47 intellexerit

191 473 148 45 aliquod
298 473 134 45 forte,
392 473 94 45 &c.
446 473 81 45 i.
486 473 215 45 intellectus,
661 473 134 45 quando
755 473 215 45 intellexerit
929 473 148 45 aliquod
1037 473 121 45 forte
1104 473 134 45 intelli-

185 515 146 45 gibile,
291 515 106 45 tunc
357 515 159 45 facilius
476 515 185 45 intelliget
621 515 225 45 intelligibile
806 515 93 45 non
859 515 132 45 forte.
952 515 106 45 vnde
1018 515 132 45 scimus
1111 515 106 45 quod
1177 515 93 45 non

193 556 175 42 patitur,
325 556 132 42 neque
413 556 234 42 transmutatur
603 556 73 42 a
632 556 132 42 forti
720 556 263 42 intelligibili.
939 556 102 42 Et,
997 556 102 42 cum
1041 556 205 42 demonstrauit

190 588 95 38 eos
245 588 108 38 esse
312 588 176 38 diuersos,
447 588 81 38 in
488 588 95 38 hoc
542 588 122 38 dedit
623 588 149 38 causam,
731 588 68 38 &
758 588 81 38 d.
799 588 162 38 sentiens
921 588 108 38 enim
988 588 95 38 non
1042 588 95 38 est
1096 588 122 38 extra
1164 588 81 38 cor-

185 628 104 50 pus:
250 628 104 50 iste
314 628 116 50 autem
392 628 91 50 est
444 628 194 50 abstractus.
599 628 116 50 idest
677 628 65 50 &
703 628 116 50 causa
780 628 78 50 in
819 628 91 50 hoc
871 628 104 50 est,
935 628 104 50 quod
1000 628 116 50 prius
1078 628 104 50 fuit
1130 628 116 50 declara

199 668 104 37 tum,
264 668 156 37 scilicet
381 668 104 37 quod
447 668 156 37 sentiens
564 668 91 37 non
616 668 91 37 est
668 668 117 37 extra
747 668 143 37 corpus,
851 668 196 37 intellectus
1007 668 117 37 autem
1086 668 91 37 est
1125 668 117 37 abstra-

187 708 139 40 ctus.
279 708 93 40 Et
326 708 186 40 possumus
465 708 155 40 ponere
573 708 124 40 hunc
651 708 186 40 sermonem
790 708 294 40 demonstrationem
1038 708 170 40 tertiam
1146 708 93 40 per-

186 743 98 44 se,
242 743 169 44 scilicet
369 743 281 44 demonstrationem,
608 743 127 44 quod,
692 743 98 44 cum
749 743 155 44 diximus
861 743 127 44 quod,
946 743 84 44 si
988 743 211 44 intellectus
1143 743 98 44 trans

188 781 158 46 mutatur
303 781 259 46 essentialiter,
519 781 101 46 non
576 781 274 46 accidentaliter,
807 781 72 46 &
836 781 173 46 mediante
965 781 130 46 alio:
1052 781 101 46 hoc
1109 781 115 46 enim
1167 781 72 46 con

175 836 140 39 cessum
273 836 98 39 est
329 836 84 39 in
371 836 210 39 intellectu:
539 836 154 39 necesse
651 836 98 39 est
707 836 84 39 vt
750 836 224 39 transmutatio
932 836 182 39 contingat
1072 836 84 39 ei
1100 836 140 39 apudisu-

183 868 83 47 am
225 868 167 47 actionem
350 868 181 47 propriam,
489 868 111 47 quae
559 868 97 47 est
614 868 223 47 intelligere,
795 868 125 47 sicut
878 868 97 47 est
934 868 83 47 in
976 868 139 47 sensu.
1073 868 97 47 Et,
1129 868 83 47 si
1170 868 97 47 non

188 906 216 46 transmutatur
363 906 94 46 per
417 906 81 46 se
457 906 67 46 &
484 906 243 46 essentialiter,
686 906 148 46 necesse
794 906 94 46 est
848 906 81 46 vt
889 906 94 46 non
942 906 94 46 sit
996 906 135 46 virtus
1091 906 81 46 in
1118 906 121 46 corpore

188 946 140 41 omnino,
290 946 115 41 omnis
366 946 102 41 enim
430 946 127 41 virtus
519 946 165 41 recipiens
646 946 76 41 in
685 946 127 41 aliquo
774 946 153 41 corpore,
888 946 115 41 debet
965 946 191 41 transmutari
1105 946 127 41 secundum

186 983 111 51 quod
255 983 97 51 est
311 983 193 51 recipiens.
462 983 83 51 Et
504 983 111 51 ideo
573 983 97 51 non
628 983 152 51 oportet
739 983 166 51 obilcere
863 983 111 51 huic
932 983 180 51 argumento
1070 983 83 51 ex
1112 983 97 51 eo,
1153 983 83 51 quid

187 1032 163 35 accidit
306 1032 89 35 in
350 1032 208 35 intellectu
513 1032 89 35 de
558 1032 267 35 transmutatione
780 1032 163 35 propter
899 1032 282 35 transmutationem
1121 1032 119 35 virtu-

191 1060 105 47 tum
251 1060 269 47 imaginationis,
475 1060 75 47 &
505 1060 150 47 maxime
610 1060 240 47 cogitatione.
805 1060 90 47 in
850 1060 210 47 intellectu
1014 1060 120 47 enim
1074 1060 165 47 existima-

186 1099 97 47 tur
242 1099 167 47 accidere
367 1099 181 47 fatigatio
506 1099 97 47 hoc
562 1099 125 47 modo.
645 1099 84 47 Et
687 1099 97 47 non
743 1099 97 47 est
799 1099 111 47 ita,
868 1099 111 47 nisi
938 1099 264 47 accidentaliter.
1146 1099 84 47 Vir-

189 1141 104 38 tus
248 1141 119 38 enim
323 1141 207 38 cogitatiua
485 1141 104 38 est
545 1141 89 38 de
589 1141 148 38 genere
693 1141 178 38 virtutum
826 1141 237 38 sensibilium.
1019 1141 222 38 Imaginatiua
1182 1141 59 38 au

183 1179 113 41 tem,
254 1179 71 41 &
282 1179 212 41 cogitatiua,
451 1179 71 41 &
480 1179 226 41 rememoratiua
664 1179 99 41 non
720 1179 113 41 sunt
791 1179 113 41 nisi
861 1179 85 41 in
904 1179 113 41 loco
975 1179 170 41 virtutis
1088 1179 141 41 sensibi-

190 1219 109 41 lis,
258 1219 68 41 &
285 1219 109 41 ideo
353 1219 95 41 non
407 1219 176 41 indigetur
543 1219 95 41 eis
597 1219 109 41 nisi
665 1219 81 41 in
706 1219 163 41 absentia
828 1219 203 41 sensibilis.
991 1219 68 41 &
1018 1219 122 41 omnes
1099 1219 136 41 iuuant
1181 1219 54 41 se

187 1262 86 38 ad
230 1262 258 38 representandum
445 1262 172 38 imaginem
574 1262 100 38 rei
631 1262 215 38 sensibilis,
803 1262 86 38 vt
846 1262 172 38 aspiciat
975 1262 100 38 eam
1032 1262 143 38 virtus
1118 1262 115 38 ratio-

186 1307 133 39 nalis
275 1307 208 39 abstracta,
438 1307 74 39 &
468 1307 178 39 extrahat
601 1307 222 39 intentionem
779 1307 237 39 vniuersalem,
972 1307 74 39 &
1002 1307 148 39 postea
1091 1307 148 39 recipiat

175 1339 118 40 eam,
249 1339 133 40 idest
338 1339 236 40 comprehendat
530 1339 118 40 eam.
604 1339 89 40 Et
648 1339 148 40 forte,
751 1339 133 40 sicut
840 1339 177 40 diximus,
973 1339 148 40 iducit
1076 1339 118 40 hunc
1136 1339 103 40 sermo

185 1380 109 38 nem
248 1380 94 38 ad
295 1380 250 38 verificandum
497 1380 218 38 praedictas
653 1380 281 38 demonstrationes.

233 1443 122 50 Quum
309 1443 137 50 autem
400 1443 107 50 sic
461 1443 167 50 singula
583 1443 122 50 fiat
659 1443 91 50 ut
704 1443 152 50 sciens
811 1443 167 50 dicitur
933 1443 107 50 qui
994 1443 183 50 secundum
1115 1443 122 50 actum,

185 1485 114 45 Hoc
250 1485 147 45 autem
348 1485 212 45 confestim
511 1485 179 45 accidit
641 1485 114 45 cum
706 1485 163 45 possit
820 1485 179 45 operari
951 1485 114 45 per
1016 1485 98 45 se
1065 1485 163 45 ipsum,
1163 1485 81 45 est

183 1528 188 51 ligitur
320 1528 85 51 &
354 1528 137 51 tunc
439 1528 205 51 potentia
593 1528 256 51 quodammodo,
798 1528 120 51 non
866 1528 154 51 tamen
969 1528 222 51 similiter
1140 1528 85 51 &
1157 1528 85 51 an-

191 1572 90 47 te
236 1572 209 47 addiscere,
400 1572 105 47 aut
460 1572 194 47 inuenire:
610 1572 75 47 &
640 1572 120 47 ipse
715 1572 135 47 autem
804 1572 90 47 se
849 1572 135 47 ipsum
939 1572 150 47 potest
1029 1572 209 47 intelligere,

239 1642 108 49 Vbi
300 1642 139 49 autem
393 1642 92 49 eo
439 1642 123 49 modo
516 1642 169 49 singula
639 1642 154 49 factus
747 1642 169 49 fuerit,
870 1642 108 49 quo
932 1642 108 49 qui
994 1642 123 49 actu
1071 1642 108 49 est
1117 1642 123 49 sciens

187 1682 199 57 appellari
340 1682 138 57 solet
432 1682 138 57 Nquod
524 1682 107 57 tum
585 1682 169 57 accidit
708 1682 107 57 cum
769 1682 107 57 per
830 1682 92 57 se
876 1682 138 57 ipsum
968 1682 153 57 potest
1060 1682 184 57 operariest

181 1739 160 56 quidem
293 1739 128 56 tunc
374 1739 144 56 etiam
470 1739 160 56 quodam
582 1739 128 56 modo
662 1739 209 56 potentia,
823 1739 112 56 non
887 1739 144 56 tamen
983 1739 144 56 aeque
1080 1739 96 56 ac
1112 1739 128 56 prius,

184 1791 107 52 quam
251 1791 201 52 didicisset,
412 1791 94 52 aut
465 1791 201 52 inuenisset:
626 1791 134 52 atque,
720 1791 107 52 tunc
787 1791 121 52 etiam
868 1791 107 52 ipse
935 1791 80 52 se
975 1791 134 52 potest
1055 1791 188 52 intelligere.

217 1844 102 42 Et,
276 1844 102 42 cum
334 1844 189 42 quodlibet
479 1844 131 42 eorum
566 1844 145 42 fuerit
668 1844 116 42 sic,
741 1844 175 42 scilicet
872 1844 131 42 sicut
959 1844 160 42 dicitur
1075 1844 175 42 scientia
1192 1844 58 42 in

182 1889 139 58 actu:
274 1889 77 58 &
305 1889 108 58 hoc
367 1889 216 58 continget,
536 1889 154 58 quando
644 1889 170 58 poterit
767 1889 231 58 intelligere
952 1889 108 58 per
1014 1889 108 58 se:
1075 1889 123 58 tunc
1137 1889 108 58 etiam
