1416 2066
226 196 94 63 in
273 196 219 63 mnemonicis
445 196 203 63 colocant,
602 196 78 63 &
633 196 188 63 imagines
774 196 219 63 effingunt.
946 196 172 63 opinari
1072 196 125 63 uero
1150 196 110 63 non
1197 196 78 63 est

227 260 82 46 in
268 260 137 46 nobis:
364 260 151 46 necesse
474 260 110 46 enim
542 260 96 46 est
597 260 96 46 uel
652 260 178 46 fallamur,
789 260 96 46 uel
844 260 178 46 ueritatem
967 260 178 46 assequamur.

268 295 208 44 Imaginatio
431 295 134 44 autem
520 295 104 44 est
580 295 134 44 aliud
669 295 74 44 a
698 295 148 44 sensu,
802 295 74 44 &
832 295 134 44 aliud
921 295 74 44 a
951 295 252 44 distinctione.
1158 295 74 44 &
1173 295 89 44 haec

231 339 106 47 non
291 339 106 47 fit
352 339 121 47 sine
428 339 152 47 sensu,
534 339 76 47 &
564 339 121 47 sine
640 339 106 47 hoc
701 339 106 47 non
762 339 106 47 fit
822 339 212 47 consilium.
989 339 167 47 Quoniam
1110 339 136 47 autem
1186 339 76 47 non

230 383 108 45 est
291 383 108 45 cum
353 383 231 45 intellectu,
538 383 77 45 &
569 383 185 45 consilio
707 383 123 45 idem
784 383 216 45 manifestum
954 383 123 45 est.
1031 383 123 45 Ista
1108 383 123 45 enim
1170 383 92 45 pas-

226 421 114 44 sio
291 421 114 44 est
356 421 163 44 nobis,
470 421 163 44 quando
583 421 244 44 voluerimus.
778 421 195 44 possumus
925 421 130 44 enim
1006 421 163 44 ponere
1120 421 98 44 in
1152 421 114 44 dire-

232 463 106 44 cto
293 463 197 44 nostrorum
444 463 197 44 oculorum,
596 463 137 44 sicut
687 463 106 44 res
748 463 197 44 depositae
900 463 91 44 in
945 463 273 44 conseruatione,
1173 463 76 44 &
1188 463 76 44 fin

225 507 119 50 gere
299 507 163 50 formas.
418 507 208 50 existimari
581 507 134 50 autem
670 507 104 50 non
730 507 104 50 est
789 507 148 50 nobis.
893 507 163 50 necesse
1012 507 119 50 enim
1086 507 104 50 est
1145 507 104 50 aut
1190 507 74 50 ve-

225 548 116 46 rum
292 548 116 46 aut
358 548 165 46 falsum
457 548 149 46 dicere.

274 596 95 47 Cum
329 596 190 47 declarauit
478 596 109 47 quod
546 596 190 47 distinctio
695 596 95 47 non
749 596 95 47 est
804 596 109 47 nisi
871 596 81 47 in
912 596 190 47 habentibus
1048 596 217 47 rationabilita-

230 638 110 45 tem,
299 638 151 45 incepit
409 638 178 45 declarare
546 638 110 45 quod
614 638 206 45 distinctio,
779 638 110 45 quae
848 638 82 45 in
889 638 178 45 quibusdam
1026 638 192 45 animalibus
1163 638 96 45 repu-

235 683 116 35 tatur
312 683 103 35 esse
376 683 128 35 ratio:
466 683 90 35 non
518 683 90 35 est
569 683 103 35 nisi
633 683 193 35 distinctio,
787 683 103 35 quae
851 683 90 35 fit
903 683 77 35 ab
941 683 218 35 imaginatione,
1121 683 64 35 &
1146 683 103 35 quod
1198 683 64 35 ima

236 720 148 50 ginatio
343 720 94 50 non
397 720 94 50 est
450 720 121 50 neque
531 720 148 50 sensus,
638 720 121 50 neque
718 720 215 50 intellectus,
893 720 67 50 &
920 720 80 50 d.
960 720 188 50 Imaginatio
1107 720 107 50 enim
1161 720 94 50 aliud

232 763 95 41 est
287 763 68 41 a
314 763 135 41 sensu,
408 763 95 41 &c.
463 763 81 41 i.
503 763 203 41 distinguere
666 763 95 41 non
720 763 176 41 inuenitur
855 763 108 41 nisi
923 763 81 41 in
963 763 149 41 habenti
1072 763 176 41 rationem.
1193 763 68 41 Ima

229 796 132 49 ginari
321 796 106 49 enim
387 796 119 49 aliud
466 796 92 49 est
519 796 66 49 a
545 796 158 49 sentire,
664 796 66 49 &
691 796 66 49 a
717 796 198 49 distinguere
875 796 92 49 per
928 796 211 49 intellectum:
1100 796 66 49 &
1113 796 145 49 imaginari

230 844 92 42 non
283 844 132 42 absque
375 844 158 42 sentire,
493 844 66 42 &
520 844 132 42 absque
612 844 171 42 imaginari
744 844 92 42 non
797 844 92 42 fit
849 844 198 42 consiliari.
1007 844 79 42 Et
1047 844 119 42 quasi
1126 844 132 42 innuit
1205 844 66 42 hic

230 872 170 42 alietatem
361 872 144 42 istarum
465 872 118 42 trium
544 872 157 42 virtutum
661 872 157 42 secundum
779 872 118 42 prius
858 872 65 42 &
884 872 170 42 posterius
1015 872 78 42 in
1054 872 144 42 natura.
1158 872 78 42 si
1185 872 78 42 enim

226 909 131 44 sensus
318 909 144 44 fuerit,
422 909 92 44 non
475 909 157 44 sequitur
592 909 79 44 vt
632 909 92 44 sit
684 909 196 44 imaginatio:
841 909 105 44 sed,
907 909 79 44 si
946 909 183 44 imaginatio
1090 909 118 44 erit,
1155 909 105 44 sensus

231 951 113 44 erit.
307 951 63 44 &
332 951 175 44 similiter,
470 951 200 44 siitellectus
632 951 113 44 erit,
708 951 100 44 erit
770 951 188 44 imaginatio,
921 951 63 44 &
946 951 88 44 non
996 951 175 44 econuerso.
1134 951 100 44 D.d.
1184 951 75 44 Qnam

231 988 127 39 autem
316 988 99 39 non
372 988 99 39 est
429 988 99 39 cum
485 988 212 39 intellectu,
655 988 71 39 &
683 988 170 39 consilio
811 988 127 39 idem,
895 988 99 39 &c.
952 988 85 39 i.
994 988 71 39 &
1023 988 113 39 iste
1093 988 127 39 sermo
1164 988 99 39 mani-

233 1027 126 41 festus
322 1027 101 41 est.
385 1027 101 41 D.d.
448 1027 101 41 Ista
511 1027 101 41 enim
575 1027 126 41 passio
663 1027 88 41 est
714 1027 126 41 nobis,
802 1027 88 41 &c.
853 1027 76 41 i.
891 1027 177 41 imaginatio
1030 1027 101 41 enim
1093 1027 88 41 est
1131 1027 126 41 volunta-

232 1066 95 41 ria
287 1066 136 41 nobis.
382 1066 95 41 cum
436 1066 109 41 enim
504 1066 190 41 voluerimus
654 1066 177 41 imaginari
790 1066 95 41 res
844 1066 177 41 depositas
980 1066 82 41 in
1021 1066 150 41 virtute
1116 1066 136 41 conserua

232 1107 124 40 tiua,
315 1107 110 40 quas
384 1107 124 40 prius
466 1107 179 40 sensimus,
604 1107 179 40 poterimus
742 1107 152 40 facere.
852 1107 69 40 &
880 1107 96 40 hoc
935 1107 193 40 intendebat
1087 1107 96 40 cum
1142 1107 83 40 d.
1169 1107 83 40 pos-

231 1142 125 45 sumus
314 1142 111 45 enim
383 1142 152 45 ponere,
494 1142 97 45 &c.
550 1142 83 45 i.
591 1142 69 45 T
619 1142 166 45 possumus
744 1142 125 45 etiam
827 1142 97 45 per
882 1142 111 45 hanc
951 1142 166 45 virtutem
1076 1142 152 45 fingere
1173 1142 83 45 for-

229 1184 106 42 mas
289 1184 258 42 imaginabiles,
502 1184 152 42 quarum
608 1184 197 42 indiuidua
760 1184 167 42 nunquam
881 1184 197 42 sensimus.
1033 1184 212 42 existimare
1184 1184 76 42 au-

231 1222 103 45 tem
290 1222 103 45 non
349 1222 103 45 est
408 1222 235 45 voluntarium.
599 1222 73 45 &
628 1222 103 45 hoc
687 1222 220 45 intendebat,
863 1222 103 45 cum
922 1222 73 45 d
951 1222 162 45 necesse
1069 1222 103 45 est
1128 1222 118 45 enim
1187 1222 73 45 aut

239 1268 141 40 verum,
338 1268 99 40 aut
394 1268 155 40 falsum.
507 1268 127 40 idest
591 1268 183 40 contingit
732 1268 113 40 enim
802 1268 127 40 nobis
887 1268 197 40 necessario
1042 1268 99 40 aut
1084 1268 169 40 existimare

228 1300 136 39 verum,
324 1300 95 39 aut
378 1300 150 39 falsum:
487 1300 68 39 &
514 1300 95 39 non
569 1300 95 39 est
623 1300 122 39 sicut
705 1300 82 39 in
746 1300 231 39 imaginatione.
936 1300 82 39 Et
977 1300 109 39 ista
1045 1300 95 39 est
1099 1300 95 39 vna
1140 1300 109 39 ratio-

227 1339 112 39 num,
297 1339 84 39 ex
339 1339 140 39 quibus
437 1339 154 39 apparet
548 1339 182 39 imaginari
688 1339 126 39 aliud
772 1339 112 39 esse
842 1339 84 39 ab
869 1339 196 39 intelligere,

266 1379 165 45 Amplius
386 1379 135 45 autem
476 1379 120 45 quum
552 1379 180 45 opinamur
687 1379 195 45 difficile
837 1379 165 45 aliquid
957 1379 105 45 aut
1018 1379 210 45 terribile,
1168 1379 75 45 sta

227 1421 96 46 tim
282 1421 206 46 compatimur.
447 1421 179 46 similiter
585 1421 124 46 autem
667 1421 96 46 est
722 1421 69 46 &
750 1421 83 46 si
791 1421 220 46 confidendum:
970 1421 165 46 secundum
1094 1421 138 46 phant:
1176 1421 83 46 siam

230 1474 132 40 autem
319 1474 191 40 similiter
466 1474 103 40 nos
524 1474 177 40 habemus,
657 1474 132 40 sicut
745 1474 88 40 si
789 1474 162 40 essemus
907 1474 250 40 considerantes
1113 1474 88 40 in
1142 1474 118 40 pictu-

228 1505 89 42 ra
273 1505 207 42 difficilia
435 1505 74 42 &
465 1505 237 42 confidentia.
657 1505 118 42 Sunt
731 1505 133 42 autem
820 1505 74 42 &
850 1505 148 42 ipsius
953 1505 222 42 acceptionis
1116 1505 148 42 differen

229 1547 128 49 tiae
309 1547 191 49 scientia
452 1547 80 49 &
484 1547 160 49 opinio
596 1547 80 49 &
628 1547 223 49 prudentia,
803 1547 80 49 &
835 1547 207 49 contraria
995 1547 160 49 horum:
1106 1547 96 49 de
1138 1547 128 49 quorum

231 1587 212 48 differentia
400 1587 141 48 altera
499 1587 99 48 sit
541 1587 113 48 ratio.

270 1628 207 55 praeterea
430 1628 112 55 cum
493 1628 191 55 opinamur
637 1628 112 55 rem
701 1628 175 55 aliquam
828 1628 191 55 atrotem,
972 1628 112 55 aut
1020 1628 239 55 formidolosam,

231 1677 154 62 statim
339 1677 232 62 commouemur:
524 1677 170 62 itemque
647 1677 154 62 siquid
756 1677 154 62 fuerit
864 1677 124 62 quod
941 1677 185 62 fiduciam
1080 1677 185 62 afferat:
1203 1677 62 62 at

227 1723 84 55 ex
269 1723 182 55 phantasia
409 1723 154 55 perinde
521 1723 196 55 afficimur,
675 1723 140 55 atque,
773 1723 98 55 qui
829 1723 168 55 spectant
955 1723 84 55 in
997 1723 154 55 pictura
1095 1723 168 55 terribilia

227 1772 76 55 &
257 1772 183 55 fiduciam
394 1772 228 55 afferentia.
577 1772 122 55 Sunt
653 1772 137 55 porto
744 1772 76 55 &
775 1772 152 55 ipsius
881 1772 274 55 existimationis
1095 1772 167 55 differen-

218 1823 119 50 tiae
293 1823 179 50 scientia
427 1823 75 50 &
457 1823 149 50 opinio
561 1823 75 50 &
591 1823 209 50 prudentia,
755 1823 75 50 &
785 1823 119 50 quae
860 1823 104 50 his
920 1823 194 50 contraria
1069 1823 134 50 sunt:
1159 1823 90 50 de
1188 1823 75 50 quo

227 1867 100 64 rum
284 1867 213 64 differentia
454 1867 114 64 alia
525 1867 100 64 sit
568 1867 185 64 disputatio.
