1416 2066
207 165 81 40 rae
254 165 105 40 inter
324 165 128 40 plantas
417 165 70 40 &c
452 165 151 40 animalia.
556 165 163 40 Respondetur,

205 197 67 30 vt
238 197 123 30 habetur
328 197 67 30 ab
361 197 89 30 Ari.
417 197 78 30 in.
461 197 67 30 2.
495 197 67 30 de
528 197 167 30 generatione
651 197 67 30 ani-

208 227 119 38 malium
291 227 95 38 cap.
351 227 71 38 3.
387 227 107 38 Anima
458 227 167 38 vegetatiua
589 227 107 38 prius
649 227 71 38 tem-

216 257 89 34 pore
272 257 145 34 praecedit
383 257 167 34 sensitiuam:
517 257 56 34 &
539 257 145 34 sensitiua
639 257 78 34 ratio

210 293 130 29 nalem.
301 293 91 29 non
353 293 104 29 enim
418 293 117 29 simul
496 293 130 29 animal
587 293 91 29 est
639 293 65 29 &
652 293 65 29 ho-

206 325 87 33 mo,
255 325 87 33 aut
305 325 124 33 equus.
391 325 99 33 vnde
453 325 124 33 natura
540 325 149 33 gradatim
639 325 87 33 proce

205 354 83 33 dit
253 354 71 33 ab
288 354 166 33 inanimatis
419 354 71 33 ad
454 354 142 33 animata.
561 354 95 33 vnde
620 354 107 33 iacto
680 354 47 33 se

208 382 98 36 mine
269 382 73 36 in
306 382 147 36 matrice,
416 382 122 36 quando
502 382 86 36 fit
551 382 171 36 conceptus,
685 382 61 36 &

208 412 186 38 aggregatur
354 412 173 38 menstruum
487 412 67 38 &
514 412 120 38 semen
594 412 133 38 maris,
687 412 67 38 &

208 445 189 37 coagulantur
360 445 101 37 ante
423 445 202 37 animationem,
586 445 101 37 tunc
637 445 88 37 illud

206 477 89 30 est
257 477 76 30 in
295 477 127 30 genere
384 477 216 30 inanimatorum.
563 477 89 30 sed
601 477 127 30 aduenien

211 508 66 30 te
244 508 98 30 anima
309 508 77 30 est
353 508 66 30 in
386 508 109 30 genere
463 508 153 30 plantatum,
583 508 66 30 i.
616 508 98 30 viuit
670 508 55 30 vi-

212 537 67 33 ta
245 537 124 33 animae,
335 537 90 33 quae
392 537 146 33 inuenitur
504 537 67 33 in
538 537 135 33 plantis.
628 537 101 33 postea.

216 570 84 40 quia
268 570 94 40 vltra
331 570 84 40 quod
383 570 136 40 nutritur,
488 570 126 40 augetur,
582 570 115 40 mouetur
656 570 73 40 etiam

210 596 74 39 in
247 596 148 39 matrice,
357 596 86 39 cum
407 596 86 39 qua
456 596 86 39 est
505 596 172 39 colligatus
628 596 99 39 foetus

207 629 189 31 mediantibus
359 629 227 31 coryledonibus,
548 629 88 31 seu
586 629 139 31 acceptabu

215 660 81 35 is,
262 660 127 35 dicitur
354 660 93 35 esse
412 660 162 35 xoophitum.
540 660 116 35 quando
621 660 93 35 vero
667 660 58 35 est

208 697 115 35 extra,
288 697 57 35 &
311 697 115 35 potest
391 697 69 35 se
425 697 126 35 mouere,
517 697 80 35 est
563 697 115 35 animal
631 697 92 35 perfe-

212 724 97 35 ctum.
277 724 87 35 vnde
331 724 87 35 dato
385 724 87 35 quod
440 724 76 35 non
483 724 108 35 possit
559 724 141 35 generate,
656 724 65 35 dum-

208 757 103 29 modo
273 757 129 29 possit
363 757 77 29 se
402 757 77 29 de
440 757 103 29 loco
505 757 77 29 ad
543 757 116 29 locum
608 757 116 29 mouere,

206 784 87 34 hoc
255 784 148 34 sufficit
366 784 74 34 vt
403 784 87 34 sit
453 784 124 34 animal
540 784 173 34 perfectum.
663 784 62 34 Nam

207 820 120 30 niulta
291 820 108 30 etiam
364 820 145 30 animalia
472 820 145 30 perfecta
580 820 108 30 sunt,
653 820 96 30 quae

214 845 143 38 generare
321 845 83 38 non
369 845 143 38 possunt,
475 845 71 38 vt
511 845 107 38 muli,
582 845 59 38 &
606 845 71 38 id
630 845 95 38 genus,

208 879 106 36 licet
279 879 106 36 omne,
349 879 94 36 quod
408 879 164 36 generatur,
537 879 82 36 sit
572 879 153 36 animalperfe

211 908 102 31 ctum,
279 908 79 31 sed
324 908 79 31 non
369 908 181 31 conuertitur.
517 908 68 31 Et
551 908 79 31 ita
596 908 125 31 proprie
676 908 45 31 lo

204 940 121 38 quendo
289 940 121 38 soetus
374 940 146 38 animatus
483 940 73 38 in
520 940 109 38 vtero
592 940 121 38 potius
665 940 61 38 di-

210 973 102 35 citur
278 973 91 35 esse
335 973 68 35 in
369 973 114 35 genere
449 973 137 35 illorum,
551 973 91 35 quae
608 973 57 35 a
620 973 102 35 Graecis

205 1004 154 35 coophita
320 1004 166 35 dicuntur,
448 1004 102 35 quam
512 1004 77 35 in
551 1004 128 35 genere
627 1004 90 35 anima

205 1035 99 32 lium
267 1035 186 32 simpliciter
415 1035 62 32 &
440 1035 149 32 absolute
539 1035 136 32 dictorum.

238 1062 122 36 Quinta
323 1062 183 36 contradict.
470 1062 86 36 est
519 1062 110 36 super
592 1062 110 36 eodem
654 1062 73 36 tex.

214 1093 93 43 Quia
273 1093 116 43 Arist.
354 1093 81 43 hic
400 1093 105 43 vitam
470 1093 151 43 appellat,
586 1093 58 43 &
598 1093 128 43 describit

204 1125 94 42 sic,
263 1125 94 42 quae
322 1125 82 42 per
369 1125 106 42 ipsum
439 1125 82 42 fit
486 1125 141 42 nutritio
592 1125 59 42 &
604 1125 117 42 augnien-

206 1157 127 33 tatio.
295 1157 89 33 Sed
345 1157 114 33 huius
421 1157 164 33 oppositum
548 1157 139 33 habetur
636 1157 89 33 infra

207 1185 64 35 in
239 1185 86 35 tex.
293 1185 86 35 com.
346 1185 86 35 123.
400 1185 75 35 vbi
443 1185 96 35 dicit
507 1185 107 35 viuere
582 1185 96 35 autem
635 1185 86 35 multi-

208 1216 138 40 pliciter
312 1216 104 40 dicto
381 1216 207 40 Ampliuscorpora
554 1216 150 40 coelestia
658 1216 69 40 sunt

215 1249 147 33 viuentia.
327 1249 68 33 2.
361 1249 101 33 coeli
429 1249 90 33 tex.
485 1249 135 33 comnien.
587 1249 79 33 So.
632 1249 56 33 &
643 1249 79 33 debet

217 1278 99 36 dicere
286 1278 69 36 vit
326 1278 49 36 a
346 1278 188 36 intellectualis.
504 1278 69 36 12.
543 1278 79 36 met.
593 1278 69 36 te.
632 1278 79 36 com.
672 1278 49 36 36.

216 1310 84 43 Nisi
269 1310 105 43 esset,
343 1310 84 43 quod
395 1310 74 43 non
437 1310 84 43 ideo
490 1310 105 43 Arist.
563 1310 95 43 vitam
626 1310 84 43 illo
668 1310 53 43 mo-

210 1344 67 34 do
243 1344 156 34 describit,
366 1344 89 34 quia
422 1344 134 34 opinetur
522 1344 78 34 non
567 1344 100 34 aliam
634 1344 89 34 esse
678 1344 45 34 vi

207 1373 96 31 tam:
267 1373 96 31 immo
327 1373 96 31 vita
387 1373 168 31 sensitiua,
519 1373 60 31 &
543 1373 180 31 appetitiua,
687 1373 60 31 &

211 1403 167 41 intellectiua
347 1403 94 41 vitae
409 1403 94 41 sunt,
472 1403 52 41 &
493 1403 63 41 in
524 1403 115 41 altiori
608 1403 94 41 gradu
660 1403 63 41 quai

210 1437 153 30 nutritiua.
330 1437 76 30 nec
374 1437 87 30 ideo
428 1437 87 30 illo
483 1437 87 30 modo
537 1437 142 30 describit
636 1437 87 30 vitam,

208 1469 95 34 quia
267 1469 95 34 sola
327 1469 95 34 illa
386 1469 119 34 viuere
469 1469 154 34 dicuntur,
588 1469 95 34 quae
635 1469 83 34 augen

206 1501 81 38 tur
253 1501 58 38 &
276 1501 174 38 nutriuntur.
416 1501 81 38 nam
462 1501 163 38 coelestia,
590 1501 70 38 vt
613 1501 105 38 argueba

215 1533 91 30 tur,
272 1533 125 30 viuunt,
363 1533 57 30 &
385 1533 80 30 non
431 1533 148 30 augentur,
545 1533 80 30 nec
579 1533 148 30 nutriuntur,

206 1563 87 31 nec
255 1563 125 31 aliqua
343 1563 187 31 alteratione
492 1563 137 31 passiua
579 1563 150 31 transmutan

205 1596 85 30 tur.
258 1596 63 30 3.
290 1596 106 30 coeli.
364 1596 74 30 10.
406 1596 53 30 &
427 1596 106 30 infra.
501 1596 74 30 Sed
543 1596 74 30 vel
586 1596 74 30 hoc
628 1596 85 30 ideo
670 1596 53 30 fe-

212 1627 92 33 cit,
269 1627 92 33 quia
326 1627 115 33 inmort
406 1627 126 33 alibus,
498 1627 69 33 de
532 1627 115 33 quibus
612 1627 80 33 est
647 1627 80 33 sermo

210 1657 97 34 eius
270 1657 73 34 in
307 1657 121 34 lingua
392 1657 121 34 Graeca
477 1657 85 34 hoc
525 1657 85 34 est
574 1657 145 34 famosum,
671 1657 48 34 vt

207 1687 107 32 dicit
279 1687 131 32 Commen.
374 1687 83 32 vel
421 1687 95 32 quia
481 1687 143 32 conuenit
588 1687 83 32 cum
624 1687 95 32 Plato-

202 1722 82 32 ne,
249 1722 93 32 quod
307 1722 140 32 proprium
412 1722 163 32 animatorum
541 1722 82 32 est
588 1722 70 32 ex
611 1722 105 32 intrins

208 1745 87 32 seco
262 1745 119 32 moueri,
349 1745 65 32 vt
382 1745 109 32 patet.
458 1745 65 32 6.
490 1745 87 32 phy.
545 1745 87 32 tex.
599 1745 87 32 com.
653 1745 76 32 29.
696 1745 54 32 &

207 1776 127 33 habetur.
303 1776 64 33 I.
335 1776 64 33 de
366 1776 106 33 anima.
441 1776 85 33 tex.
494 1776 85 33 com.
547 1776 74 33 19.
589 1776 85 33 ideo
632 1776 95 33 vltimam

213 1807 73 35 in
249 1807 135 35 talibus
347 1807 135 35 sumpsit
445 1807 122 35 vitam,
531 1807 159 35 ostendens
641 1807 86 35 etiam

207 1844 125 30 talem
290 1844 208 30 participare
457 1844 125 30 motum
540 1844 167 30 quendam.
652 1844 69 30 nam

210 1877 76 37 est
253 1877 119 37 mutatio
340 1877 119 37 quaedam
426 1877 130 37 secundum
524 1877 151 37 qualitatem
643 1877 54 37 &
653 1877 76 37 quan

743 157 141 53 titatem
845 157 153 53 nutritio
960 157 64 53 &
986 157 204 53 augmentatio,
1152 157 77 53 vt
1178 157 89 53 dicit

723 195 164 40 Simplicius.

772 220 103 46 Sexta
840 220 148 46 contradi.
954 220 80 46 est
1000 220 68 46 in
1034 220 91 46 com.
1091 220 68 46 3.
1125 220 80 46 Non
1159 220 114 46 dicitur,

742 260 148 37 mortuum,
853 260 99 37 nisi
915 260 136 37 animal,
1014 260 99 37 quod
1075 260 111 37 caret
1149 260 136 37 princia
1236 260 37 37 e

749 291 74 37 io
786 291 172 37 nutrimenti
921 291 61 37 &
945 291 123 37 sensus
1031 291 148 37 insimul,
1142 291 86 37 non
1179 291 86 37 prin-

743 325 115 34 cipio
820 325 127 34 sensus
909 325 64 34 &
934 325 115 34 motus
1010 325 140 34 tantum.
1112 325 89 34 Sed
1150 325 115 34 opposi-

743 351 79 35 tum
788 351 124 35 videtur
878 351 101 35 primo
945 351 67 35 de
979 351 101 35 anima
1046 351 90 35 com.
1103 351 101 35 vlti.
1170 351 79 35 vbi
1204 351 56 35 di-

742 387 84 31 cit
790 387 96 31 quod
850 387 84 31 non
897 387 131 31 dicitur
993 387 143 31 mortuum,
1101 387 96 31 nisi
1148 387 108 31 animal,

747 421 92 36 quod
804 421 103 36 caret
873 421 160 36 principio,
999 421 69 36 i.
1033 421 103 36 vita,
1102 421 80 36 non
1136 421 126 36 principio

741 444 112 38 sensus
819 444 56 38 &
842 444 101 38 motus
909 444 135 38 insimul.
1011 444 67 38 In
1044 444 79 38 vno
1089 444 90 38 enim
1146 444 90 38 loco
1191 444 67 38 vult

744 474 59 36 ex
774 474 79 36 sola
823 474 118 36 carentia
911 474 88 36 vitae
970 474 118 36 scilicet
1059 474 157 36 vegetabilis,
1176 474 79 36 animal

745 509 126 35 mortuum
836 509 103 35 dici:
905 509 69 35 in
939 509 92 35 alio
997 509 92 35 vero
1054 509 69 35 ex
1088 509 137 35 carentia
1180 509 80 35 virae

751 537 53 32 &
773 537 107 32 sensus
848 537 128 32 insimul.
944 537 139 32 Soluitur,
1051 537 86 32 quod
1104 537 75 32 hic
1136 537 118 32 loquitur,

743 567 126 35 secundum
838 567 84 35 suum
891 567 116 35 idioma,
975 567 84 35 quia
1028 567 95 35 dicit
1091 567 63 35 in
1122 567 126 35 Arabico,
1206 567 53 35 &c.

743 599 78 39 sed
788 599 101 39 primo
855 599 67 39 de
888 599 101 39 anima
955 599 134 39 secundum
1056 599 112 39 idioma
1123 599 134 39 Graecorum,

751 630 84 40 qui
799 630 120 40 volunt
883 630 120 40 mortem
967 630 96 40 esse
1027 630 156 40 carentiam
1135 630 120 40 nutriti-

746 661 77 40 uae
790 661 122 40 animae.
879 661 89 40 vnde
934 661 55 40 &
956 661 66 40 in
989 661 122 40 plantis
1078 661 89 40 mots
1122 661 133 40 reperitur,

782 694 126 29 Septima
873 694 148 29 contradi.
987 694 80 29 est
1033 694 68 29 in
1067 694 114 29 eodem.
1147 694 91 29 com.
1193 694 68 29 Pon-

748 717 101 45 derat
815 717 101 45 Com,.
882 717 101 45 quare
949 717 168 45 Philosophus
1083 717 101 45 dixit
1150 717 89 45 quod
1195 717 67 45 cor-

750 754 88 41 ora
801 754 100 41 viua
863 754 126 41 habent
951 754 176 41 principium
1077 754 188 41 essentialiter

751 784 62 34 se
782 784 123 34 augendi.
874 784 92 34 dicit
935 784 82 34 quod
987 784 92 34 illud
1048 784 103 34 dixit,
1120 784 113 34 propter
1192 784 62 34 ali-

750 817 88 39 qua,
805 817 88 39 quae
860 817 77 39 non
903 817 88 39 sunt
958 817 99 39 viua,
1024 817 55 39 &
1046 817 66 39 in
1079 817 121 39 talibus
1155 817 99 39 videtur

748 847 89 34 esse
803 847 122 34 aliquid
892 847 111 34 simile
969 847 144 34 augmento,
1080 847 133 34 sicutest
1168 847 89 34 lapis,

753 877 59 38 le
783 877 69 38 quo
822 877 89 38 etiam
882 877 99 38 patet.
951 877 59 38 I.
980 877 99 38 coeli.
1050 877 79 38 com.
1099 877 69 38 12.
1138 877 59 38 &.
1168 877 59 38 I.
1198 877 59 38 de
1217 877 40 38 ge

740 910 159 35 neratione.
864 910 79 35 36.
910 910 125 35 videtur
1000 910 113 35 igitur
1080 910 91 35 Com.
1136 910 102 35 velle
1193 910 68 35 ali-

752 945 84 31 uid
800 945 108 31 esse,
872 945 96 31 quod
932 945 120 31 habeat
1016 945 168 31 principium
1136 945 120 31 essentia

747 968 104 43 liter
817 968 69 43 se
851 968 138 43 augendi.
955 968 81 43 Sed
1001 968 104 43 huius
1070 968 150 43 oppositum
1173 968 81 43 pater

747 1004 95 34 infra
811 1004 63 34 in
843 1004 85 34 tex.
895 1004 85 34 com.
948 1004 74 34 39.
991 1004 95 34 primi
1054 1004 106 34 huius,
1128 1004 74 34 vbi
1160 1004 95 34 haberur

746 1035 82 37 quod
797 1035 92 37 nihil
858 1035 112 37 augetur
940 1035 173 37 essentialiter
1083 1035 61 37 ex
1113 1035 71 37 se.
1144 1035 112 37 Soluitur.

757 1062 69 40 per
796 1062 69 40 ibi
836 1062 167 40 intelligitur,
973 1062 78 40 quod
1022 1062 88 40 nihil
1081 1062 108 40 augetur
1149 1062 108 40 essentia.

744 1099 106 31 liter,
819 1099 64 31 i.
850 1099 85 31 sine
903 1099 85 31 alio
956 1099 85 31 motu
1009 1099 170 31 praecedente:
1147 1099 85 31 quia
1189 1099 64 31 aug-

746 1127 142 35 mentatio
853 1127 130 35 debetur
948 1127 142 35 partibus
1054 1127 83 35 per
1090 1127 166 35 alterationem

744 1158 63 35 &
770 1158 113 35 motum
845 1158 214 35 praecedentem,
1022 1158 101 35 toti
1085 1158 101 35 vero
1135 1158 126 35 attribui

751 1189 71 37 ur
787 1189 130 37 ratione
881 1189 142 37 partium.
988 1189 59 37 &
1011 1189 83 37 hoc
1059 1189 83 37 fu:
1106 1189 107 37 satis
1165 1189 95 37 Arist.

748 1226 113 33 contra
827 1226 136 33 Platonem
929 1226 91 33 ibi,
986 1226 91 33 quod
1043 1226 102 33 anim.
1111 1226 79 33 non
1156 1226 79 33 est
1190 1226 68 33 pri-

740 1250 77 32 mo
779 1250 102 32 mota
843 1250 77 32 in
881 1250 154 32 augmento
996 1250 64 32 a
1022 1250 141 32 scipsa.
1124 1250 77 32 in
1163 1250 90 32 hoc
1201 1250 64 32 ve-

743 1281 67 39 ro
776 1281 89 39 loco
832 1281 134 39 intendit
933 1281 89 39 quod
989 1281 123 39 corpora
1078 1281 134 39 viuentia
1168 1281 89 39 habent

748 1316 161 37 principium
875 1316 173 37 essentiale,
1013 1316 69 37 i.
1048 1316 184 37 intrinsecum,
1197 1316 81 37 per

755 1343 72 43 uod
796 1343 124 43 augentur
889 1343 52 43 &
909 1343 72 43 sic
951 1343 113 43 sedatur
1033 1343 134 43 discordia
1136 1343 83 43 hic,
1188 1343 52 43 &
1198 1343 62 43 ibi.

777 1375 113 36 octaua
856 1375 147 36 contradi.
969 1375 79 36 est
1014 1375 68 36 in
1048 1375 90 36 com.
1104 1375 68 36 4.
1138 1375 102 36 Dicit
1195 1375 56 36 Com

744 1405 148 34 subiectum
857 1405 159 34 accidentis
982 1405 91 34 esse
1039 1405 80 34 ens
1085 1405 68 34 in
1119 1405 102 34 actu.
1175 1405 80 34 Huius

749 1441 99 36 amen
810 1441 161 36 oppositum
934 1441 124 36 sentit
1020 1441 99 36 ipse
1082 1441 111 36 primo
1156 1441 99 36 cap.
1206 1441 49 36 de

743 1469 139 29 substan.
848 1469 116 29 orbis,
929 1469 81 29 vbi
975 1469 104 29 ponit
1045 1469 174 29 dimensiones
1172 1469 93 29 inter-

743 1499 131 33 minatas
839 1499 131 33 fundari
934 1499 72 33 in
970 1499 131 33 materia
1066 1499 120 33 prima,
1149 1499 96 33 quae
1197 1499 60 33 est

744 1529 82 35 ens
791 1529 70 35 in
826 1529 93 35 pura
884 1529 151 35 potentia.
1001 1529 151 35 Dicendum,
1117 1529 93 35 quod
1164 1529 93 35 aliqui

738 1559 71 39 ex
774 1559 95 39 ista
833 1559 178 39 authoritate
975 1559 95 39 moti
1034 1559 118 39 ponere
1117 1559 118 39 conati
1188 1559 71 39 sunt

744 1593 76 33 de
782 1593 178 33 intentione
922 1593 114 33 Auer.
998 1593 127 33 formam
1075 1593 191 33 corporeitatis

735 1628 213 31 substantialem
911 1628 150 31 materiae
1023 1628 125 31 primae
1098 1628 163 31 coaeternam,

748 1660 96 28 quia
808 1660 120 28 volunt
892 1660 156 28 subiectum
1012 1660 168 28 cuiuslibet
1132 1660 120 28 acciden-

744 1684 75 39 tis
787 1684 86 39 esse
841 1684 75 39 ens
884 1684 65 39 in
916 1684 97 39 actu.
981 1684 65 39 Et
1013 1684 86 39 ista
1067 1684 118 39 positio
1153 1684 86 39 bene
1196 1684 65 39 fuit

749 1713 97 34 Auic.
814 1713 86 34 vnde
868 1713 118 34 Commen.
954 1713 65 34 4.
986 1713 97 34 cceli
1051 1713 86 34 com.
1104 1713 54 34 4
1126 1713 65 34 0.
1147 1713 108 34 expresse

741 1744 97 37 habet
806 1744 86 37 ista
860 1744 108 37 verba.
935 1744 54 37 &
957 1744 140 37 similiter
1065 1744 76 37 est
1108 1744 65 37 de
1140 1744 108 37 tribus
1205 1744 54 37 di-

749 1776 150 37 mensionibus
869 1776 70 37 cum
909 1776 90 37 prima
969 1776 120 37 materia,
1059 1776 120 37 scilicet
1149 1776 80 37 quod
1189 1776 70 37 sunt,

746 1806 117 36 primae
828 1806 141 36 formatum
934 1806 176 36 existentium
1075 1806 70 36 in
1110 1806 70 36 ea
1145 1806 70 36 in
1169 1806 82 36 actu,

745 1840 61 30 &
769 1840 97 30 ideo
830 1840 170 30 putauerunt
963 1840 121 30 quidam
1049 1840 97 30 quod
1097 1840 158 30 corporeitas

749 1876 70 31 est
789 1876 151 31 substantia.
910 1876 60 31 Ec
940 1876 70 31 ese
980 1876 80 31 quod
1030 1876 60 31 ex
1060 1876 141 31 intentione
1161 1876 100 31 aliorum.
