1416 2066
180 202 139 42 nihil
272 202 139 42 autem
365 202 154 42 sentit
473 202 123 42 quod
550 202 108 42 non
612 202 154 42 habeat
720 202 170 42 animam.
843 202 201 42 similiter
997 202 139 42 etiam
1090 202 93 42 de
1121 202 123 42 auctio

183 249 95 58 ne
231 249 79 58 &
262 249 237 58 diminutione
452 249 111 58 res
515 249 158 58 habet:
626 249 142 58 nihil
721 249 127 58 enim
800 249 237 58 diminuitur,
990 249 142 58 neque
1069 249 174 58 naturali-

193 293 96 47 ter
248 293 165 47 augetur,
372 293 110 47 nisi
441 293 151 47 alatur,
551 293 124 47 nihil
633 293 124 47 autem
716 293 151 47 alitur:
826 293 110 47 quin
894 293 96 47 sit
949 293 124 47 uitae
1018 293 165 47 particeps.

240 363 92 44 Et
286 363 123 44 esse
363 363 123 44 viui
439 363 108 44 est
501 363 169 44 viuere.
624 363 77 44 &
654 363 138 44 anima
747 363 108 44 est
808 363 154 44 causa,
915 363 77 44 &
946 363 215 44 principium
1100 363 138 44 istius.

198 404 92 47 Et
244 404 138 47 etiam
336 404 215 47 endelechia
505 404 108 47 est
567 404 184 47 intentio
705 404 138 47 eius,
797 404 123 47 quod
874 404 108 47 est
936 404 92 47 in
982 404 184 47 potentia
1120 404 123 47 ens.
1182 404 61 47 Et

195 451 243 47 manifestum
386 451 122 47 est
455 451 139 47 quod
542 451 156 47 anima
646 451 122 47 est
716 451 156 47 causa
820 451 156 47 etiam
924 451 191 47 propter
1063 451 156 47 quid.
1150 451 87 47 quo

192 491 147 50 niam,
290 491 245 50 quemadmodum
486 491 245 50 intellectus
682 491 147 50 nihil
780 491 147 50 agit,
878 491 131 50 nisi
960 491 180 50 propter
1075 491 163 50 aliquid,

192 532 109 43 ita
255 532 172 43 natura.
380 532 78 43 &
411 532 109 43 hoc
473 532 109 43 est
535 532 140 43 finis
629 532 140 43 eius.
723 532 78 43 &
754 532 203 43 similiter
910 532 140 43 anima
1003 532 94 43 in
1034 532 203 43 animalibus,

189 572 82 51 &
221 572 99 51 in
271 572 198 51 omnibus.
419 572 148 51 omnia
518 572 132 51 enim
601 572 214 51 naturalia
766 572 132 51 sunt
848 572 247 51 instrumenta
1046 572 181 51 animae,
1162 572 82 51 si-

197 616 107 50 cut
258 616 91 50 in
303 616 228 50 animalibus,
486 616 76 50 &
516 616 183 50 plantis:
653 616 107 50 ita
714 616 122 50 quod
790 616 137 50 etiam
882 616 122 50 illa
958 616 107 50 est
1019 616 137 50 causa
1095 616 152 50 animati.

194 658 97 48 Et
242 658 177 48 propter
371 658 129 48 quid
451 658 177 48 dicitur
580 658 161 48 duobus
693 658 161 48 modis.
805 658 161 48 quorum
918 658 129 48 vnus
999 658 113 48 est
1063 658 161 48 illud,
1160 658 80 48 pro

196 701 125 51 pter
275 701 141 51 quod:
369 701 78 51 &
400 701 141 51 alius
494 701 141 51 cuius
588 701 110 51 est
651 701 125 51 hoc.
729 701 94 51 Et
776 701 141 51 anima
870 701 110 51 est
933 701 141 51 etiam
1027 701 157 51 illud,
1136 701 94 51 ex
1168 701 78 51 quo

180 745 145 46 primo
276 745 113 46 fit
341 745 145 46 motus
437 745 97 46 in
486 745 145 46 loco.
582 745 113 46 sed
647 745 129 46 ista
727 745 161 46 virtus
840 745 113 46 non
904 745 209 46 inuenitur
1065 745 97 46 in
1097 745 145 46 omnibus

195 787 164 41 viuis.
309 787 98 41 Et
359 787 213 41 alteratio
523 787 164 41 etiam,
637 787 82 41 &
670 787 213 41 augmentum
834 787 148 41 fiunt
932 787 115 41 per
998 787 180 41 animam,
1113 787 131 41 sensus

188 826 121 49 enim
263 826 227 49 existimatur
445 826 121 49 esse
520 826 196 49 alteratio
671 826 166 49 aliqua.
792 826 76 49 &
822 826 136 49 nihil
913 826 151 49 sentit
1018 826 121 49 nisi
1094 826 151 49 habeat
1185 826 60 49 a-

193 869 158 45 nimam.
304 869 95 45 Et
352 869 206 45 similiter
510 869 111 45 est
573 869 95 45 de
621 869 206 45 augmento,
779 869 79 45 &
811 869 254 45 diminutione.
1017 869 143 45 nihil
1112 869 127 45 enim
1176 869 63 45 au

193 914 159 49 getur,
304 914 79 49 &
336 914 222 49 diminuitur
511 914 254 49 naturaliter,
717 914 127 49 nisi
796 914 222 49 nutriatur:
971 914 79 49 &
987 914 254 49 nihilnutritur,

193 954 126 49 nisi
272 954 157 49 habeat
382 954 157 49 partem
492 954 94 49 in
524 954 110 49 vita.

231 1020 100 39 Cum
288 1020 143 39 posuit
388 1020 114 39 quod
460 1020 129 39 anima
545 1020 100 39 est
603 1020 129 39 causa
688 1020 172 39 corporis
817 1020 143 39 tribus
917 1020 143 39 modis,
1017 1020 86 39 de
1060 1020 143 39 quibus
1146 1020 100 39 modis

193 1060 149 50 dicitur
302 1060 95 50 hoc
356 1060 122 50 nomen
437 1060 136 50 causa,
532 1060 163 50 incoepit
654 1060 176 50 declarare
790 1060 122 50 modos
871 1060 122 50 istos
952 1060 108 50 esse
1020 1060 81 50 in
1061 1060 95 50 ea,
1115 1060 68 50 &
1142 1060 81 50 in
1169 1060 68 50 pri

201 1099 79 52 mo
240 1099 105 52 quod
306 1099 92 52 est
359 1099 92 52 cam
411 1099 158 52 corporis
530 1099 158 52 secundum
648 1099 145 52 formam.
753 1099 79 52 Et
793 1099 79 52 d.
832 1099 79 52 Et
872 1099 105 52 esse
937 1099 118 52 viui,
1016 1099 92 52 &c.
1069 1099 79 52 i.
1108 1099 66 52 &
1122 1099 118 52 signum,

193 1140 95 47 quod
252 1140 107 47 anima
324 1140 83 47 est
371 1140 107 47 forma
442 1140 154 47 corporis,
561 1140 83 47 est
608 1140 95 47 quod
668 1140 83 47 hoc
715 1140 83 47 ens
763 1140 107 47 viuum
834 1140 83 47 non
881 1140 107 47 habet
952 1140 107 47 esse,
1023 1140 142 47 secundum
1130 1140 95 47 quod
1178 1140 59 47 est

202 1181 112 38 viuum,
280 1181 89 38 nisi
336 1181 78 38 per
380 1181 112 38 illud,
458 1181 78 38 per
503 1181 89 38 quod
559 1181 112 38 viuit,
637 1181 67 38 i.
670 1181 89 38 quod
726 1181 78 38 est
771 1181 78 38 cam
815 1181 112 38 istius
893 1181 134 38 actionis
994 1181 134 38 scilicet
1094 1181 112 38 vitae:
1172 1181 56 38 &
1183 1181 56 38 mae

192 1217 140 46 nifestum
297 1217 81 46 est
344 1217 93 46 quod
402 1217 81 46 cam
448 1217 116 46 istius
530 1217 140 46 actionis
635 1217 81 46 est
681 1217 116 46 anima:
763 1217 93 46 ergo
821 1217 93 46 hoc,
879 1217 93 46 quod
937 1217 81 46 est
984 1217 116 46 viuum,
1065 1217 140 46 secundum
1170 1217 93 46 quod

191 1259 92 41 est
243 1259 132 41 viuum,
336 1259 92 41 est
388 1259 92 41 per
441 1259 145 41 animam.
546 1259 66 41 &
573 1259 132 41 illud,
665 1259 92 41 per
717 1259 105 41 quod
783 1259 92 41 est
836 1259 105 41 ens,
902 1259 66 41 &
928 1259 92 41 est
981 1259 105 41 hoc,
1047 1259 92 41 est
1099 1259 92 41 sua
1139 1259 105 41 forma:

191 1301 120 38 ergo
266 1301 135 38 anima
356 1301 105 38 est
416 1301 135 38 forma
505 1301 180 38 animati:
640 1301 105 38 cum
700 1301 105 38 non
760 1301 105 38 est
820 1301 120 38 hoc,
895 1301 75 38 &
925 1301 105 38 ens
984 1301 120 38 nisi
1059 1301 105 38 per
1104 1301 135 38 animam.

216 1332 103 47 D.d.
281 1332 155 47 secundam
397 1332 155 47 rationem
514 1332 116 47 super
591 1332 103 47 hoc,
656 1332 65 47 &
682 1332 78 47 d.
721 1332 78 47 Et
759 1332 116 47 etiam
837 1332 181 47 endelechia
979 1332 91 47 est
1031 1332 155 47 intentio
1147 1332 116 47 eius,

204 1380 96 46 quod
264 1380 84 46 est
312 1380 72 46 in
348 1380 144 46 potentia
456 1380 96 46 ens.
516 1380 72 46 i.
552 1380 60 46 &
576 1380 108 46 etiam
648 1380 108 46 anima
720 1380 96 46 est,
780 1380 144 46 secundum
888 1380 96 46 quod
948 1380 84 46 iam
996 1380 168 46 declaratum
1128 1380 96 46 est,
1176 1380 60 46 per

198 1412 148 38 fectio:
305 1412 174 38 perfectio
439 1412 121 38 autem
520 1412 94 38 est
573 1412 134 38 forma,
667 1412 67 38 &
694 1412 161 38 intentio
815 1412 121 38 eius,
895 1412 107 38 quod
962 1412 94 38 est
1016 1412 80 38 in
1056 1412 161 38 potentia
1164 1412 80 38 ens:

197 1452 101 39 ergo
261 1452 114 39 anima
337 1452 89 39 est
388 1452 127 39 forma.
476 1452 89 39 Et,
527 1452 89 39 cum
578 1452 178 39 declarauit
717 1452 89 39 eam
768 1452 101 39 esse
831 1452 127 39 causam
920 1452 152 39 secundum
1034 1452 139 39 formam,
1123 1452 114 39 declara

203 1488 81 42 uit
250 1488 105 42 etiam
320 1488 81 42 eam
366 1488 93 42 esse
424 1488 116 42 causam
506 1488 140 42 secundum
610 1488 116 42 finem,
692 1488 58 42 &
715 1488 70 42 d.
750 1488 70 42 Et
785 1488 163 42 manifestum
913 1488 81 42 est
959 1488 93 42 quod
1017 1488 105 42 anima
1087 1488 81 42 est
1133 1488 93 42 cam,
1180 1488 58 42 &c.

201 1528 69 43 i.
235 1528 160 43 manifestum
361 1528 80 43 est
406 1528 80 43 per
452 1528 69 43 se
486 1528 91 43 quod
544 1528 103 43 anima
612 1528 80 43 est
658 1528 80 43 cam
704 1528 137 43 corporis
807 1528 137 43 animati,
909 1528 137 43 secundum
1012 1528 114 43 illud,
1092 1528 126 43 propter
1172 1528 69 43 quod

199 1567 123 44 fuit
276 1567 154 44 corpus
383 1567 200 44 animatum.
537 1567 231 44 Quemadmodum
722 1567 154 44 enimus
829 1567 138 44 multa
921 1567 246 44 artificialia
1121 1567 108 44 non
1167 1567 62 44 a-

193 1611 94 49 gunt
252 1611 94 49 nisi
311 1611 129 49 propter
405 1611 141 49 aliquid,
511 1611 82 49 sic
558 1611 106 49 etiam
628 1611 82 49 est
675 1611 71 49 de
710 1611 129 49 natura,
804 1611 141 49 scilicet
910 1611 94 49 quod
969 1611 82 49 non
1016 1611 94 49 agit
1075 1611 106 49 nisi,
1133 1611 106 49 propter

199 1644 142 47 aliquid.
306 1644 59 47 &
329 1644 83 47 hoc
377 1644 83 47 est
424 1644 107 47 finis
495 1644 130 47 naturae
590 1644 142 47 scilicet
696 1644 95 47 quod
756 1644 83 47 non
803 1644 95 47 agit
862 1644 95 47 nisi
921 1644 130 47 propter
1016 1644 142 47 aliquid,
1123 1644 107 47 sicut
1182 1644 59 47 ars

195 1683 98 40 non
251 1683 112 40 agit
321 1683 112 40 nisi
392 1683 155 40 propter
504 1683 169 40 aliquid.
631 1683 225 40 D.declarauit
813 1683 112 40 quod
884 1683 141 40 illud,
982 1683 141 40 perper
1080 1683 112 40 quod
1137 1683 112 40 natura

191 1729 124 41 agit,
274 1729 152 41 videtur
384 1729 110 41 esse
453 1729 124 41 anima
536 1729 83 41 in
577 1729 207 41 animalibus,
742 1729 69 41 &
770 1729 96 41 non
825 1729 124 41 solum
907 1729 83 41 in
949 1729 207 41 animalibus,
1114 1729 96 41 sed
1155 1729 83 41 omni

196 1763 102 39 bus
255 1763 131 39 rebus
342 1763 232 39 naturalibus,
530 1763 73 39 &
559 1763 87 39 d.
603 1763 73 39 &
632 1763 189 39 similiter
777 1763 131 39 anima
864 1763 87 39 in
907 1763 218 39 animalibus,
1081 1763 73 39 &
1110 1763 87 39 in
1139 1763 102 39 omni-

190 1801 109 42 bus.
259 1801 82 42 i.
299 1801 68 42 &
327 1801 204 42 quemadmodum
490 1801 123 42 forma
572 1801 95 42 est
627 1801 123 42 finis
708 1801 123 42 artis
790 1801 82 42 in
831 1801 259 42 artificialibus,
1049 1801 95 42 ita
1104 1801 123 42 anima
1172 1801 68 42 est

192 1839 136 43 finis
282 1839 166 43 naturae
403 1839 90 43 in
448 1839 196 43 animabus,
599 1839 75 43 &
629 1839 90 43 in
674 1839 166 43 omnihus
795 1839 241 43 naturalibus.
991 1839 241 43 D.declarauit
1172 1839 75 43 mo-

188 1883 122 40 dum,
264 1883 92 40 ex
310 1883 107 40 quo
371 1883 168 40 apparet
494 1883 122 40 quod
570 1883 138 40 anima
662 1883 107 40 est
724 1883 138 40 finis
815 1883 153 40 omnium
923 1883 230 40 naturalium,
1106 1883 77 40 &
1122 1883 122 40 dicit,
