1416 2066
237 180 171 39 paratis
362 180 186 39 iudicare
501 180 186 39 separata
641 180 155 39 palam.
750 180 124 39 quod
828 180 140 39 autem
921 180 140 39 neque
1014 180 93 39 in
1061 180 186 39 separato
1185 180 124 39 tempo-

249 231 112 44 re,
313 231 143 44 hinc:
408 231 143 44 sicut
504 231 128 44 enim
584 231 128 44 idem
663 231 143 44 dicit
759 231 128 44 quod
839 231 175 44 alterum
966 231 143 44 bonum
1062 231 80 44 &
1094 231 159 44 malum.
1205 231 80 44 &
1221 231 80 44 sic

256 267 166 47 quando
372 267 182 47 alterum
505 267 166 47 dicit,
621 267 182 47 quoniam
754 267 199 47 alterum,
903 267 133 47 tunc
986 267 83 47 &
1019 267 199 47 alterum,
1168 267 116 47 non
1218 267 83 47 se-

252 307 170 44 cundum
371 307 204 44 accidens
524 307 153 44 ipsum
625 307 187 44 quando.
761 307 136 44 Dico
846 307 153 44 autem
948 307 153 44 puta,
1049 307 136 44 nunc
1134 307 136 44 dico
1202 307 102 44 quo-

245 347 135 48 niam
329 347 202 48 alterum,
481 347 118 48 non
549 347 152 48 tamen
650 347 185 48 quoniam
784 347 135 48 nunc
869 347 202 48 alterum.
1020 347 118 48 sed
1088 347 118 48 sic
1155 347 152 48 dicit
1256 347 84 48 &

250 391 148 44 nunc,
348 391 82 44 &
381 391 181 44 quoniam
513 391 148 44 nunc:
612 391 148 44 simul
711 391 148 44 ergo.
810 391 148 44 Quare
909 391 264 44 inseparabile
1124 391 82 44 &
1157 391 99 44 in
1190 391 115 44 inse-

256 436 203 56 parabili
391 436 169 56 tempore.

297 484 93 63 Ex
343 484 108 63 quo
405 484 217 63 perspicuum
575 484 124 63 est,
652 484 155 63 carnem
761 484 108 63 non
822 484 124 63 esse
900 484 170 63 ultimum
1024 484 217 63 sensorium:
1178 484 124 63 neces-

252 532 95 63 se
300 532 127 63 enim
379 532 143 63 esset
474 532 95 63 id
522 532 127 63 quod
601 532 190 63 iudicat,
743 532 190 63 tangendo
886 532 143 63 ipsum
981 532 206 63 iudicare.
1140 532 127 63 Haud
1203 532 95 63 ergo

257 580 129 63 fieri
343 580 158 63 potest,
457 580 86 63 ut
500 580 186 63 separatis
644 580 158 63 iudicet
758 580 172 63 diuersum
887 580 115 63 esse
959 580 129 63 dulce
1045 580 86 63 ab
1088 580 129 63 albo:
1174 580 100 63 sed
1217 580 86 63 uni-

250 628 163 55 cuipiam
369 628 119 55 ambo
443 628 163 55 cognita
561 628 119 55 esse
635 628 178 55 oportet.
769 628 178 55 alioquin
902 628 74 55 &
932 628 89 55 si
976 628 104 55 ego
1035 628 119 55 hoc,
1109 628 89 55 tu
1154 628 133 55 illud
1228 628 74 55 sen

251 687 133 44 tias,
340 687 177 44 cognitum
472 687 133 44 esset
561 687 88 44 ea
605 687 162 44 diuersa
723 687 133 44 inter
811 687 88 44 se
856 687 133 44 esse.
944 687 162 44 Oportet
1062 687 162 44 igitur,
1180 687 88 44 ut
1210 687 88 44 unum

253 724 129 52 dicat
339 724 158 52 diuersa
454 724 129 52 esse:
540 724 173 52 diuersum
670 724 144 52 namque
770 724 101 52 est
828 724 129 52 dulce
914 724 86 52 ab
957 724 129 52 albo:
1043 724 129 52 dicit
1130 724 115 52 ergo
1201 724 129 52 idem:

254 774 187 60 quamobrem
398 774 87 60 ut
441 774 144 60 dicit,
542 774 101 60 sic
600 774 130 60 etiam
686 774 202 60 intelligit
845 774 72 60 &
873 774 159 60 sentit.
989 774 130 60 Eteri
1075 774 144 60 igitur
1176 774 101 60 non
1220 774 87 60 pos-

247 826 102 57 se,
306 826 87 57 ut
349 826 189 57 separatis
494 826 174 57 separata
625 826 218 57 iudicentur,
799 826 203 57 perspicuum
959 826 116 57 est:
1031 826 145 57 neque,
1133 826 131 57 etiam
1205 826 102 57 fieri

245 883 133 48 posse
334 883 89 48 in
379 883 178 48 separato
512 883 178 48 tempore,
646 883 119 48 hinc
720 883 178 48 patebit.
853 883 89 48 ut
898 883 119 48 enim
972 883 119 48 idem
1046 883 163 48 dicitr,
1150 883 148 48 diuersum

253 916 131 64 esse
335 916 147 64 bonum
433 916 82 64 &
466 916 164 64 malum,
580 916 115 64 sic
646 916 82 64 &
679 916 115 64 cum
744 916 180 64 alterum
875 916 147 64 dicit
973 916 197 64 diuersum
1121 916 147 64 esse,
1219 916 82 64 &
1235 916 66 64 al

252 969 146 51 terum,
354 969 102 51 non
413 969 102 51 per
471 969 175 51 accidens
602 969 131 51 illud
689 969 160 51 quando:
806 969 131 51 uerbi
893 969 131 51 causa
981 969 117 51 nunc
1053 969 117 51 dico
1126 969 131 51 aliud
1199 969 102 51 esse,

254 1013 88 54 uo
298 1013 131 54 tamen
386 1013 131 54 aliud
473 1013 117 54 esse
546 1013 131 54 nunc:
634 1013 102 54 sed
692 1013 102 54 ita
751 1013 131 54 dicit
838 1013 73 54 &
867 1013 131 54 nunc,
955 1013 73 54 &
984 1013 117 54 quod
1057 1013 117 54 nuc:
1130 1013 117 54 ergo
1188 1013 117 54 simul.

248 1070 140 61 Quare
342 1070 264 61 inseparabile,
559 1070 78 61 &
590 1070 93 61 an
637 1070 171 61 tempore
746 1070 233 61 inseparabili.

292 1116 183 40 Dicamus
425 1116 166 40 igitur
542 1116 133 40 quod
625 1116 233 40 manifestum
808 1116 116 40 est
875 1116 133 40 quod
958 1116 133 40 caro
1041 1116 116 40 non
1107 1116 116 40 est
1157 1116 150 40 vltimum

250 1155 200 48 sentiens.
404 1155 231 48 contingeret
588 1155 123 48 enim
665 1155 108 48 cum
727 1155 185 48 tangeret
866 1155 123 48 quod
943 1155 216 48 iudicaret.
1112 1155 108 48 Sed
1158 1155 139 48 impossi

247 1199 122 43 bile
323 1199 107 43 est
384 1199 92 43 vt
430 1199 184 43 iudicans
568 1199 168 43 iudicet
691 1199 138 43 dulce
783 1199 122 43 esse
859 1199 138 43 aliud
951 1199 92 43 ab
997 1199 122 43 albo
1073 1199 107 43 per
1135 1199 107 43 duo
1181 1199 122 43 diuer-

255 1241 106 42 sa,
315 1241 106 42 sed
376 1241 166 42 necesse
497 1241 106 42 est
557 1241 91 42 vt
603 1241 121 42 ambo
678 1241 121 42 sint
754 1241 166 42 eiusdem
875 1241 106 42 per
935 1241 106 42 duo
996 1241 242 42 instrumenta.
1192 1241 91 42 &,
1222 1241 76 42 ni-

254 1280 87 51 si
298 1280 102 51 hoc
356 1280 145 51 esset,
458 1280 131 51 esset
545 1280 189 51 pessibile
690 1280 145 51 quando
792 1280 102 51 ego
850 1280 174 51 sentirem
981 1280 116 51 hoc,
1053 1280 73 51 &
1082 1280 87 51 tu
1126 1280 145 51 illud,
1213 1280 87 51 quod

259 1324 106 55 ego
320 1324 243 55 intelligerem
517 1324 91 55 ea
562 1324 121 55 esse
638 1324 182 55 diuersa.
775 1324 106 55 sed
836 1324 167 55 necesse
957 1324 106 55 est
1018 1324 106 55 vt,
1078 1324 121 55 vnus
1154 1324 137 55 dicat
1230 1324 76 55 hoc

250 1367 118 45 esse
324 1367 133 45 aliud
412 1367 88 45 ab
456 1367 118 45 hoc,
530 1367 74 45 &
560 1367 133 45 dulce
648 1367 133 45 aliud
736 1367 88 45 ab
781 1367 133 45 albo.
869 1367 147 45 dicens
972 1367 147 45 igitur
1075 1367 103 45 est
1134 1367 133 45 idem,
1208 1367 88 45 qua-

246 1409 171 51 propter
371 1409 186 51 neceesse
510 1409 124 51 est,
588 1409 140 51 sicut
681 1409 186 51 dicimus,
821 1409 109 51 sic
883 1409 171 51 agamus,
1007 1409 78 51 &
1038 1409 217 51 sentiamus.
1209 1409 124 51 Quo

253 1460 127 47 niam
333 1460 143 47 autem
428 1460 239 47 impossibile
619 1460 111 47 est
683 1460 191 47 iudicare
826 1460 191 47 diuersa,
970 1460 80 47 &
1001 1460 111 47 per
1065 1460 191 47 diuersa,
1193 1460 111 47 mani-

250 1492 165 46 festum
365 1492 132 46 est.
447 1492 181 46 Quoniam
579 1492 132 46 vero
662 1492 115 46 hoc
728 1492 115 46 non
794 1492 115 46 fit
860 1492 99 46 in
909 1492 181 46 tempore
1041 1492 198 46 diuerso,
1190 1492 99 46 ex
1223 1492 82 46 hoc

245 1532 306 47 declarabitur.
497 1532 270 47 Quemadmodum
713 1532 144 47 idem
804 1532 162 47 dicit
912 1532 162 47 bonum
1020 1532 144 47 esse
1110 1532 162 47 aliud
1218 1532 90 47 a
1236 1532 72 47 ma

257 1579 100 41 lo,
314 1579 100 41 sic
371 1579 100 41 cum
428 1579 157 41 dixerit
542 1579 86 41 in
585 1579 143 41 aliquo
685 1579 114 41 esse
756 1579 143 41 aliud,
856 1579 86 41 in
899 1579 114 41 illo
971 1579 114 41 enim
1042 1579 171 41 instanti
1171 1579 129 41 dicit
1242 1579 57 41 in

251 1619 115 46 alio
323 1619 144 46 etiam,
423 1619 72 46 &
452 1619 101 46 non
510 1619 259 46 accidentaliter
725 1619 173 46 scilicet
855 1619 101 46 cum
913 1619 115 46 dico
984 1619 115 46 nunc
1056 1619 115 46 esse
1128 1619 144 46 aliud,
1229 1619 101 46 non

258 1662 117 53 quia
331 1662 160 53 instans
448 1662 102 53 est
506 1662 146 53 aliud.
608 1662 102 53 sed
666 1662 117 53 dico
739 1662 102 53 sic
797 1662 175 53 instans,
928 1662 73 53 &
957 1662 117 53 quod
1030 1662 102 53 est
1089 1662 175 53 instans.
1220 1662 73 53 a
1234 1662 73 53 quo

256 1702 145 61 igitur
357 1702 130 61 erit,
444 1702 101 61 non
502 1702 116 61 erit
574 1702 217 61 diuisibile,
748 1702 72 61 &
777 1702 87 61 in
820 1702 159 61 tempore
922 1702 217 61 indiuisibili.

247 1765 182 43 Dicamus
380 1765 166 43 igitur
496 1765 133 43 quod
579 1765 232 43 manifestum
761 1765 116 43 est
827 1765 133 43 hoc,
910 1765 133 43 quod
993 1765 149 43 dico,
1093 1765 133 43 quod
1159 1765 149 43 vltimum

260 1794 149 39 sentiens
372 1794 75 39 in
409 1794 112 39 tactu
484 1794 87 39 non
534 1794 87 39 est
583 1794 75 39 in
621 1794 125 39 carne,
708 1794 112 39 neque
783 1794 75 39 in
820 1794 100 39 visu
882 1794 75 39 in
920 1794 125 39 oculo.
1007 1794 149 39 quoniam,
1119 1794 75 39 si
1157 1794 137 39 vltimum
1244 1794 62 39 sen

254 1843 121 32 tiens
334 1843 121 32 esset
415 1843 81 32 in
456 1843 135 32 oculo,
550 1843 94 32 aut
604 1843 81 32 in
644 1843 135 32 lingua
738 1843 81 32 in
779 1843 135 32 gustu,
873 1843 108 32 tunc
940 1843 148 32 necesse
1048 1843 135 32 esset,
1142 1843 94 32 cum
1183 1843 121 32 iudica-

256 1869 125 53 remus
340 1869 125 53 dulce
423 1869 111 53 esse
493 1869 125 53 aliud
576 1869 83 53 ab
618 1869 125 53 albo,
701 1869 181 53 iudicaret
840 1869 97 53 per
896 1869 97 53 duo
951 1869 167 53 diuersa,
1077 1869 125 53 illud
1160 1869 111 53 enim
1230 1869 111 53 quod
