1416 2066
150 197 185 43 tantum
279 197 111 43 in
334 197 240 43 potentia.
519 197 92 43 &
556 197 148 43 ideo
648 197 129 43 non
722 197 240 43 sentimus.
907 197 277 43 quemadmodum
1110 197 111 43 con-

171 224 168 58 bustile
293 224 107 58 non
354 224 214 58 comburitur
523 224 77 58 a
553 224 92 58 se
599 224 168 58 absque,
722 224 230 58 comburente.
906 224 92 58 &,
951 224 92 58 si
997 224 107 58 hoc
1059 224 107 58 non
1105 224 122 58 esset,

174 269 227 46 combureret
352 269 114 46 se,
417 269 81 46 &
450 269 114 46 non
515 269 211 46 indigeret
677 269 130 46 quod
758 269 146 46 ignis
856 269 146 46 esset
953 269 97 46 in
985 269 114 46 actu.

213 332 99 41 Cum
270 332 142 41 posuit
369 332 142 41 sensum
468 332 114 41 esse
539 332 85 41 de
582 332 199 41 virtutibus
738 332 185 41 passiuis,
880 332 170 41 incoepit
1008 332 170 41 dubitare
1122 332 99 41 dubi-

175 370 163 41 tationem
298 370 177 41 ?cogentem
433 370 81 41 vt
474 370 95 41 sit
528 370 81 41 de
569 370 190 41 passiiuis,
719 370 95 41 non
773 370 81 41 de
814 370 163 41 actiuis.
936 370 68 41 &
963 370 109 41 hoc,
1031 370 81 41 si
1072 370 95 41 non
1112 370 109 41 inten-

169 411 101 47 dit
226 411 101 47 per
284 411 260 47 existimationem
501 411 289 47 certificationem.
747 411 188 47 multoties
892 411 116 47 enim
964 411 145 47 vtitur
1051 411 159 47 existima-

177 452 125 40 tione
261 452 98 40 pro
316 452 223 40 certitudine.
498 452 84 40 Et
539 452 98 40 di.
595 452 98 40 Sed
651 452 98 40 est
707 452 251 40 irrationabile,
915 452 125 40 quare
999 452 139 40 sensus
1097 452 98 40 non
1138 452 84 40 sen-

173 491 122 58 tiunt
255 491 95 58 se.
309 491 122 58 idest
391 491 82 58 vt
432 491 109 58 mihi
500 491 163 58 videtur,
622 491 95 58 sed
676 491 95 58 est
731 491 245 58 irrationabile,
935 491 95 58 cum
989 491 190 58 posuerimus
1138 491 109 58 quod

174 538 160 33 virtutes
293 538 186 33 sensitiuae
440 538 106 33 sunt
506 538 160 33 actiuae,
626 538 133 33 dicere
719 538 120 33 quare
799 538 133 33 sensus
892 538 93 33 non
945 538 160 33 sentiunt
1065 538 80 33 ex
1105 538 80 33 se
1131 538 80 33 abs-

172 570 92 53 que
225 570 198 53 extrinseco.
383 570 145 53 necesse
489 570 106 53 enim
555 570 106 53 est,
621 570 79 53 si
660 570 158 53 virtutes
779 570 132 53 sensus
872 570 132 53 essent
964 570 158 53 actiuae,
1083 570 79 53 vt
1109 570 106 53 senti-

171 612 111 39 rent
241 612 83 39 ex
282 612 97 39 se:
338 612 69 39 &
366 612 97 39 non
421 612 83 39 vt
463 612 194 39 indigerent
616 612 83 39 in
657 612 153 39 sentire
768 612 139 39 aliquo
866 612 208 39 extrinseco.
1032 612 139 39 Deinde
1130 612 97 39 di.
1171 612 42 39 &

172 652 83 47 ex
214 652 97 47 eis
269 652 111 47 sunt
339 652 139 47 ignis,
436 652 69 47 &
463 652 139 47 terra,
560 652 69 47 &
588 652 111 47 alia
657 652 180 47 elementa.
796 652 125 47 idest
879 652 69 47 &
907 652 153 47 sensuum
1018 652 139 47 quidam
1101 652 111 47 attri-

166 688 147 43 buitur
269 688 88 43 in
314 688 103 43 sua
372 688 236 43 compositione
564 688 191 43 vnicuique
711 688 191 43 elemento:
859 688 74 43 &
888 688 118 43 ista
962 688 118 43 sunt
1021 688 191 43 sensibilia,

167 726 153 46 oportet
279 726 139 46 igitur
376 726 84 46 vt
418 726 181 46 sentirent
557 726 98 46 se.
613 726 70 46 &
641 726 98 46 hoc
697 726 209 46 intendebat,
864 726 98 46 cum
919 726 84 46 d.
961 726 70 46 &
989 726 195 46 accidentia
1128 726 84 46 con-

166 770 183 41 tingentia
306 770 98 41 eis
363 770 126 41 idest
447 770 225 41 contingentia
630 770 126 41 istis
714 770 239 41 sensibilibus,
911 770 84 41 ex
953 770 141 41 quibus
1037 770 183 41 componuntur

166 806 229 44 instrumenta
349 806 168 44 istorum
471 806 183 44 sensuum.
608 806 107 44 Et,
669 806 107 44 cum
730 806 183 44 narrauit
867 806 122 44 quod
944 806 107 44 est
989 806 229 44 irrationabile

167 852 141 39 dicere
266 852 127 39 quare
351 852 141 39 sensus
450 852 99 39 non
506 852 170 39 sentiunt
633 852 141 39 absque
732 852 226 39 extrinsecis,
916 852 85 39 si
959 852 198 39 posuerimus
1100 852 113 39 sensus

171 891 118 46 esse
245 891 88 46 ex
289 891 206 46 virtutibus
451 891 177 46 actiuis,
584 891 177 46 incoepit
717 891 162 46 narrare
835 891 147 46 modum,
938 891 177 46 secundum
1071 891 118 46 quem
1130 891 88 46 erit

170 924 184 48 responsio
311 924 113 48 huic
382 924 212 48 quaestioni,
551 924 71 48 &
579 924 141 48 dixit.
678 924 155 48 Dicamus
791 924 141 48 igitur
890 924 113 48 quod
961 924 141 48 sensus
1060 924 99 48 non
1116 924 99 48 est
1159 924 56 48 in

167 963 129 41 actu,
253 963 100 41 sed
310 963 86 41 in
353 963 186 41 potentia,
496 963 100 41 &c.
554 963 129 41 idest
640 963 158 41 dicamus
754 963 143 41 igitur
855 963 86 41 in
898 963 215 41 respondendo
1070 963 115 41 quod
1127 963 86 41 sen-

170 1004 94 46 sus
223 1004 94 46 non
277 1004 94 46 est
330 1004 80 46 ex
370 1004 187 46 virtutibus
518 1004 161 46 actiuis,
638 1004 107 46 quae
705 1004 121 46 agunt
786 1004 80 46 ex
826 1004 94 46 se,
879 1004 134 46 absque
973 1004 80 46 eo
1013 1004 107 46 quod
1067 1004 147 46 indigeant

163 1043 83 40 in
205 1043 165 40 actione,
328 1043 110 40 quae
397 1043 165 40 prouenit
521 1043 83 40 ab
562 1043 110 40 eis,
631 1043 138 40 motore
727 1043 206 40 extrinseco:
893 1043 110 40 sed,
961 1043 110 40 quia
1030 1043 110 40 sunt
1099 1043 83 40 ex
1126 1043 83 40 vir-

168 1090 165 34 turibus
288 1090 180 34 passiuis
423 1090 120 34 quae
498 1090 180 34 indigent
633 1090 150 34 motore
738 1090 225 34 extrinseco.
918 1090 75 34 &
948 1090 120 34 ideo
1023 1090 105 34 non
1068 1090 150 34 sentiunt

164 1120 96 44 ex
212 1120 111 44 se.
276 1120 127 44 quem
355 1120 175 44 admomum
483 1120 255 44 combustibile
690 1120 111 44 non
753 1120 223 44 comburitur
928 1120 96 44 ex
976 1120 96 44 se
1024 1120 159 44 absque
1135 1120 111 44 mo

172 1161 122 42 tore
248 1161 228 42 extrinseco,
430 1161 182 42 scilicet
567 1161 137 42 igne.
658 1161 76 42 &
688 1161 228 42 quemadmodum
871 1161 258 42 combustibile,
1083 1161 91 42 si
1114 1161 106 42 esset

170 1206 223 49 combustibile
351 1206 84 49 ex
393 1206 98 49 se,
449 1206 112 49 tunc
519 1206 181 49 possibile
658 1206 126 49 esset
742 1206 84 49 vt
784 1206 223 49 combureretur
965 1206 112 49 sine
1035 1206 112 49 igne
1090 1206 126 49 extrin-

168 1240 107 43 seco
234 1240 174 43 existente
368 1240 80 43 in
408 1240 120 43 actu:
488 1240 93 43 sic
541 1240 147 43 sensus,
648 1240 80 43 si
688 1240 174 43 sentirent
822 1240 80 43 ex
862 1240 93 43 se,
915 1240 160 43 secundum
1035 1240 107 43 quod
1102 1240 107 43 sunt
1155 1240 67 43 vit

168 1278 123 53 tutes
250 1278 164 53 actiuae,
374 1278 109 53 tunc
442 1278 178 53 possibile
579 1278 123 53 esset
661 1278 82 53 vt
702 1278 178 53 sentirent
839 1278 137 53 absque
935 1278 205 53 extrinseco.
1099 1278 82 53 Et
1126 1278 96 53 debes

171 1318 128 44 scire
256 1318 114 44 quod
327 1318 114 44 haec
398 1318 100 44 est
455 1318 142 44 Tprima
555 1318 228 44 differentia,
740 1318 100 44 qua
797 1318 171 44 virtutes
925 1318 142 44 animae
1024 1318 185 44 differunt
1152 1318 57 44 ab

164 1357 168 46 inuicem:
290 1357 70 46 &
318 1357 98 46 est
374 1357 196 46 principium
528 1357 266 46 consyderationis
751 1357 84 46 de
793 1357 210 46 intellectu,
961 1357 84 46 de
1003 1357 126 46 aliis
1073 1357 140 46 virtuti-

173 1396 112 47 bus.
243 1396 140 47 virtus
341 1396 126 47 autem
425 1396 182 47 nutritiua
565 1396 196 47 manifestum
718 1396 98 47 est
774 1396 84 47 ex
816 1396 210 47 praedictis,
984 1396 112 47 quod
1054 1396 98 47 est
1110 1396 84 47 ex
1138 1396 84 47 vir-

169 1435 157 48 tutibus
269 1435 143 48 actiuis.

207 1492 184 47 Quoniam
341 1492 151 47 autem
442 1492 184 47 sentire
576 1492 184 47 dicimus
710 1492 251 47 dupliciter:
911 1492 201 47 potentia
1062 1492 134 47 enim
1129 1492 84 47 au-

168 1540 147 39 diens
266 1540 82 39 &
298 1540 180 39 videns,
429 1540 163 39 audire
544 1540 82 39 &
576 1540 163 39 videre
691 1540 196 39 dicimus,
838 1540 82 39 &
871 1540 98 39 si
920 1540 147 39 forte
1018 1540 213 39 dormiens:
1165 1540 49 39 &

170 1580 122 54 quod
246 1580 107 54 iam
307 1580 183 54 operans:
445 1580 214 54 dupliciter
613 1580 153 54 vtique
719 1580 168 54 dicetur
842 1580 76 54 &
872 1580 168 54 sensus:
994 1580 107 54 hic
1055 1580 153 54 quidem
1147 1580 61 54 si

172 1623 102 51 cut
231 1623 190 51 potentia,
377 1623 117 51 ille
450 1623 131 51 autem
537 1623 131 51 sicut
625 1623 131 51 actu.
712 1623 190 51 similiter
858 1623 131 51 autem
946 1623 73 51 &
975 1623 175 51 sentire,
1092 1623 131 51 quodque

164 1668 202 55 potentia
315 1668 134 55 ens,
400 1668 84 55 &
433 1668 134 55 quod
500 1668 118 55 actu.

215 1724 103 63 Sed
274 1724 103 63 cum
333 1724 162 63 sentire
450 1724 162 63 bisaria
568 1724 176 63 dicatur,
700 1724 117 63 quod
773 1724 117 63 enim
847 1724 176 63 potentia
979 1724 132 63 audit
1052 1724 162 63 uidetque.

163 1786 96 49 id
211 1786 160 49 audire
323 1786 80 49 &
356 1786 160 49 uidere
468 1786 193 49 dicimus,
612 1786 177 49 quamuis
741 1786 144 49 forte
837 1786 193 49 dormiat:
981 1786 80 49 &
1013 1786 128 49 quod
1094 1786 112 49 iam
1142 1786 80 49 ope

163 1828 140 47 ratur,
261 1828 140 47 sensus
359 1828 154 47 quoque,
470 1828 168 47 bisariam
596 1828 168 47 dicetur,
722 1828 140 47 partim
820 1828 84 47 ut
862 1828 182 47 potentia,
1001 1828 140 47 partim
1099 1828 84 47 ut
1127 1828 98 47 actu.

160 1875 199 64 similiter
313 1875 138 64 etiam
404 1875 184 64 sentire:
542 1875 76 64 &
573 1875 122 64 quod
649 1875 184 64 potentia
787 1875 122 64 est,
863 1875 76 64 &
894 1875 122 64 quod
955 1875 107 64 actu.
