1416 2066
228 172 105 46 ideo
293 172 144 46 dicitur
398 172 105 46 quod
464 172 144 46 numerus
569 172 92 46 est
608 172 131 46 priuatio

230 204 148 37 continui.
344 204 80 37 Sed
389 204 80 37 hoc
435 204 80 37 non
481 204 114 37 potest
560 204 114 37 stare,
640 204 91 37 quia
686 204 57 37 li-

230 238 89 28 tera
286 238 101 28 dicit
353 238 89 28 quod
409 238 123 28 numerus
498 238 168 28 cognoscitur
621 238 112 28 negatio-

225 269 80 29 ne
265 269 173 29 continui,
398 269 66 29 &
424 269 173 29 Commenta.
557 269 120 29 etiam
637 269 80 29 in
664 269 66 29 com

222 301 104 29 mento
292 301 127 29 videtur
384 301 92 29 quod
442 301 104 29 talia
511 301 69 29 se
545 301 115 29 habent
626 301 69 29 vt
649 301 81 29 priua

226 326 88 36 tio
277 326 63 36 &
302 326 150 36 habitus,
414 326 100 36 quia
477 326 150 36 loquitur
577 326 163 36 vniformiter

226 361 92 34 hic,
284 361 104 34 sicut
353 361 69 34 de
388 361 115 34 quiete
469 361 138 34 respectu
573 361 104 34 motus
642 361 69 34 Et
665 361 69 34 ideo

227 396 108 30 dicimus
306 396 69 30 nos
345 396 118 30 secundum
433 396 69 30 Com
472 396 78 30 quod
521 396 88 30 sicut
580 396 59 30 de
610 396 98 30 quiete
668 396 69 30 dice-

225 420 104 41 batur
295 420 92 41 quod
352 420 115 41 sensus
433 420 81 41 non
479 420 185 41 comprehendit
618 420 115 41 quietem,

227 454 95 29 nisi
286 454 95 29 post
346 454 225 29 comprehensionem
535 454 119 29 motus,
618 454 83 29 ita
654 454 83 29 etiam

223 483 126 42 sensus
312 483 88 42 non
362 483 189 42 cognosceret
513 483 151 42 numerum,
627 483 88 42 qui
664 483 76 42 cau-

218 516 105 35 satur
288 516 70 35 ex
324 516 152 35 diuisione
441 516 152 35 continui,
558 516 94 35 nisi
616 516 105 35 prius
675 516 58 35 co-

223 545 162 35 gnouisset
347 545 112 35 ipsum
422 545 174 35 continuum,
559 545 100 35 quod
621 545 87 35 est
658 545 75 35 vnum

231 574 66 36 Et
264 574 77 36 hoc
308 574 88 36 est,
363 574 88 36 quod
419 574 99 36 dicit
485 574 88 36 Com.
540 574 88 36 quod
584 574 155 36 comprehensio

224 606 212 36 multitudinis,
398 606 62 36 &
423 606 125 36 numeri
510 606 87 36 est
560 606 87 36 per
598 606 137 36 comprehen

220 639 122 36 sionem
305 639 183 36 priuationis
451 639 158 36 continui,
573 639 97 36 quod
634 639 85 36 est
670 639 61 36 mul

230 672 119 34 titudo.
317 672 76 34 Vbi
360 672 130 34 aduerte,
458 672 65 34 vt
491 672 119 34 habetur
577 672 76 34 in.
621 672 65 34 4.
653 672 87 34 phy.
697 672 43 34 nu

226 699 102 30 merus
294 699 147 30 diuiditur
407 699 79 30 per
452 699 147 30 vnitates,
565 699 79 30 sed
611 699 79 30 non
644 699 91 30 conti-

227 728 122 34 nuatur
312 728 86 34 per
361 728 159 34 vnitates.
484 728 61 34 &
508 728 98 34 ideo
570 728 73 34 in
606 728 122 34 numero
680 728 61 34 est

226 759 147 36 priuatio
336 759 232 36 continuationis.
531 759 61 36 &
556 759 98 36 isto
617 759 98 36 modo
666 759 73 36 sen-

223 792 86 34 sus
272 792 161 34 cognoscit
396 792 136 34 naturam
494 792 161 34 negatione
606 792 124 34 continui

220 821 87 38 pro
269 821 124 38 quanto
356 821 161 38 cognoscit
479 821 124 38 multa,
566 821 99 38 quae
628 821 87 38 non
665 821 74 38 sunt

229 860 98 32 vnita
295 860 66 32 in
327 860 77 32 vno
371 860 142 32 continuo.
481 860 66 32 &,
513 860 66 32 si
546 860 109 32 sensus
623 860 77 32 non
655 860 77 32 prae-

230 885 195 39 cognouisset
386 885 104 39 vnum
451 885 182 39 continuum,
593 885 91 39 non
632 885 104 39 posset

225 912 105 34 illud
295 912 140 34 iudicare
400 912 70 34 in
435 912 128 34 ratione
528 912 128 34 numeri.
621 912 58 34 &
644 912 81 34 sic
679 912 58 34 nu-

224 945 111 34 merus
298 945 185 34 cognoscitur
445 945 160 34 negatione
568 945 160 34 continui.
679 945 49 34 vn

231 977 78 35 de,
275 977 67 35 vt
309 977 100 35 dicit
375 977 122 35 dominus
464 977 133 35 Albertus
564 977 89 35 hic,
619 977 111 35 sensus
686 977 44 35 op

231 1007 147 38 positorum
343 1007 79 38 est
389 1007 90 38 idem
445 1007 203 38 essentialiter,
614 1007 79 38 vbi
659 1007 68 38 vt
682 1007 56 38 di-

228 1045 72 30 xi,
269 1045 176 30 essentialitas
414 1045 62 30 se
445 1045 93 30 tenet
507 1045 62 30 ex
538 1045 93 30 parte
600 1045 135 30 potentiae
694 1045 41 30 co

226 1076 173 31 gnoscentis.
365 1076 162 31 Simplicius
492 1076 104 31 autem
562 1076 104 31 dicit
631 1076 69 31 in
654 1076 81 31 prae-

230 1104 104 31 senti
300 1104 93 31 loco
358 1104 93 31 quod
416 1104 81 31 non
462 1104 81 31 est
508 1104 197 31 intelligendum
659 1104 69 31 cume

228 1130 82 32 rum
275 1130 141 32 cognosci
381 1130 152 32 negatione
498 1130 152 32 continui,
615 1130 105 32 sicut
673 1130 59 32 te-

227 1162 108 33 nebra
299 1162 60 33 a
323 1162 96 33 visu
382 1162 84 33 per
430 1162 179 33 priuationem
574 1162 120 33 sucis,
657 1162 72 33 ex
681 1162 60 33 hoc

221 1196 102 35 quod
285 1196 89 35 non
336 1196 115 35 mouet
412 1196 127 35 visum.
502 1196 127 35 quando
591 1196 127 35 quidem
667 1196 64 35 nu-

228 1223 101 37 merus
295 1223 79 37 est
340 1223 79 37 per
385 1223 67 37 se
419 1223 168 37 sensibilis,
553 1223 101 37 sicut
621 1223 101 37 vnum,
677 1223 56 37 sed

230 1259 145 34 quoniam
336 1259 172 34 opponitur
468 1259 106 34 vnum
534 1259 211 34 multitudini,
692 1259 40 34 &

222 1285 108 38 quia
290 1285 176 38 multitudo
426 1285 176 38 congregat
561 1285 149 38 insimul
656 1285 81 38 vnum

221 1323 191 32 continuum
368 1323 176 32 secundum
501 1323 221 32 vnumquodque
662 1323 74 32 eo-

225 1349 109 38 rum,
294 1349 82 38 ex
335 1349 137 38 quibus
430 1349 178 38 multitudo
553 1349 178 38 componitur,

230 1380 137 36 quoniam
329 1380 75 36 in
367 1380 200 36 sensibilibus
529 1380 112 36 vnum,
604 1380 75 36 vt
629 1380 100 36 conti-

221 1411 115 31 nuum,
298 1411 89 31 est
349 1411 115 31 vnum,
425 1411 89 31 non
476 1411 115 31 autem
553 1411 76 31 in
578 1411 153 31 multitudi-

232 1439 74 35 ne
269 1439 209 35 manifestatur,
440 1439 61 35 &
465 1439 74 35 in
502 1439 196 35 cogregatione
649 1439 86 35 ipsum

227 1476 189 30 continuum,
376 1476 149 30 quamuis
484 1476 68 30 &
511 1476 108 30 vnus
579 1476 95 30 sit
619 1476 122 30 numerus

225 1503 162 36 secundum
347 1503 149 36 diuisam
455 1503 230 36 collectionem,
644 1503 68 36 &
658 1503 81 36 vnus

229 1539 91 32 est,
285 1539 57 32 &
308 1539 181 32 cognoscitur,
455 1539 79 32 sed
500 1539 79 32 non
546 1539 68 32 vt
580 1539 158 32 continuus,
704 1539 57 32 &

228 1564 79 34 hoc
273 1564 158 34 manifestat
397 1564 135 34 continui
498 1564 101 34 negat
566 1564 79 34 in,
600 1564 135 34 videlicet,

228 1593 92 34 quod
286 1593 138 34 nunterus
390 1593 81 34 non
436 1593 173 34 cognoscitur
574 1593 104 34 solum
643 1593 69 34 vt
666 1593 69 34 vnum

229 1626 89 32 hoc
280 1626 102 32 enim
344 1626 230 32 insensibilibus
536 1626 115 32 solum
600 1626 140 32 continuum

236 1657 89 36 est,
292 1657 78 36 sed
336 1657 67 36 in
370 1657 167 36 collectione
503 1657 123 36 istorum
592 1657 123 36 talium,
670 1657 67 36 col-

226 1686 151 36 lectione
340 1686 163 36 recusante
465 1686 239 36 continuationem.
667 1686 63 36 &
679 1686 63 36 est

235 1717 137 37 expositio
341 1717 95 37 satis
404 1717 126 37 subtilis
499 1717 63 37 in
530 1717 137 37 veritate.
635 1717 53 37 &
656 1717 63 37 in
677 1717 53 37 hoc

226 1747 114 32 credo
303 1747 114 32 verum
379 1747 102 32 esse
442 1747 102 32 quod
506 1747 127 32 dicit.
595 1747 102 32 quia
646 1747 89 32 nume-

227 1778 87 32 rus
276 1778 111 32 dicit
350 1778 124 32 formam
437 1778 173 32 positiuam,
573 1778 62 32 &
598 1778 87 32 non
647 1778 87 32 est
685 1778 50 32 pu

224 1809 72 33 ra
260 1809 156 33 priuatio,
380 1809 108 33 sicut
452 1809 120 33 quies.
536 1809 84 33 Vbi
572 1809 168 33 animaduerte,

225 1843 104 33 quod
290 1843 143 33 numerus
394 1843 221 33 mathematicus,
577 1843 91 33 qui
629 1843 78 33 ex
655 1843 78 33 vni-

236 1870 117 37 tatibus
322 1870 203 37 indiuisibilibus
493 1870 139 37 resultat,
599 1870 64 37 vt
631 1870 85 37 sic,
685 1870 75 37 non

759 172 105 38 cadit
829 172 82 38 sub
876 172 117 38 sensu,
958 172 82 38 sed
1004 172 82 38 sub
1051 172 198 38 imaginatione.
1215 172 58 38 &
1226 172 47 38 vt

751 204 101 33 sic,
814 204 151 33 pertinet
927 204 75 33 ad
965 204 214 33 Mathematicum.
1141 204 88 33 sed
1179 204 88 33 nume-

755 236 90 30 rus,
811 236 79 30 qui
856 236 79 30 est
902 236 147 30 sensibile
1015 236 136 30 commune,
1116 236 136 30 resultat
1207 236 56 30 ex-

757 264 170 34 vnitatibus
890 264 194 34 corporalibus
1048 264 194 34 sensibilibus
1194 264 73 34 idem

753 296 90 36 enim
809 296 79 36 est
854 296 113 36 dicere
933 296 79 36 res
979 296 158 36 sensibiles
1103 296 56 36 &
1114 296 147 36 corporales,

758 333 70 29 vt
793 333 105 29 dicit
864 333 164 29 Simplicius
992 333 70 29 in
1027 333 129 29 prologo
1109 333 152 29 phylicorum.

762 357 68 37 Et
796 357 91 37 illa
852 357 125 37 ratione
943 357 113 37 vnitas
1023 357 159 37 sensibilis
1148 357 79 37 est
1182 357 79 37 vnum,

759 396 96 31 quod
819 396 84 31 est
867 396 169 31 continuum,
1000 396 84 31 non
1048 396 120 31 illud,
1132 396 96 31 quod
1181 396 84 31 prae-

760 418 89 43 cise
815 418 78 43 est
860 418 189 43 indiuisibile,
1015 418 55 43 &
1037 418 78 43 est
1082 418 100 43 princ
1148 418 100 43 ipium
1204 418 55 43 nu-

754 451 99 31 meri
815 451 209 31 mathenmatici,
988 451 99 31 quia
1049 451 111 31 illud
1123 451 148 31 pertinet
1222 451 49 31 ad

759 485 225 29 imaginationem.
946 485 88 29 Ita
996 485 100 29 mihi
1059 485 138 29 videtur
1159 485 88 29 pro
1196 485 75 29 nunc

760 513 120 33 dicere.
847 513 98 33 quare
912 513 98 33 licet
978 513 65 33 in
1010 513 98 33 istis
1075 513 174 33 sensibilibus
1206 513 65 33 com-

750 544 153 34 munibus
861 544 181 34 conueniat
1000 544 181 34 Naturalis
1139 544 69 34 &
1153 544 111 34 Mathe-

757 573 162 37 maticus,
879 573 122 37 tamen
960 573 108 37 alio
1028 573 68 37 &
1055 573 108 37 alio
1122 573 122 37 modo.
1190 573 81 37 quia

760 605 149 33 Naturalis
874 605 161 33 consyderat
1000 605 69 33 de
1035 605 115 33 istis,
1115 605 69 33 vt
1149 605 92 33 sunt
1195 605 69 33 con-

760 635 113 32 uncta
836 635 202 32 sensibilibus
1000 635 164 32 propriis,
1126 635 63 32 &
1151 635 76 32 vt
1176 635 101 32 mouent

750 664 122 42 sensus
835 664 122 42 aliquo
921 664 110 42 motu,
994 664 61 42 &
1018 664 110 42 ipsis
1091 664 159 42 propriis,
1201 664 61 42 sed

756 696 196 34 Mathematicus
915 696 159 34 abstrabit
1037 696 73 34 ab
1073 696 98 34 isto
1135 696 98 34 motu
1183 696 86 34 isto-

750 729 94 33 rum,
809 729 71 33 vt
844 729 165 33 coniunctus
974 729 82 33 est
1021 729 153 33 propriis,
1139 729 59 33 &
1162 729 82 33 sic
1209 729 82 33 non

753 764 142 35 pertinet
860 764 83 35 sua
907 764 189 35 consyderatio
1061 764 71 35 ad
1096 764 118 35 sensus
1167 764 95 35 istos,

755 796 80 30 nec
800 796 80 30 est
846 796 171 30 sensibilis:
983 796 80 30 sed
1029 796 183 30 imaginabilis
1166 796 103 30 tantum.

756 823 67 39 Et
789 823 78 39 per
834 823 78 39 hoc
879 823 101 39 patet
946 823 123 39 solutio
1036 823 67 39 ad
1069 823 78 39 ea,
1114 823 90 39 quae
1170 823 67 39 in
1193 823 78 39 oppo-

751 853 115 38 situm
828 853 216 38 adducebantur.
1006 853 102 38 quia
1069 853 191 38 Aristoteles
1222 853 76 38 in

756 883 131 32 decimo
848 883 236 32 metaphysicorum
1044 883 144 32 tractat
1149 883 79 32 de
1175 883 92 32 nume-

751 917 78 30 ro,
795 917 67 30 vt
829 917 78 30 est
873 917 144 30 quantitas
984 917 133 30 discreta
1084 917 67 30 ex
1117 917 155 30 vnitatibus
1228 917 44 30 in

751 949 189 30 diuisibilibus
907 949 134 30 praecise
1007 949 156 30 resultans:
1129 949 56 30 &
1152 949 67 30 de
1185 949 78 30 hoc
1218 949 56 30 est

756 978 108 39 verum
828 978 96 39 quod
888 978 156 39 numeratur
1008 978 84 39 per
1055 978 156 39 vnitates,
1175 978 72 39 vt
1199 978 72 39 com-

754 1009 133 37 ponitur
851 1009 72 37 ex
887 1009 97 37 eis,
947 1009 60 37 &
971 1009 181 37 cognoscitur
1116 1009 85 37 per
1152 1009 121 37 vnitatis

752 1037 214 32 rciterationem.
931 1037 83 32 sed
978 1037 95 32 iste
1038 1037 83 32 est
1085 1037 131 32 numerus
1169 1037 95 32 forma-

759 1069 77 37 is.
803 1069 77 37 sed
847 1069 122 37 numerus
936 1069 155 37 sensibilis
1058 1069 122 37 constat
1146 1069 66 37 ex
1168 1069 100 37 vnitati

756 1101 82 37 bus
803 1101 200 37 sensibilibus,
968 1101 59 37 &
991 1101 82 37 per
1038 1101 129 37 illarum
1120 1101 153 37 iterationem

752 1129 188 43 cognoscitur,
905 1129 70 43 vt
940 1129 106 43 dicit
1011 1129 176 43 Aristoteles
1152 1129 70 43 in
1175 1129 94 43 quarto

759 1162 173 35 physicorum
895 1162 99 35 tex.
956 1162 136 35 commen.
1055 1162 99 35 134.
1117 1162 62 35 &
1129 1162 136 35 cognosci-

749 1192 89 34 tur
800 1192 114 34 etiam
876 1192 164 34 negatione
1002 1192 152 34 continui
1116 1192 152 34 secundum
1217 1192 51 34 al

751 1224 127 32 terum
835 1224 169 32 dictorum
962 1224 169 32 modorum,
1088 1224 98 32 vel
1130 1224 141 32 secundum

761 1254 109 35 Auer.
834 1254 97 35 vnde
894 1254 134 35 numerus
992 1254 170 35 sensibilis
1125 1254 61 35 &
1137 1254 134 35 naturalis

751 1287 77 35 est
795 1287 100 35 ille.
862 1287 77 35 qui
906 1287 133 35 causatur
1005 1287 66 35 ex
1039 1287 144 35 diuisione
1138 1287 122 35 continui-

752 1318 74 30 &,
789 1318 74 30 qu
826 1318 86 30 iia
875 1318 160 30 continuum
998 1318 86 30 non
1048 1318 173 30 componitur
1184 1318 74 30 ex
1208 1318 62 30 in-

752 1349 201 36 diuisibilibus,
919 1349 134 36 vnitates
1020 1349 100 36 istae
1087 1349 89 36 sunt
1142 1349 78 36 res
1176 1349 89 36 conti-

753 1381 103 29 nua,
818 1381 90 29 sed
869 1381 207 29 mathematicus
1037 1381 142 29 numerus
1128 1381 142 29 causatur,

751 1409 68 41 ex
785 1409 159 41 vnitatibus
910 1409 227 41 indiuisibilibus.
1103 1409 68 41 Ex
1137 1409 80 41 hoc
1171 1409 91 41 patet,

753 1439 127 35 solutio
846 1439 69 35 ad
880 1439 185 35 obiectiones,
1030 1439 92 35 quae
1088 1439 127 35 possunt
1169 1439 92 35 fieri-

759 1469 146 42 quomodo
865 1469 146 42 numerus
971 1469 119 42 dicit
1051 1469 199 42 priuationem
1197 1469 66 42 vni

753 1502 110 39 tatis
826 1502 61 39 &
851 1502 233 39 continuationis,
1047 1502 61 39 &
1071 1502 110 39 tamen
1132 1502 135 39 oppositum

757 1534 138 36 habetur,
861 1534 115 36 decimo
942 1534 161 36 metaphysi.
1069 1534 81 36 vbi
1115 1534 92 36 tex.
1161 1534 104 36 commen-

760 1565 124 31 octauo
846 1565 149 31 dicitur,
958 1565 99 31 quod
1020 1565 99 31 vnum
1081 1565 161 31 opponitur
1193 1565 74 31 pri-

749 1592 129 43 uatiue
839 1592 206 43 multitudini.
1007 1592 64 43 &
1032 1592 206 43 confirmatur,
1187 1592 77 43 quia

760 1628 104 31 vnum
825 1628 117 31 dicit
903 1628 208 31 indiuisionem
1072 1628 156 31 secundum
1176 1628 91 31 Auer-

761 1660 92 36 quae
818 1660 138 36 priuatio
921 1660 126 36 quaedam
1013 1660 92 36 est,
1071 1660 57 36 &
1094 1660 80 36 per
1128 1660 138 36 consequest

754 1685 129 37 numerus
848 1685 82 37 non
895 1685 82 37 est
942 1685 141 37 priuatio
1048 1685 153 37 vnitatis,
1165 1685 82 37 sed
1201 1685 70 37 econ

757 1718 95 36 tra.
817 1718 143 36 Solutio.
924 1718 83 36 est
971 1718 190 36 aequiuocatio
1126 1718 71 36 in
1150 1718 119 36 sermone.

758 1751 100 36 quia
820 1751 75 36 in
858 1751 125 36 decimo
945 1751 188 36 metaphysic.
1095 1751 125 36 agitur
1183 1751 75 36 de
1208 1751 63 36 vno

761 1782 224 37 transcendenter
947 1782 137 37 sumpto:
1047 1782 62 37 &
1072 1782 100 37 tale
1122 1782 149 37 opponitur,

756 1812 163 36 priuatiue
881 1812 200 36 multitudini.
1043 1812 63 36 &
1068 1812 113 36 etiam
1143 1812 150 36 loquendo

763 1838 72 37 de
799 1838 96 37 vno,
859 1838 96 37 quod
920 1838 84 37 est
968 1838 181 37 prinncipium
1112 1838 120 37 numeri
1185 1838 84 37 dicit

753 1869 70 45 in
788 1869 176 45 diuisionem,
929 1869 94 45 quae
988 1869 82 45 est
1035 1869 141 45 priuatio
1128 1869 141 45 multitudi
