1416 2066
187 157 65 39 in
220 157 87 39 actu
274 157 76 39 per
317 157 65 39 se
350 157 163 39 subsistens.
480 157 98 39 vnde,
545 157 65 39 si
567 157 130 39 materialis

186 197 131 30 dicitur,
285 197 88 30 est,
339 197 88 30 quia
394 197 77 30 est
438 197 66 30 in
471 197 131 30 potentia
570 197 66 30 ad
602 197 99 30 omnia
657 197 44 30 in

185 229 189 35 celligibilia,
340 229 89 35 quia
396 229 100 35 omnia
463 229 89 35 quae
518 229 100 35 sunt,
574 229 122 35 intelligi

190 254 143 41 possunt,
297 254 60 41 &
321 254 143 41 potentia
428 254 155 41 reducitur
547 254 71 41 ad
571 254 131 41 materiam,

187 293 69 29 vt
221 293 137 29 testatur
324 293 103 29 etiam
393 293 126 29 Commen.
484 293 80 29 12.
530 293 103 29 meta.
599 293 92 29 com.
645 293 57 29 26.

192 319 84 36 Vbi
240 319 181 36 animaduerte
385 319 96 36 quod
445 319 96 36 Com.
505 319 84 36 non
553 319 133 36 videtur
638 319 60 36 be-

183 349 75 42 ne
220 349 150 42 habuisse
332 349 125 42 mentem
420 349 112 42 Alex.
495 349 87 42 nec
545 349 75 42 ex
570 349 137 42 consequem

185 380 78 38 ti
224 380 181 38 impugnatio
366 380 168 38 Commenta.
496 380 155 38 procedit
599 380 104 38 contra

187 419 136 32 mentem
282 419 122 32 Alex.
364 419 95 32 Nam
418 419 95 32 non
472 419 109 32 vult
540 419 122 32 etiam
608 419 95 32 Alex.

186 444 180 34 intellectum
330 444 168 34 materialem
462 444 96 34 esse
522 444 168 34 formaliter
642 444 60 34 non

182 473 87 33 ens
231 473 62 33 &
256 473 185 33 priuationem
404 473 124 33 puram,
491 473 111 33 sicut
565 473 99 33 sibi
614 473 87 33 impo-

182 504 93 34 nit
235 504 146 34 Commen.
341 504 159 34 alioquin
460 504 146 34 quomodo
566 504 119 34 Alex.
633 504 66 34 fa-

185 537 105 38 tetur
255 537 175 38 intellectum
395 537 163 38 materialem
524 537 93 38 esse
571 537 128 38 suscepti-

185 567 97 42 uum
241 567 167 42 notionum
366 567 69 42 &
393 567 181 42 formarums
532 567 111 42 Vnde
602 567 83 42 in
630 567 69 42 pa-

191 600 130 35 raphrasi
289 600 65 35 de
321 600 97 35 anima
386 600 76 35 ita
429 600 119 35 scribit
516 600 65 35 in
548 600 87 35 cap.
603 600 65 35 de
624 600 76 35 intel

186 630 107 32 lectu
258 630 143 32 practico
365 630 60 32 &
389 630 191 32 speculatiuo.
544 630 107 32 Nihil
604 630 95 32 igitur

188 662 77 36 est
232 662 66 36 ex
265 662 88 36 his,
320 662 88 36 quae
375 662 88 36 sunt
430 662 99 36 actu,
497 662 154 36 materialis
607 662 88 36 intel-

185 693 132 32 lectus,
281 693 84 32 sed
329 693 108 32 omnia
401 693 168 32 potestate.
533 693 84 32 cum
581 693 96 32 enim
629 693 72 32 ante

184 722 201 32 intellectionem
351 722 100 32 nihil
418 722 78 32 sit
463 722 100 32 actu,
530 722 78 32 vbi
574 722 89 32 quid
619 722 78 32 intel

186 754 103 32 ligit,
258 754 62 32 id
288 754 82 32 quod
340 754 164 32 intelligitur
473 754 82 32 fit,
524 754 123 32 siquidem
617 754 82 32 illi
658 754 41 32 in

187 785 154 33 tellectio.
308 785 77 33 cum
352 785 121 33 aduenit
440 785 88 33 quod
494 785 198 33 intelligibilis
648 785 55 33 rei

183 816 131 34 speciem
279 816 120 34 habet.
362 816 108 34 Solum
434 816 120 34 igitur
518 816 179 34 intellectus
649 816 48 34 ma

190 853 159 36 terialis,
312 853 159 36 formalis,
435 853 61 36 &
460 853 184 36 promptitudo
595 853 110 36 quaedam

190 881 83 33 est
238 881 71 33 ad
273 881 119 33 formas
356 881 190 33 excipiendas,
510 881 142 33 tabellae
605 881 95 33 nondum

184 908 135 42 scriptae
285 908 169 42 persimilis,
420 908 135 42 quinimmo
521 908 112 42 ipsius
589 908 112 42 tabellae

185 941 133 37 agrapho,
285 941 77 37 hoc
329 941 77 37 est
373 941 188 37 inscriptionis
528 941 155 37 carentiae,
639 941 66 37 quam

191 974 131 35 tabellae
289 974 142 35 similior.
398 974 131 35 tabella.
496 974 87 35 enim
551 974 76 35 iam
594 974 65 35 in
616 974 87 35 entium

185 1005 86 30 num
234 1005 86 30 ero
283 1005 99 30 est.
345 1005 173 30 quapropter
481 1005 111 30 anima
555 1005 111 30 ipsa,
629 1005 62 30 &
642 1005 49 30 id

189 1037 97 37 quod
249 1037 109 37 anima
322 1037 158 37 praeditum
443 1037 97 37 est,
504 1037 145 37 tabellae
601 1037 97 37 potius

184 1069 144 29 comparari
295 1069 122 29 potest,
384 1069 89 29 ipsa
439 1069 89 29 vero
495 1069 189 29 inscriptionis
639 1069 56 29 ca-

188 1100 112 30 rentia
266 1100 101 30 ferem
333 1100 168 30 intellectus
467 1100 156 30 materialis
590 1100 78 30 est
624 1100 78 30 prom-

190 1128 127 34 ptitudo
283 1128 58 34 &
306 1128 139 34 facultas
410 1128 150 34 quaepiam,
526 1128 173 34 excipiendis
653 1128 46 34 in

184 1160 198 34 scriptionibus
347 1160 70 34 ac
382 1160 163 34 commodata.
511 1160 105 34 sicut
580 1160 117 34 igitur
650 1160 47 34 in

186 1192 121 39 tabella
274 1192 132 39 accidit,
373 1192 66 39 vt
406 1192 88 39 ipsa
462 1192 121 39 quidem,
550 1192 66 39 in
583 1192 77 39 qua
616 1192 77 39 apti-

182 1223 89 35 tudo
238 1223 100 35 ipsa,
305 1223 56 35 &
327 1223 134 35 facultas
427 1223 78 35 est
472 1223 190 35 inscriptionis
617 1223 78 35 exci-

187 1258 130 35 piendae,
284 1258 76 35 vbi
328 1258 86 35 quid
382 1258 151 35 inscriptum
501 1258 86 35 est,
555 1258 86 35 pati
598 1258 97 35 aliquio

190 1282 157 43 videatur,
311 1282 85 43 cum
359 1282 145 43 aptitudo
468 1282 97 43 ipsa
529 1282 60 43 &
553 1282 145 43 facultas
650 1282 48 43 in

182 1317 111 29 actum
256 1317 136 29 prompta
354 1317 111 29 nihil
428 1317 247 29 omninospatiatur:
626 1317 74 29 niec

183 1349 101 29 enim
246 1349 164 29 subiectum
372 1349 113 29 vllum
448 1349 101 29 est,
511 1349 113 29 eodem
587 1349 113 29 pacto
650 1349 50 29 in

188 1382 148 34 tellectus
302 1382 103 34 nihil
370 1382 137 34 patitur,
473 1382 80 34 cum
518 1382 137 34 nihilsit
610 1382 91 34 eorum,

186 1408 92 38 quae
244 1408 92 38 sunt
302 1408 104 38 actu.
371 1408 69 38 In
405 1408 104 38 libro
475 1408 104 38 autem
544 1408 69 38 de
567 1408 138 38 intellectu

187 1444 93 31 cap.
245 1444 69 31 de
280 1444 162 31 intellectu
407 1444 151 31 materiali
523 1444 127 31 seipsum
604 1444 93 31 melius

177 1477 166 30 declarat,
305 1477 141 30 quomodo
408 1477 192 30 intellectus
548 1477 154 30 materialis

187 1508 101 30 nihil
254 1508 79 30 sit
299 1508 101 30 actu.
367 1508 113 30 inquit
446 1508 101 30 enim.
513 1508 180 30 Intellectus,
649 1508 56 30 cum

189 1537 81 37 non
236 1537 81 37 per
282 1537 116 37 corpus
363 1537 128 37 aliquid
456 1537 162 37 percipiat,
584 1537 81 37 nec
619 1537 81 37 corpo

183 1565 80 31 rea
228 1565 137 31 facultas
331 1565 91 31 sit,
388 1565 80 31 nec
434 1565 149 31 patiatur,
548 1565 114 31 nullum
617 1565 80 31 omni-

180 1595 71 31 no
216 1595 119 31 entium
299 1595 95 31 actu
358 1595 95 31 est,
417 1595 83 31 nec
465 1595 83 31 est
512 1595 83 31 hoc
560 1595 130 31 aliquid
643 1595 47 31 po

187 1626 95 32 tens,
250 1626 74 32 sed
292 1626 74 32 est
334 1626 158 32 simpliciter
460 1626 126 32 potestas
554 1626 116 32 quaedam
628 1626 74 32 huius

191 1660 202 33 perfectionis,
357 1660 59 33 &
381 1660 119 33 animae
464 1660 166 33 specierum,
594 1660 59 33 &
606 1660 95 33 notio-

187 1687 85 36 num
235 1687 182 36 susceptiua.
381 1687 85 36 vbi
429 1687 109 36 patet
502 1687 182 36 intellectum
635 1687 61 36 ma-

185 1724 149 36 terialem
296 1724 87 36 non
346 1724 99 36 esse
408 1724 99 36 actu
470 1724 136 36 aliquod
569 1724 124 36 entium
643 1724 62 36 eo-

185 1749 92 37 rum,
242 1749 92 37 quae
300 1749 173 37 recipiuntur
438 1749 69 37 in
472 1749 173 37 intellectu,
610 1749 81 37 nec
645 1749 58 37 est

187 1782 131 36 aliquod
282 1782 131 36 potens,
377 1782 107 36 idest
448 1782 131 36 aliquod
544 1782 154 36 subiectum
650 1782 48 36 in

181 1812 105 33 actu,
251 1812 81 33 sed
298 1812 81 33 est
344 1812 140 33 potentia
449 1812 116 33 animae
530 1812 163 33 susceptiua
646 1812 47 33 no

183 1841 122 42 tionum.
271 1841 144 42 Sententia
382 1841 111 42 igitur
460 1841 100 42 Alex.
526 1841 77 42 est
570 1841 89 42 quod
615 1841 77 42 intel

190 1875 114 32 lectus
270 1875 160 32 materialis
395 1875 103 32 aliud
464 1875 80 32 est
510 1875 69 32 ex
544 1875 114 32 parte,
624 1875 80 32 qua
658 1875 46 32 ma

722 160 141 42 terialis,
830 160 54 42 &
852 160 97 42 aliud
917 160 65 42 ex
950 160 108 42 parte,
1025 160 76 42 qua
1069 160 173 42 intellectus.
1199 160 43 42 nm

719 197 158 36 materialis
843 197 102 36 dicit
911 197 158 36 potentiam,
1035 197 90 36 quae
1091 197 79 36 est
1125 197 113 36 priuatio

720 226 71 32 ni
756 226 165 32 coniuncta,
885 226 59 32 &
909 226 82 32 sic
956 226 82 32 est
1003 226 141 32 priuatio
1109 226 118 32 omnium
1191 226 71 32 in

719 260 181 31 telligibilium
869 260 96 31 actu.
933 260 75 31 sed
975 260 85 31 quia
1028 260 85 31 ista
1082 260 128 31 priuatio
1167 260 64 31 fun-

720 286 102 36 datur
787 286 68 36 in
821 286 147 36 essentia,
934 286 68 36 in
968 286 102 36 cuius
1036 286 90 36 illa
1092 286 135 36 essentia
1183 286 56 36 est

720 319 121 35 aliquid
808 319 66 35 ex
841 319 110 35 natura
917 319 88 35 rei,
972 319 88 35 quia
1027 319 77 35 est
1071 319 142 35 potentia,
1169 319 66 35 ani-

720 356 105 34 mae,
785 356 105 34 quae
851 356 92 34 est
903 356 144 34 gremium
1008 356 170 34 formarum,
1138 356 65 34 &
1152 356 78 34 quia

720 380 95 38 ista
780 380 154 38 potentia,
898 380 95 38 quae
958 380 83 38 est
1005 380 154 38 subiectum
1112 380 131 38 formarum,

715 418 86 35 non
764 418 86 35 est
813 418 135 35 corpus,
911 418 86 35 nec
960 418 122 35 virtus
1045 418 73 35 in
1082 418 147 35 corpore,
1180 418 61 35 nec

723 441 71 35 ex
759 441 106 35 ipsa,
829 441 59 35 &
853 441 118 35 organo
935 441 82 35 fit
982 441 129 35 aliquid
1064 441 177 35 demonstratum,

719 476 97 39 ideo
780 476 134 39 dicitur
877 476 85 39 non
925 476 97 39 pati
986 476 146 39 patiente
1095 476 146 39 corpore.
1192 476 49 39 Vo

721 505 96 33 luit
781 505 120 33 igitur
865 505 132 33 Alexam.
961 505 180 33 intellectum
1092 505 144 33 materialem

720 540 92 31 esse
778 540 173 31 simpliciter
917 540 185 31 priuationem,
1067 540 81 31 sed
1113 540 81 31 quo
1159 540 69 31 ad
1182 540 58 31 for

721 571 100 32 male
783 571 112 32 dicit
857 571 199 32 priuationem,
1019 571 87 32 sed
1069 571 149 32 connotat
1168 571 75 32 ali-

718 597 92 46 quid
776 597 115 46 reale,
857 597 58 46 &
880 597 81 46 est
926 597 150 46 potentia,
1041 597 92 46 quae
1099 597 81 46 est
1133 597 104 46 gremium

725 631 152 37 pecierum
840 631 254 37 intelligibilium.
1055 631 89 37 nam
1106 631 63 37 &
1119 631 114 37 Alexan-

718 666 79 33 in
757 666 185 33 paraphrasi
903 666 79 33 de
943 666 119 33 anima
1022 666 159 33 ostendit
1128 666 106 33 modum,

725 700 134 32 quomodo
822 700 182 32 intellectus
968 700 170 32 materialis
1101 700 121 32 potest
1174 700 61 32 se-

727 723 94 39 psum
786 723 176 39 intelligere
927 723 94 39 post
986 723 129 39 aliorum
1068 723 165 39 intellectio-

718 754 100 48 nem,
781 754 100 48 quod
844 754 88 48 non
894 754 163 48 fecisset,
1020 754 75 48 si
1057 754 100 48 pura
1108 754 126 48 priuatio

720 786 89 40 est
771 786 102 40 apud
822 786 102 40 ipsum,

749 813 129 37 Decima
840 813 207 37 contradictio
1007 813 90 37 est
1059 813 78 37 in
1098 813 116 37 eodem
1162 813 65 37 com

719 845 64 37 in
751 845 139 37 solutione
858 845 117 37 tertiae
943 845 171 37 quaestionis.
1082 845 107 37 Dicit.
1146 845 85 37 nullam

718 879 118 40 formam
801 879 153 40 liberatam
919 879 94 40 esse
978 879 59 40 a
1001 879 153 40 potentia,
1119 879 94 40 nisi
1166 879 71 40 pri-

714 913 97 30 mam
770 913 153 30 formam,
881 913 69 30 &
908 913 97 30 per
964 913 194 30 consequens
1116 913 83 30 in
1144 913 97 30 omni-

720 941 85 37 bus
768 941 217 37 intelligentiis
949 941 109 37 citra
1022 941 121 37 primam
1106 941 121 37 aliqua
1179 941 60 37 est

727 980 156 32 otentia.
844 980 117 32 Huius
922 980 117 32 tamen
999 980 169 32 oppositum
1116 980 117 32 habetur

723 1001 115 38 2physi.
806 1001 73 38 32.
848 1001 73 38 vbi
890 1001 115 38 dicitur
974 1001 84 38 quod
1027 1001 63 38 in
1058 1001 126 38 aeternis
1153 1001 73 38 non
1184 1001 63 38 dif-

717 1036 84 39 fert
770 1036 95 39 posse
833 1036 63 39 ab
865 1036 95 39 esse,
928 1036 63 39 &.
959 1036 74 39 12.
1002 1036 95 39 meta.
1065 1036 84 39 com.
1117 1036 74 39 30.
1159 1036 74 39 vbi
1191 1036 42 39 di

721 1067 97 32 citur
786 1067 87 32 quod
840 1067 65 32 in
873 1067 87 32 ente
927 1067 87 32 aete
981 1067 76 32 rno
1024 1067 97 32 nulla
1089 1067 76 32 est
1122 1067 108 32 potentia

724 1093 134 37 omnino.
821 1093 61 37 &
846 1093 98 37 idem
907 1093 134 37 habetur
1004 1093 134 37 ibidem.
1102 1093 85 37 33.
1151 1093 85 37 4i.
1199 1093 61 37 &

726 1132 68 35 aq.
765 1132 59 35 &.
795 1132 59 35 2.
824 1132 98 35 coeli.
892 1132 68 35 32.
931 1132 68 35 33.
970 1132 59 35 &.
1000 1132 68 35 34.
1039 1132 68 35 vbi
1078 1132 107 35 habetur
1156 1132 78 35 quod
1195 1132 39 35 in

722 1165 84 29 ente
775 1165 116 29 aeterno
860 1165 169 29 possibilitas
997 1165 74 29 est
1039 1165 158 29 necessitas.
1155 1165 84 29 Solui-

716 1190 98 37 tur.
777 1190 147 37 potentia
887 1190 123 37 duplex
973 1190 86 37 pro
1022 1190 110 37 nunc,
1096 1190 135 37 quaedam
1182 1190 61 37 rea

729 1221 70 38 is
764 1221 58 38 &
788 1221 140 38 physica,
892 1221 93 38 quod
950 1221 93 38 ista
1008 1221 116 38 semper
1090 1221 81 38 cum
1136 1221 93 38 actu
1183 1221 58 38 ha-

718 1251 87 33 bet
767 1251 211 33 compositionem
941 1251 137 33 facere.
1040 1251 99 33 alia
1102 1251 87 33 est
1140 1251 99 33 poten-

721 1286 94 31 tia,
780 1286 94 31 quae
839 1286 106 31 nihil
910 1286 106 31 reale
980 1286 118 31 dicit,
1062 1286 59 31 &
1086 1286 94 31 ista
1133 1286 106 31 communi

723 1316 85 39 voc
771 1316 109 39 abulo
844 1316 145 39 potentia
953 1316 121 39 logica
1037 1316 181 39 nuncupatur.
1171 1316 60 39 Di-

720 1349 76 29 co
758 1349 113 29 autem
834 1349 164 29 potentiam
960 1349 139 29 logicam
1061 1349 88 29 ens
1098 1349 139 29 rationis,

723 1377 84 33 per
771 1377 108 33 actum
843 1377 168 33 collatiuum
975 1377 192 33 intellectus,
1118 1377 120 33 causatum

716 1408 70 40 ex
751 1408 81 40 non
798 1408 175 40 repugnantia
937 1408 175 40 terminorum,
1077 1408 140 40 secundum
1170 1408 70 40 quod

720 1438 92 36 non
773 1438 185 36 repugnant.
918 1438 105 36 Dico
983 1438 105 36 nunc
1049 1438 171 36 quamlibet
1168 1438 79 36 in

720 1472 197 39 telligentiam
880 1472 111 39 citra
954 1472 123 39 primam
1040 1472 172 39 dupliciter
1163 1472 74 39 con-

716 1502 139 36 syderari
820 1502 115 36 posse,
901 1502 58 36 &
924 1502 81 36 sub
970 1502 127 36 ratione
1063 1502 139 36 generis,
1167 1502 58 36 &
1178 1502 58 36 sub

717 1532 131 38 ratione
812 1532 143 38 speciei.
919 1532 83 38 nam
967 1532 202 38 intelligentia
1121 1532 119 38 Saturni-

722 1564 121 41 potest
806 1564 145 41 concipi,
915 1564 60 41 &
939 1564 157 41 inquantum
1060 1564 97 41 ens,
1120 1564 60 41 &
1132 1564 109 41 inquam-

718 1597 86 29 tum
767 1597 98 29 tale
828 1597 98 29 ens.
890 1597 74 29 si
927 1597 111 29 autem
1000 1597 184 29 consyderata
1136 1597 98 29 fuerit

721 1625 155 33 inquantum
840 1625 83 33 ens
888 1625 95 33 est,
947 1625 83 33 non
995 1625 143 33 repugnat
1102 1625 95 33 sibi
1162 1625 95 33 quod

723 1656 136 34 maiorem
821 1656 197 34 perfectionem
982 1656 136 34 habeat,
1081 1656 99 34 quam
1142 1656 86 34 sit
1179 1656 62 34 il-

724 1691 67 31 a,
757 1691 90 31 quam
813 1691 90 31 actu
869 1691 146 31 possidet.
981 1691 101 31 quia,
1049 1691 67 31 si
1082 1691 90 31 sibi
1127 1691 112 31 latitudo

719 1720 134 39 maioris
816 1720 195 39 perfectionis
975 1720 171 39 repugnaret
1097 1720 134 39 inquantum

721 1753 96 34 ens,
781 1753 84 34 ita
829 1753 96 34 quod
890 1753 108 34 ratio
962 1753 145 34 formalis
1070 1753 157 34 entitatis
1179 1753 60 34 est

721 1782 86 38 prae
775 1782 86 38 cisa
829 1782 97 38 causa
893 1782 108 38 istius
969 1782 183 38 repugnantiae,
1120 1782 86 38 tunc
1163 1782 75 38 cuili

717 1813 83 36 bet
765 1813 95 36 enti
824 1813 107 36 istud
895 1813 178 36 repugnaret,
1037 1813 59 36 &
1061 1813 83 36 per
1097 1813 142 36 consequens

724 1842 106 33 primo
795 1842 106 33 enti:
866 1842 94 33 quod
925 1842 118 33 falsum
1007 1842 94 33 est,
1066 1842 59 33 &
1078 1842 165 33 impossibile.

715 1873 56 34 &
737 1873 79 34 est
782 1873 123 34 simile.
872 1873 67 34 si
905 1873 112 34 talpae
984 1873 157 34 repugnaret
1107 1873 112 34 visio,
1186 1873 79 34 in
