1416 2066
195 187 196 48 Dicimus
338 187 178 48 itaque
463 187 143 48 vnum
552 187 196 48 quoddam
694 187 160 48 genus
801 187 160 48 eorum
908 187 143 48 quae
997 187 143 48 sunt
1069 187 178 48 substan-

206 236 145 45 tiam:
303 236 145 45 huius
400 236 162 45 autem,
513 236 145 45 aliud
610 236 162 45 quidem
723 236 113 45 est
787 236 145 45 sicut
884 236 194 45 materia,
1030 236 129 45 quae
1094 236 162 45 secundum

209 275 100 52 se
259 275 167 52 quidem
377 275 117 52 non
444 275 117 52 est
511 275 117 52 hoc
577 275 201 52 aliquid:
728 275 151 52 aliud
829 275 167 52 autem,
946 275 167 52 formam
1063 275 84 52 &
1080 275 167 52 speciem,

209 316 189 46 secundum
351 316 126 46 quam
430 316 110 46 iam
493 316 173 46 dicitur
619 316 110 46 hoc
682 316 189 46 aliquid:
824 316 79 46 &
855 316 173 46 tertium
981 316 126 46 quod
1060 316 110 46 est
1123 316 95 46 ex
1154 316 95 46 his.

209 360 109 43 Est
272 360 140 43 autem
365 360 171 43 materia
489 360 155 43 quidem
598 360 202 43 potentia,
754 360 171 43 species
878 360 140 43 autem
971 360 233 43 entelechia:
1158 360 78 43 &
1173 360 78 43 hoc

216 404 218 49 dupliciter,
390 404 102 49 hoc
448 404 145 49 quidem
549 404 131 49 sicut
636 404 189 49 scientia:
781 404 131 49 illud
868 404 145 49 autem,
970 404 131 49 sicut
1042 404 203 49 considerare.

258 453 173 55 Dicimus
384 453 126 55 ergo
462 453 126 55 unum
541 453 173 55 quoddam
666 453 141 55 genus
761 453 141 55 eorum
855 453 126 55 quae
933 453 141 55 sunt,
1027 453 251 55 substantiam:

207 500 186 55 huiusque,
350 500 129 55 aliud
436 500 86 55 ut
479 500 172 55 materia,
608 500 115 55 quod
679 500 86 55 ex
722 500 86 55 se
765 500 143 55 quidem
865 500 100 55 non
923 500 100 55 est
980 500 100 55 hoc
1037 500 172 55 aliquid:
1152 500 100 55 aliud

216 549 163 61 formam
330 549 81 61 &
362 549 195 61 speciem,
509 549 98 61 ex
557 549 114 61 qua
623 549 146 61 demum
720 549 179 61 dicitur
850 549 114 61 hoc
916 549 195 61 aliquid:
1062 549 81 61 &
1078 549 163 61 tertium,

209 595 114 63 quod
280 595 86 63 ex
323 595 100 63 eis
380 595 171 63 constat.
508 595 100 63 est
565 595 128 63 autem
651 595 171 63 materia,
779 595 143 63 quidem
879 595 185 63 potentia:
1021 595 157 63 species
1135 595 114 63 uero
1192 595 57 63 en

209 649 191 50 telechia:
356 649 73 50 &
385 649 103 50 hoc
444 649 176 50 bisariam
576 649 132 50 aliud
664 649 88 50 ut
708 649 191 50 scientia,
854 649 132 50 aliud
942 649 88 50 ut
972 649 205 50 contemplari.

256 693 170 46 Dicamus
379 693 155 46 igitur
488 693 124 46 quod
565 693 217 46 substantia
736 693 108 46 est
798 693 124 46 vnum
875 693 170 46 generum
999 693 170 46 entium.
1123 693 93 46 Et
1154 693 93 46 sub-

219 740 199 45 stantiarum
375 740 156 45 quaedam
489 740 99 45 est
546 740 199 45 substantia
702 740 171 45 secundum
830 740 185 45 materiam,
972 740 71 45 &
1000 740 114 45 ista
1071 740 99 45 non
1128 740 99 45 est
1171 740 71 45 per

211 781 87 46 se
254 781 116 46 hoc.
326 781 87 46 Et
370 781 159 46 quaedam
485 781 101 46 est
543 781 145 46 forma,
644 781 101 46 per
702 781 116 46 quam
775 781 159 46 dicitur
890 781 87 46 in
934 781 101 46 re,
992 781 116 46 quod
1064 781 101 46 est
1122 781 116 46 hoc.
1180 781 72 46 Est

214 822 124 45 autem
297 822 151 45 tertia:
407 822 69 45 &
434 822 96 45 est
489 822 137 45 illud,
585 822 110 45 quod
654 822 96 45 est
709 822 82 45 ex
750 822 165 45 ambobus.
874 822 82 45 Et
915 822 151 45 materia
1025 822 96 45 est
1080 822 124 45 illa,
1163 822 110 45 quae

212 876 105 39 est
272 876 90 39 in
317 876 195 39 potentia,
467 876 135 39 forma
557 876 135 39 autem
647 876 105 39 est
707 876 210 39 perfectio.
871 876 90 39 Et
916 876 135 39 forma
1006 876 105 39 est
1066 876 150 39 duobus
1171 876 105 39 mo¬

215 908 110 47 dis:
284 908 110 47 vnus
353 908 96 47 est
408 908 124 47 sicut
491 908 138 47 scire,
587 908 69 47 &
614 908 124 47 alius
697 908 96 47 est
752 908 124 47 sicut
821 908 165 47 speculari.

249 969 105 51 Cum
309 969 150 51 voluit
414 969 135 51 scire
504 969 240 51 definitionem
699 969 225 51 vniuersalem
878 969 165 51 omnibus
998 969 180 51 partibus
1118 969 135 51 animae,

219 1004 66 48 &
245 1004 106 48 fuit
311 1004 119 48 quasi
390 1004 185 48 manifestum
536 1004 106 48 quod
602 1004 185 48 collocatur
747 1004 79 48 in
787 1004 132 48 genere
879 1004 211 48 substantiae,
1051 1004 158 48 incoepit
1157 1004 92 48 diui-

220 1047 110 49 dere
289 1047 110 49 quot
357 1047 123 49 modis
440 1047 151 49 dicitur
549 1047 206 49 substantia,
714 1047 69 49 &
742 1047 82 49 in
783 1047 96 49 quo
838 1047 110 49 modo
906 1047 96 49 est
961 1047 137 49 anima,
1057 1047 69 49 &
1084 1047 123 49 dixit
1167 1047 110 49 quod

217 1084 187 39 substantia
363 1084 93 39 est
417 1084 107 39 vnum
484 1084 147 39 generum
590 1084 147 39 entium,
697 1084 80 39 i.
737 1084 147 39 entium,
844 1084 107 39 quae
910 1084 107 39 sunt
977 1084 160 39 secundum
1084 1084 160 39 anteceden-

217 1125 112 46 tiam
287 1125 84 46 in
329 1125 126 46 esse,
414 1125 140 46 quorum
512 1125 126 46 anima
596 1125 98 46 est
652 1125 126 46 vnum,
736 1125 112 46 quod
807 1125 126 46 anima
891 1125 98 46 non
947 1125 98 46 est
1003 1125 183 46 accidens.
1130 1125 112 46 Ponere

214 1164 99 39 enim
275 1164 123 39 animam
362 1164 148 39 accidens
473 1164 86 39 est
522 1164 197 39 impossibile,
682 1164 148 39 secundum
793 1164 99 39 quod
855 1164 86 39 dat
904 1164 111 39 nobis
978 1164 111 39 prima
1052 1164 148 39 cognitio
1151 1164 86 39 natu-

217 1203 131 47 ralis.
309 1203 157 47 opinamur
427 1203 105 47 enim
492 1203 105 47 quod
558 1203 184 47 substantia
702 1203 92 47 est
755 1203 157 47 nobilior
873 1203 184 47 accidente:
1017 1203 66 47 &
1043 1203 105 47 quod
1109 1203 118 47 anima
1174 1203 66 47 est

215 1243 166 40 nobilior
339 1243 152 40 omnibus
450 1243 221 40 accidentibus
629 1243 221 40 existentibus
809 1243 110 40 hic.
878 1243 97 40 Et,
933 1243 97 40 cum
988 1243 166 40 narrauit
1113 1243 110 40 quod
1168 1243 69 40 sub

218 1282 134 41 stantia
315 1282 207 41 vniversaliter
486 1282 110 41 debet
559 1282 97 41 poni
620 1282 110 41 venus
693 1282 122 41 talium
778 1282 134 41 istorum
875 1282 134 41 entium,
973 1282 146 41 incoepit
1083 1282 146 41 diuidere
1180 1282 73 41 eius

216 1319 156 52 gonera,
329 1319 71 52 &
358 1319 128 52 dixit
443 1319 85 52 Et
486 1319 241 52 substantiarum
684 1319 156 52 quaedam
798 1319 99 52 est
855 1319 213 52 substantia,
1025 1319 99 52 &c.
1082 1319 128 52 idest
1167 1319 71 52 &
1181 1319 57 52 om

211 1358 112 45 nia,
281 1358 84 45 de
323 1358 140 45 quibus
421 1358 154 45 dicitur
533 1358 210 45 substantia,
701 1358 112 45 sunt
772 1358 140 45 tribus
870 1358 140 45 modis.
968 1358 140 45 Quorum
1066 1358 112 45 vnus
1136 1358 112 45 est,
1192 1358 56 45 vt

215 1396 92 46 sit
268 1396 145 46 materia
373 1396 132 46 prima,
466 1396 106 46 quae
532 1396 92 46 per
585 1396 79 46 se
624 1396 92 46 non
677 1396 92 46 est
730 1396 158 46 formata,
849 1396 119 46 neque
928 1396 145 46 aliquid
1034 1396 92 46 per
1087 1396 79 46 se
1126 1396 79 46 in
1153 1396 92 46 actu:

215 1436 89 39 vt
260 1436 148 39 dictum
363 1436 104 39 est
422 1436 89 39 in
467 1436 133 39 Primo
556 1436 222 39 Physicorum.
733 1436 178 39 Secundus
866 1436 133 39 autem
955 1436 104 39 est
1014 1436 148 39 forma,
1118 1436 104 39 per
1162 1436 89 39 quam

211 1476 196 39 indiuiduum
365 1476 98 39 fit
421 1476 98 39 hoc
477 1476 154 39 Tertius
589 1476 98 39 est
645 1476 140 39 illud,
743 1476 112 39 quod
813 1476 98 39 sit
869 1476 84 39 ex
911 1476 126 39 istis
995 1476 168 39 ambobus.
1121 1476 112 39 Quod
1177 1476 70 39 au-

217 1515 102 40 tem
276 1515 131 40 forma
363 1515 116 40 est,
435 1515 73 40 &
464 1515 102 40 cum
522 1515 102 40 hoc
580 1515 102 40 est
638 1515 218 40 substantia,
813 1515 218 40 manifestum.
987 1515 102 40 est
1045 1515 116 40 enim
1117 1515 116 40 quia
1175 1515 73 40 com

221 1557 201 41 prehenditur
382 1557 134 41 sensu:
475 1557 94 41 est
529 1557 121 41 autem
610 1557 201 41 substantia,
771 1557 107 41 quia
838 1557 94 41 est
891 1557 107 41 pars
958 1557 215 41 substantiae.
1133 1557 67 41 &
1146 1557 94 41 simi-

216 1592 121 42 liter
296 1592 107 42 pars
363 1592 121 42 huius
444 1592 201 42 substantiae
604 1592 94 42 cum
658 1592 174 42 aufertur,
792 1592 161 42 aufertur
913 1592 201 42 substantia.
1074 1592 80 42 Et
1101 1592 147 42 similiter

219 1631 127 50 prima
303 1631 155 50 materia
416 1631 98 50 est
472 1631 211 50 substantia:
641 1631 113 50 quia
711 1631 98 50 est
768 1631 98 50 vna
824 1631 169 50 partium,
951 1631 113 50 quae
1021 1631 98 50 cum
1063 1631 183 50 auferuntur,

211 1670 160 38 aufertur
330 1670 199 38 substantia,
490 1670 160 38 scilicet
610 1670 199 38 indiuiduum.
769 1670 133 38 Deinde
862 1670 160 38 incoepit
982 1670 186 38 describere
1115 1670 133 38 substan-

214 1708 120 40 tiam,
294 1708 107 40 quae
360 1708 93 40 est
414 1708 160 40 secundum
534 1708 173 40 materiam,
667 1708 67 40 &
694 1708 107 40 quae
761 1708 93 40 est
814 1708 160 40 secundum
934 1708 147 40 formam,
1041 1708 67 40 &
1067 1708 80 40 d.
1107 1708 80 40 Et
1134 1708 120 40 materia

218 1754 90 45 est
270 1754 116 45 illa,
347 1754 103 45 quae
411 1754 90 45 est
462 1754 77 45 in
501 1754 167 45 potentia,
629 1754 90 45 &c.
680 1754 116 45 idest
757 1754 64 45 &
783 1754 141 45 materia
886 1754 90 45 est
937 1754 193 45 substantia,
1091 1754 103 45 quae
1155 1754 90 45 est
1194 1754 51 45 in

221 1788 186 39 potentia:
364 1788 129 39 forma
450 1788 129 39 autem
536 1788 100 39 est
593 1788 215 39 substantia,
765 1788 100 39 per
822 1788 115 39 quam
893 1788 200 39 perficitur
1051 1788 115 39 haec
1108 1788 129 39 substan

219 1828 116 38 tia,
291 1828 116 38 quae
363 1828 101 38 est
421 1828 87 38 in
465 1828 174 38 potentia
595 1828 145 38 forma.
697 1828 87 38 Et
740 1828 116 38 ista
812 1828 130 38 forma
899 1828 188 38 inuenitur
1044 1828 145 38 duobus
1131 1828 116 38 modis,

221 1863 149 46 Quorum
326 1863 119 46 vnus
400 1863 119 46 est,
475 1863 179 46 secundum
609 1863 119 46 quod
684 1863 104 46 est
744 1863 90 46 in
788 1863 134 46 actu,
878 1863 134 46 tamen
967 1863 104 46 non
1027 1863 179 46 prouenit
1161 1863 90 46 ab
1191 1863 60 46 ea
