1416 2066
195 174 178 44 syderans.
332 174 137 44 mouens
428 174 110 44 enim
497 174 82 44 si
538 174 123 44 esset
620 174 96 44 duo
675 174 165 44 scilicet
799 174 206 44 intellectus
963 174 69 44 &
991 174 206 44 desyderium,
1155 174 110 44 tunc
1210 174 55 44 mo

207 221 155 55 uerent
316 221 124 55 modo
394 221 186 55 communi.
533 221 124 55 modo
611 221 140 55 autem
704 221 233 55 intellectus
890 221 109 55 non
953 221 171 55 videtur
1077 221 155 55 mouere
1170 221 93 55 post

212 268 238 47 desyderium.
402 268 206 47 voluntas.
561 268 127 47 enim
640 268 79 47 &
672 268 238 47 desyderium,
862 268 158 47 quando
973 268 190 47 mouentur
1115 268 95 47 in
1147 268 111 47 cogi-

209 308 197 40 tatione,
357 308 132 40 tunc
439 308 197 40 voluntas
587 308 164 40 mouet.
702 308 82 40 &
735 308 230 40 desyderium
916 308 148 40 mouet
1014 308 148 40 motu,
1113 308 115 40 qui
1179 308 115 40 non

207 348 162 48 intrat
320 348 275 48 cogitationem.
547 348 81 48 &
579 348 227 48 desyderium
757 348 113 48 est
822 348 178 48 aliquis
935 348 194 48 appetitus.

248 390 138 45 Idest.
345 390 83 45 Et
386 390 193 45 principium
538 390 124 45 huius
621 390 138 45 motus,
718 390 97 45 qui
773 390 97 45 est
829 390 83 45 ex
870 390 83 45 re
912 390 207 45 desyderata,
1077 390 111 45 erit
1146 390 83 45 in
1174 390 83 45 tem-

215 427 130 50 pore,
301 427 87 50 in
345 427 101 50 quo
403 427 203 50 imaginatio
562 427 159 50 mouetur
677 427 72 50 a
706 427 87 50 re
750 427 203 50 desyderata
909 427 116 50 sine
981 427 188 50 appetitu.
1111 427 145 50 Imagina-

216 468 76 50 tio
260 468 87 50 enim
314 468 98 50 primo
380 468 174 50 comprehendit
521 468 164 50 desyderatum
652 468 131 50 scilicet
750 468 120 50 patitur
838 468 65 50 ab
870 468 65 50 eo
903 468 131 50 secundum
1001 468 218 50 comprehensionem:
1187 468 65 50 &,
1208 468 55 50 cum

211 506 239 41 comprehenderit
410 506 133 41 ipsum,
503 506 119 41 forte
582 506 212 41 desyderabit:
755 506 66 41 &
781 506 93 41 cum
834 506 239 41 desyderauerit,
1033 506 66 41 &
1060 506 93 41 non
1113 506 106 41 erit
1166 506 93 41 illic

215 547 127 41 aliquid
308 547 161 41 desyderium
434 547 173 41 contrarium,
572 547 104 41 neque
641 547 92 41 alia
699 547 115 41 virtus
780 547 115 41 animae
860 547 161 41 contraria,
987 547 92 41 tunc
1044 547 127 41 mouebit
1136 547 115 41 animal
1217 547 69 41 in

216 588 109 43 loco
285 588 82 43 ad
325 588 123 43 illud
407 588 218 43 desyderatum.
585 588 109 43 D.d.
653 588 123 43 Motor
735 588 136 43 igitur
830 588 95 43 est
885 588 123 43 vnus.
967 588 82 43 i.
1007 588 123 43 motor
1089 588 150 43 igitur,
1185 588 68 43 qui

209 629 94 46 est
262 629 215 46 desyderatum,
437 629 108 46 quia
505 629 94 46 est
558 629 121 46 vnus,
639 629 175 46 continget
774 629 81 46 vt
814 629 135 46 illud,
908 629 108 46 quod
975 629 148 46 mouetur
1083 629 81 46 ab
1123 629 94 46 ea,
1177 629 108 46 quod

218 666 85 36 est
266 666 121 36 mouens
351 666 121 36 anima,
436 666 146 36 scilicet
546 666 121 36 virtus
631 666 206 36 desyderatiua,
801 666 85 36 sit
849 666 85 36 vna
898 666 121 36 etiam:
983 666 61 36 &
1007 666 85 36 hoc
1056 666 85 36 est
1104 666 85 36 aut
1141 666 121 36 intelle-

220 699 111 48 ctus,
294 699 86 48 aut
343 699 185 48 imaginatio,
491 699 148 48 secundum
602 699 99 48 quod
664 699 148 48 vtrunque
775 699 86 48 est
825 699 185 48 desyderans.
973 699 74 48 &,
1010 699 74 48 si
1047 699 123 48 mouens
1134 699 123 48 animal
1208 699 49 48 es

213 742 77 45 set
257 742 77 45 duo
301 742 132 45 scilicet
400 742 165 45 intellectus
533 742 77 45 per
577 742 77 45 se,
621 742 55 45 &
643 742 110 45 virtus
720 742 176 45 desyderatiua
863 742 77 45 per
907 742 77 45 se,
951 742 132 45 secundum
1051 742 88 45 quod
1106 742 88 45 sunt
1150 742 110 45 diuersa,

207 780 102 46 tunc
271 780 114 46 motus
347 780 152 46 animalis
461 780 89 46 non
512 780 178 46 proueniret
652 780 76 46 ab
690 780 89 46 eis
741 780 102 46 nisi
805 780 229 46 accidentaliter
995 780 152 46 scilicet
1110 780 89 46 per
1148 780 114 46 naturam

211 821 168 46 communem
337 821 126 46 istis
420 821 140 46 duabus
518 821 209 46 virtutibus,
686 821 112 46 quae
755 821 126 46 esset
839 821 112 46 alia
909 821 84 46 ab
951 821 154 46 vtraque
1063 821 168 46 illarum.
1174 821 84 46 D.d.

209 858 102 41 modo
273 858 114 41 autem
349 858 204 41 intellectus.
515 858 76 41 i.
553 858 76 41 &,
591 858 76 41 si
629 858 89 41 ita
680 858 127 41 esset,
769 858 191 41 contingeret
922 858 76 41 vt
960 858 191 41 intellectus
1112 858 89 41 per
1163 858 76 41 se
1189 858 76 41 moue

215 902 93 36 ret
268 902 145 36 animal,
373 902 66 36 &
400 902 119 36 etiam
479 902 185 36 desyderium
625 902 93 36 per
677 902 93 36 se.
730 902 66 36 &
757 902 93 36 non
810 902 93 36 est
862 902 106 36 ita.
929 902 198 36 intellectus
1087 902 106 36 enim
1153 902 93 36 non
1193 902 66 36 vi-

213 939 133 40 detur
302 939 148 40 mouere
405 939 118 40 nisi
479 939 221 40 voluntarie:
656 939 133 40 sicut
745 939 207 40 imaginatio
907 939 103 40 non
966 939 162 40 videtur
1084 939 148 40 mouere
1172 939 89 40 sine

206 976 204 44 desyderio.
367 976 88 44 Et
411 976 219 44 differentia
586 976 131 44 inter
674 976 204 44 voluntatem
834 976 73 44 &
864 976 204 44 desyderium
1024 976 117 44 est,
1097 976 131 44 quia,
1170 976 88 44 quan

212 1019 84 40 do
254 1019 182 40 voluntas,
394 1019 70 40 &
422 1019 196 40 desyderium
577 1019 154 40 mouent,
689 1019 112 40 tunc
759 1019 168 40 voluntas
885 1019 126 40 mouet
969 1019 168 40 secundum
1082 1019 168 40 cogitatio-

211 1064 114 42 nem,
282 1064 200 42 desyderium
440 1064 129 42 autem
525 1064 129 42 mouet
611 1064 100 42 non
668 1064 172 42 secundum
797 1064 243 42 cogitationem.
997 1064 114 42 D.d.
1069 1064 72 42 &
1083 1064 172 42 desyderium

218 1099 91 48 est
270 1099 144 48 aliquis
375 1099 183 48 appetitus.
518 1099 91 48 ita
571 1099 144 48 cecidit
675 1099 78 48 in
714 1099 183 48 scriptura,
858 1099 65 48 &
884 1099 91 48 est
936 1099 144 48 falsum,
1041 1099 65 48 &
1067 1099 118 48 debet
1145 1099 118 48 legi,
1211 1099 39 48 &

207 1139 179 41 appetitus
345 1139 97 41 est
400 1139 152 41 aliquod
511 1139 207 41 desyderium.
676 1139 83 41 i.
718 1139 110 41 quod
787 1139 110 41 pars
856 1139 138 41 animae
952 1139 193 41 desyderans
1104 1139 97 41 est
1146 1139 110 41 mouens

213 1174 254 38 vniuersaliter.
425 1174 85 38 Si
467 1174 141 38 igitur
566 1174 240 38 desyderauerit
764 1174 99 38 per
820 1174 240 38 cogitationem,
1018 1174 155 38 dicetur
1117 1174 141 38 voluntas

211 1212 83 39 &,
253 1212 83 39 si
294 1212 138 39 fuerit
390 1212 110 39 sine
459 1212 220 39 cogitatione,
638 1212 151 39 dicetur
748 1212 193 39 appetitus.
899 1212 69 39 &
927 1212 193 39 demonstrat
1078 1212 110 39 hunc
1133 1212 124 39 errorem

210 1259 108 47 alia
277 1259 202 47 translatio,
439 1259 81 47 in
479 1259 94 47 qua
533 1259 162 47 dicitur,
654 1259 175 47 appetitus
789 1259 121 47 autem
870 1259 121 47 mouet
951 1259 108 47 sine
1018 1259 216 47 cogitatione,
1180 1259 81 47 quia

211 1292 189 52 appetitus
357 1292 102 52 est
415 1292 131 52 modus
488 1292 174 52 desyderil.

259 1330 214 49 Intellectus
430 1330 143 49 quidem
530 1330 143 49 igitur
630 1330 128 49 omnis
715 1330 143 49 rectus
815 1330 114 49 est.
886 1330 185 49 appetitus
1029 1330 128 49 autem
1114 1330 71 49 &
1129 1330 128 49 phanta-

217 1371 120 49 sia,
292 1371 150 49 recta,
397 1371 75 49 &
427 1371 105 49 non
487 1371 150 49 recta.
592 1371 120 49 vnde
667 1371 150 49 semper
772 1371 150 49 quidem
877 1371 135 49 mouet
967 1371 225 49 appetibile.
1147 1371 105 49 sed
1192 1371 75 49 hoc

213 1424 100 43 est
270 1424 142 43 bonum,
369 1424 100 43 aut
426 1424 171 43 apparens
555 1424 142 43 bonum.
654 1424 100 43 non
711 1424 128 43 autem
797 1424 128 43 omne,
882 1424 100 43 sed
939 1424 157 43 actuale
1053 1424 142 43 bonum.
1139 1424 128 43 actuale

211 1460 142 48 autem
306 1460 111 48 est
369 1460 221 48 contingens
543 1460 79 48 &
575 1460 158 48 aliter
685 1460 95 48 se
717 1460 142 48 habere.

257 1506 93 50 Ac
304 1506 234 50 intellectus
491 1506 156 50 quidem
600 1506 156 50 omnis,
709 1506 156 50 rectus
818 1506 125 50 est:
896 1506 202 50 appetitus
1052 1506 140 50 autem
1145 1506 78 50 &
1161 1506 93 50 phan

216 1546 147 50 tasia,
319 1546 74 50 &
349 1546 132 50 recta
437 1546 74 50 &
466 1546 103 50 non
525 1546 147 50 recta.
628 1546 162 50 itaque,
746 1546 103 50 fit
805 1546 88 50 ut
849 1546 147 50 semper
952 1546 147 50 quidem
1055 1546 206 50 appetibile
1202 1546 59 50 mo

213 1593 135 58 ueat,
303 1593 90 58 id
348 1593 120 58 uero
422 1593 105 58 est
482 1593 105 58 uel
542 1593 150 58 bonum,
647 1593 105 58 uel
707 1593 179 58 apparens
841 1593 150 58 bonum,
946 1593 105 58 non
1006 1593 120 58 omne
1081 1593 150 58 tamen,
1185 1593 105 58 sed

207 1655 184 52 agendum
341 1655 167 52 bonum:
458 1655 184 52 agendum
591 1655 150 52 autem
691 1655 150 52 bonum
792 1655 134 52 est,
875 1655 134 52 quod
959 1655 167 52 potest
1075 1655 150 52 etiam
1159 1655 100 52 ali-

207 1692 101 57 ter
264 1692 86 57 se
293 1692 129 57 habere.

260 1740 110 47 Omnis
333 1740 123 47 igitur
419 1740 184 47 intellectus
566 1740 86 47 est
615 1740 135 47 rectus:
713 1740 159 47 appetitus
836 1740 110 47 autem
909 1740 61 47 &
934 1740 172 47 imaginatio
1069 1740 159 47 quandoque
1179 1740 86 47 sunt,

202 1786 135 51 recti,
297 1786 68 51 &
324 1786 176 51 quandoque
459 1786 108 51 non.
527 1786 81 51 Et
568 1786 108 51 ideo
635 1786 108 51 pars
703 1786 189 51 appetitiua
851 1786 122 51 mouet
933 1786 149 51 semper.
1041 1786 95 51 sed
1095 1786 95 51 hoc
1149 1786 95 51 aut
1189 1786 68 51 est

211 1827 132 45 bonum,
303 1827 92 45 aut
356 1827 224 45 existimabitur
540 1827 105 45 esse
606 1827 132 45 bonum,
698 1827 92 45 sed
751 1827 92 45 non
803 1827 79 45 in
843 1827 158 45 omnibus.
961 1827 118 45 illud
1040 1827 105 45 enim
1106 1827 145 45 actuale
1198 1827 66 45 est

204 1869 187 46 laudabile,
350 1869 67 46 &
377 1869 147 46 actuale
484 1869 93 46 est
537 1869 133 46 illud,
630 1869 107 46 quod
697 1869 173 46 possibile
831 1869 93 46 est
884 1869 80 46 vt
924 1869 147 46 habetat
1031 1869 93 46 rem
1084 1869 107 46 alio
1151 1869 120 46 modo.
