1416 2066
219 187 95 48 est
274 187 122 48 sicut
355 187 177 48 proportio
491 187 204 48 sensibilium
654 187 82 48 ad
695 187 149 48 sensus,
804 187 82 48 vt
844 187 122 48 Aris.
926 187 109 48 post
994 187 136 48 dicet,
1089 187 136 48 ponere
1170 187 109 48 alium,

224 239 158 43 motorem
339 239 130 43 esse,
425 239 101 43 qui
483 239 130 43 facit
569 239 101 43 eas
627 239 144 43 mouere
727 239 86 43 in
770 239 115 43 actu
842 239 216 43 intellectum
1015 239 216 43 materialem:
1188 239 72 43 &
1202 239 72 43 hoc

224 268 123 56 nihil
306 268 96 56 est
361 268 123 56 aliud
443 268 109 56 quam
512 268 137 56 facere
607 268 96 56 eas
662 268 192 56 intellecta
813 268 82 56 in
854 268 123 56 actu,
936 268 205 56 abstrahendo
1100 268 96 56 eas
1155 268 68 56 a
1168 268 96 56 mate-

225 305 118 56 ria.
299 305 104 56 Et,
358 305 118 56 quia
433 305 118 56 haec
507 305 178 56 intentio
640 305 148 56 cogens
744 305 89 56 ad
788 305 178 56 ponendum
921 305 222 56 intellectum
1099 305 163 56 agentem
1203 305 59 56 a-

224 347 114 40 lium
295 347 72 40 a
324 347 200 40 materiali,
481 347 72 40 &
510 347 143 40 formis
610 347 143 40 rerum,
710 347 114 40 quas
782 347 215 40 intellectus
953 347 200 40 materialis
1096 347 172 40 comprehen-

223 386 108 53 dit,
290 386 94 53 est
344 386 148 53 similis
451 386 202 53 intentioni,
613 386 148 53 propter
720 386 108 53 quam
788 386 121 53 visus
868 386 148 53 indiget
976 386 121 53 suce:
1057 386 94 53 cum
1111 386 94 53 hoc
1164 386 108 53 quod
1218 386 54 53 a-

215 423 112 52 gens
285 423 70 52 &
313 423 182 52 recipiens
453 423 112 52 alia
524 423 112 52 sunt
594 423 70 52 a
622 423 126 52 luce:
706 423 182 52 contentus
846 423 112 52 fuit
916 423 84 52 in
958 423 210 52 notificando
1127 423 112 52 hunc
1197 423 98 52 mo¬

225 456 106 52 dum
285 456 106 52 per
346 456 106 52 hoc
407 456 197 52 exemplum.
558 456 76 52 &
589 456 136 52 quasi
680 456 91 52 d.
725 456 76 52 &
755 456 152 52 modus,
862 456 106 52 qui
922 456 152 52 coegit
1028 456 106 52 nos
1089 456 91 52 ad
1119 456 152 52 ponendum

220 503 223 44 intellectum
398 503 178 44 agentem,
532 503 119 44 idem
606 503 104 44 est
665 503 104 44 cum
725 503 134 44 modo,
814 503 163 44 propter
933 503 119 44 quem
1007 503 163 44 indiget
1126 503 134 44 visus
1200 503 74 44 lum

221 540 108 48 ce.
282 540 232 48 Quemadmodum
468 540 124 48 enim
546 540 139 48 visus
639 540 108 48 non
701 540 170 48 mouetur
825 540 77 48 a
856 540 217 48 coloribus,
1026 540 124 48 nisi
1104 540 155 48 quando
1197 540 77 48 fue

220 582 96 45 rit
275 582 82 45 in
316 582 124 45 actu:
399 582 110 45 quod
468 582 96 45 non
523 582 179 45 completur
660 582 110 45 nisi
729 582 110 45 luce
798 582 192 45 praesente,
949 582 96 45 cum
1004 582 110 45 ipsa
1073 582 96 45 sit
1114 582 151 45 extrahens

219 619 101 40 eos
276 619 72 40 a
305 619 174 40 potentia
435 619 87 40 in
479 619 145 40 actum:
580 619 101 40 ita
638 619 130 40 etiam
725 619 217 40 intentiones
898 619 202 40 imaginatae
1057 619 101 40 non
1115 619 145 40 mouent
1216 619 87 40 in

169 1234 78 29 a

224 660 173 49 tellectum
357 660 200 49 materialem,
517 660 107 49 nisi
584 660 133 49 quando
677 660 147 49 fuerint
784 660 200 49 intellectae
944 660 80 49 in
984 660 120 49 actu:
1064 660 107 49 quod
1131 660 93 49 non
1171 660 93 49 perfi

228 696 119 43 citur
307 696 93 43 eis
360 696 106 43 nisi
426 696 132 43 aliquo
519 696 185 43 praesente,
664 696 106 43 quod
730 696 93 43 sit
783 696 198 43 intellectus
942 696 79 43 in
981 696 119 43 actu.
1061 696 79 43 Et
1100 696 106 43 fuit
1153 696 119 43 necesse

224 738 169 48 attruibuere
359 738 79 48 has
404 738 90 48 duas
460 738 135 48 actiones
561 738 67 48 in
595 738 101 48 nobis
662 738 112 48 anima,
741 738 135 48 scilicet
842 738 135 48 recipere
943 738 202 48 intelsecundum,
1112 738 56 48 &
1134 738 112 48 facere
1202 738 67 48 eum,

232 787 133 40 quamuis
329 787 109 40 agens
402 787 61 40 &
426 787 146 40 recipies
535 787 97 40 sint
596 787 182 40 substantiae
741 787 158 40 aeternae,
863 787 121 40 perper
948 787 97 40 hoc,
1008 787 97 40 quia
1069 787 85 40 hae
1117 787 97 40 duae
1166 787 97 40 actio-

223 812 88 57 nes
274 812 151 57 reductae
387 812 101 57 sunt
450 812 76 57 ad
488 812 113 57 niram
564 812 164 57 voluntate
690 812 151 57 scilicet
803 812 177 57 abstrahere
942 812 189 57 intellecta,
1093 812 63 57 &
1106 812 164 57 intelligere

230 855 92 45 ea.
282 855 183 45 Abstrahere
426 855 105 45 enim
491 855 118 45 iihil
570 855 92 45 est
622 855 118 45 aliud
701 855 92 45 qua
753 855 131 45 facere
845 855 196 45 intentiones
1001 855 183 45 imaginatas
1145 855 78 45 in
1171 855 92 45 actu,

230 900 156 47 postquam
347 900 117 47 erant
425 900 78 47 in
464 900 169 47 potentia.
595 900 195 47 Intellrgere
751 900 117 47 autem
829 900 117 47 nihil
907 900 91 47 est
959 900 117 47 aliud
1038 900 104 47 quam
1103 900 156 47 recipere
1207 900 65 47 has

222 939 244 39 intentiones.
420 939 107 39 Cum
481 939 122 39 enim
557 939 198 39 inuenimus
709 939 122 39 idem
785 939 213 39 transferri
952 939 91 39 in
998 939 91 39 su
1044 939 122 39 esse
1120 939 91 39 de
1150 939 122 39 ordine

224 972 73 39 in
260 972 133 39 ordinem
357 972 146 39 scilicet
466 972 182 39 intentiones
612 972 182 39 imaginatas,
758 972 133 39 diximus
855 972 97 39 quod
915 972 133 39 necesse
1012 972 85 39 est
1061 972 73 39 vt
1097 972 85 39 hoc
1146 972 85 39 sit
1194 972 61 39 a
1206 972 61 39 eam

213 1012 149 36 agente,
322 1012 68 36 &
349 1012 203 36 recipiente.
512 1012 176 36 recipiens
647 1012 136 36 igitur
742 1012 95 36 est
796 1012 203 36 materialis,
959 1012 68 36 &
986 1012 122 36 agens
1068 1012 95 36 est
1108 1012 163 36 efficiens.

214 1051 106 39 Et,
274 1051 106 39 cum
335 1051 197 39 inuenimus
486 1051 106 39 nos
546 1051 136 39 agere
637 1051 106 39 per
698 1051 106 39 has
758 1051 121 39 duas
834 1051 197 39 virtutes,
985 1051 106 39 cum
1045 1051 227 39 voluerimus:
1227 1051 76 39 &

219 1091 123 40 nihil
301 1091 109 40 agit
369 1091 109 40 nisi
437 1091 95 40 per
492 1091 109 40 suam
560 1091 150 40 formam:
669 1091 109 40 ideo
737 1091 109 40 fuit
806 1091 150 40 necesse
915 1091 191 40 attribuere
1065 1091 123 40 nobis
1146 1091 95 40 has
1187 1091 82 40 duas

208 1130 67 50 t
234 1130 160 50 virtutes
355 1130 214 50 intellectus.
528 1130 80 50 Et
568 1130 214 50 intellectus,
742 1130 94 50 qui
795 1130 94 50 est
849 1130 187 50 abstrabere
996 1130 214 50 intellectum,
1169 1130 67 50 &
1183 1130 80 50 crea

207 1171 82 49 re
248 1171 110 49 eum,
317 1171 151 49 necesse
426 1171 96 49 est
481 1171 82 49 vt
522 1171 178 49 praecedat
659 1171 82 49 in
700 1171 123 49 nobis
783 1171 219 49 intellectum,
961 1171 96 49 qui
1015 1171 96 49 est
1070 1171 164 49 recipere
1180 1171 82 49 eum.

243 1206 83 45 Et
285 1206 124 45 Alex.
367 1206 138 45 Tdixit
464 1206 110 45 quod
533 1206 152 45 rectius
643 1206 97 45 est
698 1206 193 45 describere
850 1206 221 45 intellectum,
1029 1206 97 45 qui
1085 1206 97 45 est
1140 1206 83 45 in
1167 1206 97 45 nobis

206 1251 74 48 e
236 1251 104 48 per
295 1251 118 48 suam
369 1251 178 48 virtutem
502 1251 178 48 agentem,
635 1251 104 48 non
695 1251 104 48 per
754 1251 207 48 patientem:
917 1251 104 48 cum
976 1251 163 48 passio,
1094 1251 74 48 &
1109 1251 148 48 receptio

209 1286 146 44 commune
315 1286 106 44 sint
381 1286 212 44 intellectui,
553 1286 66 44 &
579 1286 172 44 sensibus,
712 1286 66 44 &
738 1286 185 44 virtutibus
884 1286 225 44 distinctiuis.
1069 1286 119 44 actio
1149 1286 106 44 enim
1202 1286 66 44 est

207 1322 158 41 propria
321 1322 100 41 ei:
379 1322 72 41 &
407 1322 100 41 est
465 1322 143 41 melius
565 1322 86 41 vt
608 1322 100 41 res
666 1322 215 41 describatur
838 1322 100 41 per
895 1322 115 41 suam
967 1322 186 41 actionem.
1110 1322 115 41 Dico
1168 1322 100 41 etiam

207 1363 104 38 hoc
267 1363 104 38 non
326 1363 119 38 esse
400 1363 163 38 necesse
519 1363 119 38 omni
593 1363 134 38 modo:
683 1363 119 38 nisi
757 1363 104 38 hoc
816 1363 134 38 nomen
905 1363 149 38 passio
1009 1363 193 38 diceretur
1158 1363 89 38 in
1188 1363 74 38 eis

207 1405 76 45 e
237 1405 122 45 modo
313 1405 183 45 vniuoco:
451 1405 107 45 non
511 1405 122 45 enim
588 1405 168 45 dicitur
710 1405 122 45 nisi
786 1405 122 45 modo
862 1405 213 45 aequiuoco.
1029 1405 91 45 Et
1075 1405 137 45 omnia
1151 1405 107 45 dicta

208 1448 82 35 ab
249 1448 137 35 Arist.
345 1448 82 35 in
386 1448 96 35 hoc
441 1448 109 35 sunt
509 1448 109 35 ita,
578 1448 109 35 quod
646 1448 205 35 vniuersalia
810 1448 137 35 nullum
906 1448 137 35 habent
1002 1448 109 35 esse
1070 1448 123 35 extra
1139 1448 123 35 animam:

222 1485 97 46 quod
283 1485 146 46 intendit
392 1485 122 46 Plato.
478 1485 134 46 quoniam
575 1485 73 46 si
612 1485 85 46 ita
660 1485 122 46 esset,
746 1485 85 46 non
794 1485 158 46 indigeret
916 1485 122 46 ponere
1001 1485 195 46 intellectuau
1147 1485 122 46 agentem,

270 1531 93 48 Et
316 1531 108 48 hic
378 1531 232 48 intellectus
563 1531 232 48 separabilis
748 1531 77 48 &
779 1531 247 48 impassibilis
980 1531 77 48 &
1011 1531 216 48 iministus,
1165 1531 93 48 sub-

217 1572 173 46 stantia
343 1572 126 46 actu
422 1572 126 46 ens:
501 1572 158 46 semper
611 1572 126 46 enim
690 1572 252 46 honorabilius
895 1572 110 46 est
958 1572 142 46 agens
1053 1572 205 46 patiente:
1211 1572 79 46 &

225 1619 225 56 principium
402 1619 193 56 materia.
547 1619 129 56 Idem
627 1619 145 56 autem
723 1619 113 56 est
788 1619 193 56 secundum
932 1619 145 56 actum
1029 1619 209 56 scientia,
1174 1619 80 56 rei

268 1667 89 48 Et
313 1667 103 48 hic
372 1667 221 48 intellectus
549 1667 221 48 separabilis
726 1667 118 48 est,
800 1667 74 48 &
829 1667 103 48 non
888 1667 162 48 mixtus,
1006 1667 74 48 &
1036 1667 236 48 impatibilis,
1213 1667 44 48 &

223 1718 106 53 sui
283 1718 211 53 substantia
449 1718 196 53 operatio.
600 1718 151 53 semper
706 1718 121 53 enim
781 1718 136 53 agens
872 1718 196 53 patiente,
1023 1718 75 53 &
1053 1718 211 53 principium
1204 1718 60 53 ma

220 1771 123 56 teria
302 1771 164 56 nobilius
425 1771 109 56 est.
493 1771 109 56 Idem
561 1771 123 56 autem
643 1771 96 56 est
698 1771 164 56 scientia
821 1771 109 56 quae
889 1771 109 56 actu
957 1771 109 56 est,
1025 1771 109 56 quod
1094 1771 96 56 res
1134 1771 96 56 ipsa.

265 1826 92 56 Et
311 1826 123 56 iste
387 1826 230 56 intellectus
571 1826 138 56 etiam
663 1826 107 56 est
724 1826 230 56 abstractus,
908 1826 107 56 non
969 1826 168 56 mixtus,
1092 1826 138 56 neque
1168 1826 92 56 pas-

221 1868 184 55 sibilis,
358 1868 77 55 &
389 1868 107 55 est
450 1868 92 55 in
496 1868 107 55 sua
557 1868 214 55 substantia
726 1868 153 55 actio.
833 1868 138 55 Agens
925 1868 122 55 enim
1001 1868 153 55 semper
1108 1868 107 55 est
1154 1868 92 55 nobi
