1416 2066
287 213 87 54 Et
330 213 116 54 ideo
403 213 160 54 videmus
519 213 145 54 Alfar.
620 213 87 54 in
649 213 116 54 postre

253 256 108 42 mo,
314 256 108 42 cum
376 256 185 42 credidit
515 256 201 42 opinionem
654 256 108 42 Alex.

258 298 115 52 esse
330 298 129 52 veram
416 298 86 52 in
459 298 216 52 generatione
617 298 144 52 intellus

255 334 194 56 materialis,
410 334 103 56 quod
475 334 103 56 fuit
539 334 142 56 necesse
643 334 103 56 apud
694 334 65 56 ipm

254 375 145 51 secundum
363 375 97 51 hanc
423 375 157 51 opinionem
544 375 133 51 opinari
641 375 97 51 quod
702 375 85 51 in¬

255 416 208 42 telligentia
421 416 125 42 agens
504 416 97 42 non
560 416 97 42 est
615 416 111 42 nisi
670 416 97 42 causa

249 452 115 55 agens
326 452 90 55 non
377 452 141 55 tameun.
480 452 64 55 &
505 452 90 55 hoc
556 452 166 55 manifeste
671 452 90 55 dixit

251 493 90 43 in
296 493 225 43 Nicomachia.
476 493 90 43 Et
521 493 105 43 est
581 493 150 43 contra
671 493 90 43 suam

248 536 178 45 opinionem
386 536 82 45 in
427 536 165 45 epistola
550 536 82 45 de
591 536 165 45 Intellu.
701 536 55 45 il

253 572 89 50 lic
304 572 102 50 enim
368 572 115 50 dixit
444 572 102 50 esse
508 572 178 50 possibile,
648 572 76 50 vt
674 572 89 50 intel

253 613 123 37 lectus
339 613 172 37 materialis
474 613 172 37 intelligat
609 613 86 37 res
646 613 111 37 abstra-

255 653 110 51 ctas:
328 653 61 51 &
353 653 86 51 est
402 653 123 51 opinio
488 653 98 51 Ahem
549 653 110 51 pace.
623 653 110 51 Istae
684 653 74 51 igi-

254 689 95 41 tur
309 689 109 41 sunt
377 689 204 41 quaestiones
540 689 191 41 ponentibus
690 689 95 41 in¬

253 727 191 43 tellectum
401 727 206 43 materialem
563 727 118 43 esse
621 727 133 43 genera-

248 770 111 40 tum:
317 770 69 40 &
345 770 111 40 quod
414 770 125 40 finis
497 770 97 40 est
553 770 194 40 continuari
691 770 69 40 cum

237 805 178 46 abstractis.

291 885 86 45 Et
334 885 158 45 videmus
449 885 129 45 etiam
535 885 115 45 quod
593 885 173 45 sequuntur,

249 926 210 43 ponentibus
414 926 135 43 ipsam
504 926 120 43 esse
578 926 180 43 virtutem
698 926 60 43 ab

236 965 152 53 stractam
351 965 140 53 quodnes
452 965 89 53 non
503 965 140 53 minores
605 965 127 53 istis,
681 965 76 53 Quam

255 1005 79 37 si
294 1005 132 37 natura
387 1005 132 37 istius
479 1005 198 37 intellectus
625 1005 132 37 materia,

254 1044 79 51 lis
299 1044 79 51 est
344 1044 91 51 quod
401 1044 159 51 intelligat
526 1044 79 51 res
571 1044 170 51 abstractas,
696 1044 57 51 ne-

259 1085 112 37 cesse
333 1085 87 37 est
383 1085 74 37 vt
420 1085 124 37 semper
507 1085 74 37 in
544 1085 136 37 futuro,
643 1085 62 37 &
668 1085 74 37 in
693 1085 74 37 prae

251 1124 128 50 terito
341 1124 90 50 sit
392 1124 193 50 intelligens
547 1124 103 50 eas.
598 1124 167 50 Existimatur

258 1159 133 59 igitur
351 1159 106 59 quod
417 1159 160 59 sequitur
537 1159 106 59 hanc
590 1159 173 59 positionem,

256 1200 107 43 quod
323 1200 148 43 statim,
430 1200 94 43 cum
484 1200 201 43 intellectus
631 1200 121 43 materia

249 1237 109 45 lis
312 1237 233 45 continuatur
498 1237 202 45 nobiscum,
639 1237 125 45 statim

250 1278 252 42 continuabitur
458 1278 133 42 nobis
547 1278 222 42 intellectus
710 1278 59 42 a-

251 1316 121 52 gens:
331 1316 107 52 quod
398 1316 94 52 est
452 1316 214 52 impossibile,
626 1316 67 52 &
639 1316 121 52 contra-

258 1357 112 44 rium
328 1357 98 44 ei,
384 1357 112 44 quod
454 1357 154 44 homines
551 1357 126 44 ponunt.

299 1397 84 53 Sed
347 1397 96 53 ista
407 1397 108 53 quodo
478 1397 84 53 pot
526 1397 143 53 dissolui
634 1397 84 53 per
669 1397 84 53 illud

261 1436 84 48 quod
314 1436 84 48 ante
367 1436 126 48 posuimus
462 1436 126 48 scilicet
556 1436 84 48 quod
609 1436 158 48 intellectus
725 1436 42 48 ma

254 1477 145 51 terialis
363 1477 85 51 non
411 1477 158 51 copulatur
533 1477 145 51 nobiscum
642 1477 85 51 per
690 1477 85 51 se,
727 1477 36 51 &

260 1519 130 35 primo:
351 1519 91 35 sed
403 1519 91 35 non
455 1519 169 35 copulatur
584 1519 156 35 nobiscum
688 1519 78 35 nisi

255 1557 95 45 per
309 1557 108 45 suam
376 1557 216 45 copulationem
552 1557 95 45 cum
606 1557 135 45 formis
687 1557 68 45 ima

258 1593 173 49 vinalibus.
394 1593 87 49 Et,
443 1593 87 49 cum
493 1593 87 49 ita
542 1593 87 49 sit
592 1593 161 49 possibile
703 1593 62 49 est

254 1633 119 49 d:cere
338 1633 95 49 quod
397 1633 119 49 modus,
481 1633 143 49 secundum
588 1633 95 49 quem
636 1633 131 49 copulatur

257 1672 141 44 nobiscum
363 1672 176 44 intellectus
504 1672 176 44 materialis,
645 1672 82 44 est
680 1672 71 44 ali-

257 1710 62 60 a
281 1710 112 60 modo,
356 1710 149 60 secundum
468 1710 100 60 quem
530 1710 162 60 copulatur
655 1710 100 60 ipse
705 1710 62 60 cum

253 1752 140 45 intellu
355 1752 140 45 acente.
457 1752 89 45 Et,
508 1752 76 45 si
546 1752 89 45 est
596 1752 114 45 alius
660 1752 89 45 modus

256 1781 97 53 tunc
316 1781 109 53 nulsa
389 1781 85 53 est
438 1781 182 53 continuatio
583 1781 133 53 omnino.
680 1781 85 53 Et,
717 1781 48 53 si

255 1830 98 51 idem
316 1830 86 51 sed
365 1830 111 51 primo
439 1830 86 51 est
488 1830 74 51 in
525 1830 123 51 aliqua
611 1830 160 51 disponne,
722 1830 37 51 &

250 1868 104 55 post
315 1868 78 55 in
354 1868 117 55 alia,
432 1868 104 55 quid
497 1868 130 55 igitur
587 1868 91 55 est
639 1868 104 55 illa
691 1868 65 55 dif

819 221 81 37 Et
860 221 81 37 ob
901 221 95 37 hoc
955 221 149 37 Alfara.
1064 221 149 37 tandem,
1172 221 95 37 cum
1213 221 81 37 exi-

783 259 169 40 stimaret
910 259 127 40 sniam
995 259 183 40 Alexandri
1136 259 113 40 esse
1192 259 99 40 veram

786 298 70 52 de
821 298 176 52 generatione
962 298 164 52 intellctus
1091 298 176 52 materialis,
1220 298 70 52 ideo

784 334 147 44 conatus
891 334 107 44 fuit
958 334 147 44 opinari
1065 334 121 44 iuxta
1146 334 94 44 eam
1186 334 107 44 suimam

784 377 102 45 quod
848 377 217 45 intellctagens
1027 377 115 45 nihil
1103 377 115 45 aliud
1180 377 89 45 est
1218 377 77 45 quam

776 413 97 45 cam
831 413 179 45 efficiens
969 413 83 45 in
1011 413 124 45 nobis
1094 413 152 45 tantum.
1204 413 69 45 &
1218 413 69 45 hoc

775 453 129 37 idem
855 453 145 37 dixit
952 453 209 37 manifeste
1112 453 96 37 in
1144 453 145 37 Nicoma-

782 493 132 50 chia.
870 493 88 50 Et
914 493 103 50 hoc
973 493 146 50 quidem
1075 493 103 50 est
1119 493 176 50 contrarium

778 533 102 49 suae
842 533 128 49 sniae,
931 533 102 49 quam
995 533 179 49 prositetur
1136 533 77 49 in
1174 533 102 49 illo
1225 533 64 49 tra

779 572 127 39 ctatu
864 572 85 39 de
906 572 212 39 Intellectu.
1075 572 99 39 nam
1132 572 141 39 ibidem
1216 572 71 39 af-

780 610 119 40 firmat
863 610 214 40 intellsecundum
1042 610 167 40 materialem
1173 610 107 40 posse
1244 610 71 40 in

776 660 167 45 telligere
904 660 90 45 res
956 660 179 45 separatas.
1097 660 64 45 &
1122 660 103 45 haec
1186 660 90 45 est
1225 660 64 45 sen

774 688 143 55 tentia
874 688 114 55 Auen
945 688 129 55 pace.
1031 688 114 55 Haec
1102 688 143 55 itaque
1188 688 100 55 dubia

786 727 167 55 insurgunt
914 727 128 55 contra
1004 727 154 55 ponentes
1107 727 179 55 intellecndum

781 768 226 53 materialem
958 768 242 53 generabilem
1152 768 81 53 &
1168 768 129 53 corru-

780 806 170 52 ptibilem,
910 806 144 52 eiusque
1015 806 117 52 finem
1093 806 117 52 esse,
1172 806 78 52 vt
1198 806 91 52 copu-

775 846 119 44 letur
854 846 93 44 cum
907 846 119 44 rebus
987 846 172 44 separatis
1120 846 93 44 seu
1159 846 133 44 intelli-

780 886 158 52 gentiis
894 886 215 52 abstractis.
1067 886 144 52 Contra
1167 886 100 52 eos
1210 886 72 52 ve-

778 925 102 52 ro,
836 925 102 52 qui
894 925 189 52 affirmant
1039 925 218 52 huiuscemodi
1198 925 87 52 vir-

778 972 114 38 tutem
855 972 102 38 esse
918 972 191 38 abstractam,
1071 972 165 38 insurgunt
1185 972 102 38 quoque

780 1005 156 37 dubia,
889 1005 78 37 &
921 1005 202 37 argumenta
1076 1005 109 37 non
1123 1005 171 37 inferiora

774 1040 102 42 his
833 1040 160 42 dictis.
949 1040 116 42 Nam,
1021 1040 87 42 si
1065 1040 87 42 de
1108 1040 145 42 natura
1195 1040 102 42 huius

781 1083 182 40 intellectus
927 1083 170 40 materialis
1060 1083 121 40 esset,
1145 1083 73 40 vt
1170 1083 121 40 intelli-

784 1119 117 57 geret
862 1119 91 57 res
914 1119 196 57 abstractas,
1071 1119 104 57 tunc
1136 1119 78 57 ex
1176 1119 91 57 hac
1215 1119 78 57 posi

787 1158 107 52 tione
858 1158 130 52 videtur
953 1158 119 52 sequi,
1036 1158 95 52 quod
1095 1158 95 52 ipse
1155 1158 119 52 semper
1226 1158 59 52 in-

779 1201 150 52 telligat
891 1201 87 52 eas
941 1201 87 52 tam
991 1201 75 52 in
1028 1201 187 52 praeterito,
1178 1201 100 52 quam
1240 1201 75 52 in

777 1239 117 42 futuro.
862 1239 117 42 quoniam
948 1239 106 42 statim
1022 1239 85 42 quod
1075 1239 160 42 intellectus
1192 1239 96 42 materia

782 1279 92 53 lis
835 1279 225 53 coniungeretur
1020 1279 132 53 nobis,
1099 1279 198 53 coniungeretur

781 1324 126 46 quoque
870 1324 114 46 nobis
946 1324 126 46 statim
1034 1324 190 46 intellectus
1186 1324 126 46 agens:

789 1357 100 51 quod
851 1357 87 51 est
901 1357 199 51 impossibile,
1063 1357 62 51 &
1088 1357 125 51 contra
1175 1357 87 51 id,
1212 1357 75 51 quod

779 1396 122 47 omnes
861 1396 149 47 homines
969 1396 176 47 asserunt.
1105 1396 81 47 At
1146 1396 95 47 hoc
1186 1396 109 47 dubium

788 1437 137 49 potest
884 1437 123 49 solui
966 1437 96 49 per
1021 1437 96 49 ea,
1075 1437 109 49 quae
1144 1437 123 49 paulo
1212 1437 82 49 ante

786 1472 143 55 diximus,
893 1472 107 55 nempe
964 1472 95 55 quod
1024 1472 178 55 intellectus
1154 1472 143 55 materialis

779 1524 105 45 non
839 1524 194 45 copulatur
988 1524 134 45 nobis
1078 1524 149 45 primo,
1182 1524 75 45 &
1212 1524 105 45 per

775 1556 88 47 se,
826 1556 100 47 immo
888 1556 88 47 non
938 1556 163 47 copulatur
1063 1556 125 47 nobis,
1151 1556 113 47 nisi,
1213 1556 63 47 pro

779 1594 149 48 pterea
883 1594 119 48 quod
958 1594 194 48 copulatur
1107 1594 149 48 formis
1197 1594 89 48 imae

782 1634 151 48 ginarijs.
899 1634 70 48 Si
933 1634 93 48 ergo
992 1634 81 48 res
1038 1634 81 48 ita
1084 1634 70 48 se
1119 1634 139 48 habetat,
1212 1634 70 48 pos-

784 1674 103 49 sumus
852 1674 114 49 vtique
932 1674 114 49 dicere
1012 1674 91 49 quod
1068 1674 68 49 ea
1103 1674 114 49 ratio,
1182 1674 80 49 qua
1228 1674 80 49 in¬

786 1709 140 55 tellectus
894 1709 151 55 materialis
1013 1709 194 55 communiungitur
1175 1709 108 55 nobis,
1240 1709 54 55 est

775 1751 152 44 quidem
881 1751 167 44 diuersa
1003 1751 91 44 ab
1048 1751 106 44 ea,
1109 1751 106 44 qua
1154 1751 137 44 coniun-

784 1790 105 53 gitur
855 1790 82 53 cum
901 1790 164 53 intellectu
1030 1790 129 53 agente.
1124 1790 82 53 Et,
1171 1790 70 53 si
1206 1790 82 53 est
1241 1790 47 53 a-

776 1830 84 41 lia
824 1830 120 41 ratio,
908 1830 60 41 &
932 1830 120 41 modus,
1016 1830 96 41 tunc
1075 1830 108 41 nulla
1147 1830 132 41 daretur
1231 1830 60 41 co-

779 1868 156 54 pulatio
892 1868 156 54 omnino.
1005 1868 113 54 Sed,
1076 1868 85 54 si
1118 1868 141 54 fuerit
1203 1868 85 54 idem
