1416 2066
126 180 133 55 Atqui
215 180 133 55 certe
304 180 104 55 non
363 180 119 55 haec
437 180 119 55 sela
511 180 133 55 sunt,
600 180 104 55 sed
660 180 178 55 pleraque
793 180 133 55 etiam
882 180 133 55 alia:
971 180 119 55 immo
1030 180 148 55 innumera

131 228 177 63 fortasse,
268 228 109 63 quae
336 228 82 63 ex
377 228 96 63 eis
418 228 150 63 constant.

180 275 117 48 Sed
247 275 134 48 huic
331 275 184 48 sermoni
464 275 234 48 contingunt
648 275 150 48 plura
748 275 284 48 impossibilia.
982 275 167 48 Ponunt
1082 275 100 48 enim

140 324 122 54 quod
216 324 152 54 simile
322 324 107 54 non
383 324 228 54 cognoscitur
566 324 122 54 nisi
642 324 107 54 per
703 324 122 54 suum
779 324 167 54 simile:
901 324 76 54 &
931 324 137 54 quasi
1023 324 152 54 ponunt
1114 324 61 54 a-

140 377 137 42 nimam
231 377 122 42 esse
307 377 137 42 ista.
399 377 107 42 Sed
459 377 122 42 ista
536 377 107 42 non
596 377 122 42 sunt
673 377 152 42 tantum
779 377 137 42 haec,
871 377 107 42 sed
931 377 137 42 plura
1023 377 137 42 alia.
1099 377 76 42 im-

135 407 84 42 mo
177 407 154 42 videtur
289 407 112 42 quod
359 407 98 42 ea,
415 407 112 42 quae
485 407 84 42 ex
527 407 126 42 istis
611 407 126 42 sunt,
695 407 112 42 sunt
751 407 154 42 infinita.

172 460 114 40 Idest
248 460 63 40 &
274 460 101 40 iste
337 460 114 40 sermo
413 460 190 40 verificatur
565 460 76 40 ad
603 460 89 40 eos
654 460 139 40 dicendo
755 460 101 40 quod
818 460 165 40 principia
945 460 101 40 sunt
1008 460 127 40 omnia,
1097 460 101 40 quae

134 496 121 45 fiunt
214 496 81 45 ex
254 496 121 45 ipsis
335 496 202 45 principiis:
496 496 67 45 &
523 496 175 45 principia
658 496 94 45 non
711 496 107 45 sunt
778 496 94 45 ea,
832 496 107 45 quae
899 496 121 45 fiunt
980 496 81 45 ex
1007 496 161 45 principiis

142 538 142 40 omnibus
245 538 129 40 modis:
336 538 90 40 sed
387 538 90 40 ea,
439 538 103 40 quae
504 538 103 40 sunt
568 538 77 40 ex
607 538 194 40 principiis,
762 538 116 40 magis
839 538 116 40 siunt
917 538 103 40 quam
981 538 181 40 principia:
1110 538 52 40 im

141 572 70 46 mo
176 572 105 46 recte
246 572 140 46 videtual
351 572 70 46 vt
386 572 81 46 ea,
432 572 93 46 quae
490 572 105 46 fiunt
560 572 70 46 ex
595 572 175 46 principiis,
735 572 93 46 sint
793 572 151 46 infinita.
909 572 81 46 Et,
956 572 81 46 cum
1002 572 81 46 ea,
1049 572 93 46 quae
1096 572 81 46 fiunt

142 617 81 35 ex
182 617 188 35 principiis
330 617 148 35 omnibus
437 617 134 35 modis,
531 617 107 35 alia
598 617 107 35 vero
665 617 134 35 aliquo
759 617 107 35 modo
826 617 121 35 fiunt
907 617 81 35 ex
947 617 201 35 principiis,
1095 617 67 35 nou

146 652 129 39 iuuantur
243 652 64 39 in
275 652 118 39 dicendo
361 652 86 39 quod
414 652 96 39 anima
478 652 75 39 est
521 652 64 39 ex
553 652 161 39 principiis:
682 652 118 39 quoniam
768 652 129 39 secundum
864 652 86 39 quod
918 652 75 39 est
960 652 107 39 aliud,
1035 652 75 39 non
1078 652 75 39 est
1110 652 54 39 il-

141 692 93 51 lic
194 692 240 51 consimilitudo.
394 692 80 51 &,
434 692 93 51 cum
488 692 120 51 illic
568 692 93 51 non
621 692 133 51 fuerit
714 692 240 51 consimilitudo,
915 692 93 51 non
968 692 107 51 erit
1021 692 147 51 cognitio:

134 739 102 41 cum
193 739 205 41 cognoscens
354 739 102 41 non
412 739 205 41 cognoscat,
573 739 117 41 nisi
646 739 102 41 per
704 739 132 41 illam
792 739 307 41 consimilitudinem,
1055 739 117 41 quam
1114 739 58 41 ha

139 771 92 40 bet
191 771 92 40 cum
244 771 79 40 re
283 771 158 40 cognita.
402 771 92 40 Et,
454 771 92 40 cum
507 771 184 40 declarauit
651 771 105 40 quod
717 771 118 40 facta
796 771 79 40 ex
835 771 184 40 principiis
980 771 92 40 non
1032 771 105 40 sunt
1085 771 92 40 eadem

139 810 177 48 principia
276 810 82 48 in
317 810 137 48 formis
412 810 68 48 &
440 810 191 48 essentiis,
590 810 164 48 incoepit
713 810 177 48 declarare
849 810 232 48 impossibilia,
1027 810 150 48 contingen

135 848 92 46 tia
187 848 118 46 huic,
266 848 105 46 quod
332 848 132 46 dixit,
424 848 105 46 quod
490 848 118 46 nihil
569 848 197 46 cognoscitur
727 848 105 46 nisi
792 848 92 46 per
845 848 105 46 suum
898 848 118 46 simile.

180 892 101 48 Ex
231 892 169 48 quibus
349 892 169 48 quidem
467 892 169 48 igitur
586 892 135 48 vnum
670 892 186 48 quodque
805 892 169 48 horum,
924 892 118 48 sit
974 892 203 48 cognoscere

136 946 163 44 animam
250 946 82 44 &
282 946 196 44 sentire:
429 946 114 44 sed
494 946 228 44 compositum
674 946 114 44 non
739 946 228 44 cognoscet,
918 946 147 44 neque
1000 946 163 44 sentiet.

134 985 93 42 vt
180 985 124 42 quid
257 985 108 42 est
319 985 139 42 Deus,
412 985 108 42 aut
474 985 139 42 homo,
567 985 108 42 aut
629 985 139 42 caro,
722 985 108 42 aut
784 985 108 42 os,
846 985 201 42 similiter
1001 985 139 42 autem
1078 985 93 42 quod

128 1020 154 55 libet
230 1020 154 55 aliud
333 1020 290 55 compositorum:
572 1020 120 55 non
640 1020 137 55 enim
726 1020 205 55 quolibet
880 1020 137 55 modo
965 1020 103 55 se
999 1020 171 55 habentia

139 1067 212 48 elementa
298 1067 159 48 horum
405 1067 283 48 vnumquodque,
634 1067 124 48 sed
705 1067 195 48 ratione
847 1067 177 48 quadam
970 1067 88 48 &
988 1067 177 48 composi-

135 1114 165 39 tione,
250 1114 247 39 quemadmodum
447 1114 148 39 dicit
546 1114 230 39 Empedocles
727 1114 115 39 os:
793 1114 197 39 terraque
941 1114 148 39 humus
1023 1114 148 39 coapta-

142 1149 87 48 ta
185 1149 87 48 in
228 1149 159 48 amiplis
344 1149 260 48 diffusionibus,
561 1149 116 48 duas
633 1149 87 48 ex
676 1149 116 48 octo
749 1149 173 48 partibus
879 1149 159 48 fortita
995 1149 116 48 est:
1067 1149 130 48 aquae

126 1192 193 43 luminis,
271 1192 193 43 quattuor
415 1192 145 43 autem
512 1192 193 43 vulcano:
657 1192 129 43 ossa
737 1192 145 43 autem
833 1192 129 43 alba
914 1192 145 43 facta
1010 1192 145 43 sunt:
1091 1192 80 43 Ni-

136 1233 104 42 hil
195 1233 148 42 igitur
299 1233 192 42 profectus
447 1233 178 42 elementa
580 1233 89 42 in
625 1233 133 42 anima
713 1233 133 42 esse,
802 1233 118 42 nisi
876 1233 178 42 rationes
1009 1233 163 42 inerunt
1128 1233 74 42 &

132 1275 244 41 compositio:
327 1275 211 41 cognoscet
489 1275 130 41 enim
571 1275 244 41 vnunquodque
766 1275 179 41 simile,
896 1275 98 41 os
944 1275 146 41 autem
1042 1275 114 41 aut
1091 1275 81 41 ho-

134 1315 161 48 minem,
246 1315 225 48 nihilinisi
423 1315 80 48 &
455 1315 129 48 haec
536 1315 193 48 inerunt.
681 1315 113 48 hoc
745 1315 145 48 autem
841 1315 129 48 quod
922 1315 241 48 impossibile
1099 1315 80 48 sit

140 1360 130 43 nihil
226 1360 159 43 oportet
341 1360 159 43 dicere.
457 1360 115 43 quis
529 1360 115 43 enim
601 1360 202 43 dubitabit,
760 1360 87 43 si
803 1360 144 43 inerit
904 1360 87 43 in
947 1360 130 43 anima
1034 1360 130 43 lapis
1106 1360 72 43 aut

134 1399 139 44 homo:
226 1399 201 44 similiter
381 1399 139 44 autem
474 1399 139 44 bonum
567 1399 77 44 &
598 1399 108 44 non
660 1399 155 44 bonum,
768 1399 139 44 eodem
861 1399 124 44 modo
938 1399 77 44 &
969 1399 93 44 de
1000 1399 124 44 aliis.

185 1475 92 48 Ea
231 1475 153 48 igitur
337 1475 92 48 ex
383 1475 153 48 quibus
490 1475 107 48 est
551 1475 137 48 horum
643 1475 244 48 unumquodque,
841 1475 137 48 esto,
933 1475 198 48 cognoscat
1070 1475 107 48 anima

138 1518 76 44 &
168 1518 182 44 sentiat,
304 1518 91 44 at
350 1518 212 44 compositum
516 1518 106 44 quo
577 1518 212 44 cognoscet,
743 1518 106 44 aut
804 1518 197 44 sentietus
955 1518 91 44 ut
1001 1518 121 44 quid
1061 1518 106 44 DEVS,

133 1562 104 57 aut
192 1562 133 57 homo,
281 1562 104 57 aut
341 1562 133 57 caro,
429 1562 104 57 aut
489 1562 89 57 os
533 1562 193 57 similiter
681 1562 133 57 etiam
770 1562 163 57 quiduis
889 1562 133 57 aliud
963 1562 207 57 compositorus

135 1591 139 64 neque
227 1591 123 64 enim
304 1591 139 64 eorum
397 1591 231 64 unumquodque
581 1591 108 64 est
643 1591 185 64 elementa
782 1591 154 64 quouis
890 1591 123 64 modo
967 1591 92 64 se
998 1591 170 64 habentia,

136 1651 106 56 sed
196 1651 166 56 ratione
317 1651 151 56 quadam
423 1651 76 56 &
453 1651 257 56 compositione,
665 1651 227 56 quemadmodis
846 1651 212 56 Empedocles
1013 1651 136 56 dicit
1088 1651 76 56 ors

175 1699 104 64 Ast
235 1699 148 64 partes
338 1699 163 64 liquidi
457 1699 208 64 splendoris
620 1699 163 64 Daedala
724 1699 119 64 tellus

177 1747 89 66 Ex
222 1747 237 66 octogeminas,
415 1747 163 66 patulis
533 1747 208 66 fornacibus
682 1747 134 66 hausit:

185 1795 103 67 Bis
244 1795 206 67 geminasque
406 1795 147 67 ignis:
509 1795 118 67 sunt
582 1795 118 67 ossa
656 1795 118 67 hinc
729 1795 118 67 alba
788 1795 132 67 ereata.

132 1845 137 62 Nibil
223 1845 152 62 igitur
330 1845 168 62 prodest
452 1845 183 62 elementa
589 1845 122 62 esse
665 1845 91 62 in
711 1845 152 62 Anima,
818 1845 122 62 nisi
894 1845 76 62 &
924 1845 183 62 rationes
1046 1845 122 62 insint
