1416 2066
206 165 115 45 tum
271 165 115 45 per
337 165 247 45 intellectum
535 165 165 45 fuerit
650 165 132 45 vnum
732 165 99 45 in
781 165 115 45 sua
847 165 165 45 forma,
962 165 115 45 aut
1028 165 132 45 erit
1110 165 165 45 mixtio
1209 165 66 45 in

218 212 91 43 eo
263 212 91 43 ab
309 212 167 43 aliquo,
430 212 121 43 quod
506 212 136 43 ipsum
596 212 136 43 secit
687 212 242 43 intellectum,
884 212 136 43 sicut
975 212 106 43 est
1036 212 91 43 de
1066 212 121 43 aliis.

263 266 108 42 Ista
331 266 95 42 est
385 266 149 42 secunda
494 266 176 42 dubitatio
630 266 81 42 de
670 266 190 42 intellectu
819 266 190 42 materiali:
969 266 68 42 &
996 266 95 42 est
1050 266 122 42 vtrum
1131 266 95 42 est
1186 266 81 42 in
1213 266 54 42 se

224 308 266 39 intelligibilis,
448 308 98 39 non
504 308 98 39 per
560 308 154 39 naturam
672 308 196 39 existentem
825 308 84 39 in
867 308 98 39 eo,
923 308 112 39 adeo
993 308 112 39 quod
1063 308 210 39 intellectus
1231 308 70 39 &

220 345 215 42 intellectum
392 345 86 42 in
435 345 86 42 eo
478 345 115 42 idem
550 345 115 42 erit
622 345 158 42 omnibus
737 345 144 42 modis,
837 345 129 42 sicut
923 345 101 42 est
981 345 201 42 dispositio
1139 345 86 42 in
1167 345 101 42 rebus

223 387 215 40 abstractis:
394 387 100 40 aut
452 387 215 40 intellectum
623 387 86 40 ex
666 387 86 40 eo
709 387 100 40 est
766 387 129 40 aliud
852 387 143 40 quoquo
952 387 114 40 modo
1024 387 86 40 ab
1067 387 129 40 ipso.
1153 387 86 40 Et
1181 387 72 40 di-

221 424 112 42 xit.
291 424 84 42 Et
333 424 126 42 etiam
417 424 126 42 vtrum
500 424 98 42 est
556 424 84 42 in
598 424 98 42 se,
654 424 98 42 &c.
710 424 84 42 i.
752 424 70 42 &
780 424 126 42 etiam
864 424 126 42 vtrum
948 424 126 42 ipsum
1031 424 98 42 est
1087 424 140 42 illud,
1171 424 84 42 quod

216 464 92 43 est
269 464 198 43 intellectum
427 464 79 43 ex
466 464 92 43 eo.
519 464 145 43 necesse
625 464 92 43 est
678 464 106 43 enim
744 464 145 43 alterum
849 464 145 43 duorum,
955 464 92 43 aut
1007 464 79 43 vt
1047 464 119 43 aliae
1126 464 106 43 res,
1179 464 79 43 quae

219 504 112 43 sunt
289 504 126 43 extra
373 504 154 43 animam,
485 504 154 43 habeant
597 504 224 43 intellectum,
780 504 84 43 si
822 504 210 43 intellectus
990 504 98 43 est
1046 504 210 43 intellectum
1200 504 56 43 ex

222 542 84 45 eo
264 542 154 45 omnibus
376 542 140 45 modis,
474 542 70 45 &
503 542 98 45 non
559 542 98 45 est
615 542 126 45 alius
699 542 126 45 modus
783 542 84 45 de
825 542 210 45 intelligere
993 542 112 45 res,
1064 542 98 45 sed
1106 542 154 45 intellige

216 583 80 44 re
256 583 94 44 est
309 583 107 44 idem
376 583 80 44 in
416 583 147 44 omnibus
523 583 134 44 rebus:
617 583 94 44 aut
671 583 80 44 vt
711 583 94 44 non
764 583 94 44 sit
818 583 201 44 intellectum
979 583 94 44 per
1032 583 94 44 se,
1086 583 94 44 sed
1139 583 94 44 per
1179 583 94 44 inten

224 619 134 49 tionem
317 619 80 49 in
357 619 94 49 eo,
411 619 107 49 quae
478 619 120 49 fecit
558 619 120 49 ipsum
638 619 254 49 intelligibilem:
852 619 120 49 sicut
932 619 94 49 est
985 619 187 49 dispositio
1132 619 80 49 in
1159 619 107 49 rebus,

226 660 111 49 quae
296 660 111 49 sunt
365 660 125 49 extra
448 660 153 49 animam.
559 660 69 49 &
587 660 153 49 tacuit,
698 660 83 49 vt
740 660 167 49 videtur,
865 660 139 49 illud,
962 660 111 49 quod
1031 660 208 49 consequitur
1184 660 83 49 hanc

212 700 209 51 positionem:
379 700 70 51 &
407 700 97 51 est
463 700 111 51 quod
532 700 209 51 intellectus
699 700 84 51 in
741 700 84 51 se
783 700 97 51 est
838 700 97 51 non
894 700 223 51 intelligens.
1075 700 84 51 Et
1103 700 153 51 abbreuia-

221 740 89 39 tio
272 740 203 39 dubitationis
437 740 89 39 est
488 740 127 39 talis,
577 740 76 39 vt
615 740 152 39 videtur,
729 740 89 39 aut
780 740 102 39 enim
844 740 102 39 erit
907 740 191 39 intellectum
1060 740 114 39 sicut
1136 740 114 39 aliae
1199 740 64 39 res

217 776 181 42 abstractae
359 776 207 42 intellectae:
527 776 65 42 &
553 776 90 42 sic
605 776 103 42 res,
669 776 103 42 quae
734 776 103 42 sunt
799 776 116 42 extra
876 776 142 42 animam,
980 776 116 42 erunt
1057 776 233 42 intelligentes:

219 815 92 44 aut
271 815 105 44 erit
337 815 211 44 intellectum,
508 815 118 44 sicut
587 815 118 44 aliae
666 815 105 44 res,
732 815 105 44 quae
798 815 105 44 sunt
864 815 118 44 extra
943 815 145 44 animam:
1048 815 66 44 &
1075 815 92 44 sic
1127 815 105 44 erit
1193 815 79 44 in
1219 815 53 44 se

218 856 103 59 non
277 856 235 59 intelligens,
468 856 132 59 neque
541 856 235 59 comprehendens.

263 908 115 47 Aut
328 908 132 47 pati
411 908 165 47 quidem
526 908 198 47 secundum
674 908 181 47 commune
806 908 181 47 aliquid
938 908 181 47 diuisum
1069 908 115 47 est
1135 908 165 47 prius:

217 955 178 48 quoniam
346 955 194 48 potentia
491 955 226 48 quodammodo
669 955 113 48 est
733 955 291 48 intelligibilia
975 955 258 48 intellectus:
1185 955 113 48 sed

219 997 122 49 actu
295 997 152 49 nihil,
401 997 122 49 ante
477 997 122 49 quam
553 997 228 49 intelligat.
735 997 167 49 oportet
857 997 137 49 autem
948 997 122 49 sic,
1024 997 137 49 sicut
1115 997 91 49 in
1145 997 122 49 tabula

216 1039 142 45 nihil
311 1039 110 45 est
374 1039 126 45 actu
452 1039 204 45 scriptum:
609 1039 126 45 quod
688 1039 157 45 quidem
798 1039 173 45 accidit
924 1039 94 45 in
956 1039 204 45 intellectu.

242 1097 99 66 An
292 1097 149 66 ipsum
391 1097 166 66 quidem
507 1097 132 66 pati
590 1097 182 66 communi
723 1097 166 66 quadam
839 1097 182 66 notione
971 1097 199 66 superius
1103 1097 166 66 explica,

219 1137 103 58 tum
278 1137 118 58 est,
352 1137 118 58 quod
426 1137 221 58 intellectus
603 1137 177 58 potentia
735 1137 206 58 quodammodo
897 1137 103 58 est
956 1137 280 58 intelligibilia,
1178 1137 88 58 actu

217 1195 117 49 uero
291 1195 162 49 nullum,
408 1195 176 49 antequam
540 1195 220 49 intelligat.
717 1195 162 49 oportet
834 1195 132 49 autem
922 1195 147 49 ueluti
1025 1195 88 49 in
1069 1195 147 49 codice
1157 1195 103 49 nihil

218 1244 110 63 esse
287 1244 110 63 actu
356 1244 206 63 descriptum:
521 1244 110 63 quae
590 1244 96 63 res
645 1244 151 63 accidit
755 1244 83 63 in
782 1244 179 63 intellectu.

263 1306 166 57 Dicamus
384 1306 151 57 igitur
489 1306 121 57 quod
565 1306 166 57 passio,
685 1306 181 57 secundum
821 1306 121 57 quod
897 1306 136 57 prius
987 1306 196 57 vtebatur,
1138 1306 106 57 est
1184 1306 75 57 vni

220 1354 205 41 uersalis:
378 1354 79 41 &
409 1354 126 41 quod
488 1354 237 41 intellectus
678 1354 110 41 est
741 1354 95 41 in
788 1354 189 41 potentia
930 1354 158 41 quoquo
1040 1354 126 41 modo
1103 1354 158 41 intelle-

220 1396 115 39 cta,
292 1396 216 39 perfectione
464 1396 129 39 autem
550 1396 101 39 non
608 1396 115 39 est,
680 1396 173 39 quousque
809 1396 216 39 intelligat.
982 1396 86 39 Et
1025 1396 115 39 quod
1097 1396 158 39 accidit
1197 1396 58 39 in

223 1435 203 49 intellectu,
386 1435 122 49 debet
467 1435 149 49 currere
575 1435 108 49 tali
642 1435 122 49 cursu
723 1435 162 49 scilicet
845 1435 122 49 sicut
926 1435 135 49 tabula
1021 1435 95 49 est
1075 1435 135 49 aptata
1156 1435 108 49 pictu-

221 1480 121 50 rae,
297 1480 106 50 non
357 1480 136 50 picta
448 1480 91 50 in
494 1480 121 50 actu
570 1480 167 50 omnino.

260 1532 97 47 Cum
316 1532 125 47 dedit
399 1532 97 47 has
454 1532 111 47 duas
524 1532 208 47 quaestiones
690 1532 83 47 de
732 1532 194 47 intellectu
885 1532 194 47 materiali,
1037 1532 167 47 incoepit
1148 1532 125 47 dissol-

220 1574 119 45 uere
294 1574 119 45 eas,
369 1574 74 45 &
398 1574 134 45 primo
488 1574 149 45 primam
592 1574 163 45 dicens,
710 1574 163 45 quomodo
829 1574 238 45 intelligimus
1022 1574 119 45 quod
1082 1574 193 45 intellectus

223 1616 203 43 materialis
382 1616 101 43 est
440 1616 159 43 aliquid
556 1616 174 43 simplex,
686 1616 72 43 &
715 1616 101 43 non
773 1616 145 43 mixtum
875 1616 101 43 cum
933 1616 159 43 aliquo,
1049 1616 174 43 opinando
1179 1616 116 43 quod

218 1653 209 39 intelligere
385 1653 98 39 est
441 1653 139 39 aliqua
539 1653 153 39 passio:
650 1653 70 39 &
678 1653 98 39 iam
734 1653 195 39 declaratum
887 1653 98 39 est
943 1653 84 39 in
985 1653 237 39 vniuersalibus
1166 1653 98 39 sermo

218 1697 130 35 nibus
304 1697 116 35 quod
377 1697 101 35 ea,
434 1697 116 35 quae
507 1697 145 35 agunt,
608 1697 72 35 &
637 1697 202 35 patiuntur,
796 1697 217 35 communicant
969 1697 87 35 in
1012 1697 188 35 subiecto.
1157 1697 87 35 Et
1186 1697 72 35 di-

223 1738 106 34 xit.
289 1738 146 34 Dicamus
396 1738 133 34 igitur
489 1738 106 34 quod
555 1738 146 34 passio,
662 1738 93 34 &c.
715 1738 120 34 idest
795 1738 106 34 ista
862 1738 160 34 quaestio
981 1738 200 34 dissoluetur
1141 1738 80 34 in
1168 1738 93 34 scien

215 1778 87 44 do
259 1778 116 44 quod
332 1778 160 44 passio,
448 1778 102 44 qua
506 1778 131 44 prius
593 1778 174 44 vtebamur
724 1778 87 44 in
767 1778 218 44 quaestione,
942 1778 102 44 est
1000 1778 131 44 magis
1072 1778 189 44 vniuersalis

220 1818 125 34 quam
299 1818 173 34 aliquod
424 1818 157 34 dictum
534 1818 94 34 in
581 1818 141 34 rebus
675 1818 235 34 naturalibus
863 1818 125 34 quod
942 1818 110 34 sit
1004 1818 204 34 passiuum.
1146 1818 125 34 Deinde

223 1847 164 47 exposuit
346 1847 109 47 quid
414 1847 191 47 significat
564 1847 95 47 hoc
619 1847 123 47 nomen
701 1847 136 47 passio
796 1847 82 47 in
837 1847 205 47 intellectu,
1001 1847 68 47 &
1028 1847 123 47 dixit
1110 1847 123 47 quod,
1192 1847 95 47 in
