1416 2066
191 171 248 56 comprehendit
392 171 139 56 duice
484 171 186 56 secundum
624 171 124 56 hanc
701 171 232 56 positionem,
887 171 139 56 aliud
980 171 108 56 est
1041 171 93 56 ab
1088 171 108 56 eo,
1150 171 124 56 quod
1212 171 46 56 f

195 216 239 43 comprehendit
389 216 164 43 colorem
509 216 164 43 omnino.
628 216 134 43 illud
718 216 120 43 enim
793 216 105 43 est
853 216 90 43 in
897 216 149 43 oculo,
1002 216 75 43 &
1032 216 105 43 hoc
1092 216 90 43 in
1121 216 120 43 carne,

202 256 95 38 aut
257 256 109 38 sibi
325 256 150 38 simili.
434 256 95 38 sed
488 256 109 38 caro
556 256 82 38 in
597 256 122 38 tactu
678 256 95 38 non
733 256 95 38 est
787 256 122 38 sicut
869 256 136 38 oculus
964 256 82 38 in
1005 256 122 38 visu.
1086 256 136 38 Deinde
1168 256 68 38 de-

208 291 167 46 clarauit
334 291 98 46 hoc
389 291 209 46 impossibile
557 291 126 46 esse,
640 291 70 46 &
668 291 126 46 dixit
752 291 98 46 sed
808 291 153 46 necesse
919 291 98 46 est
975 291 84 46 vt
1017 291 112 46 ambo
1087 291 112 46 sint
1142 291 98 46 eiufa

204 333 109 41 dem,
272 333 95 41 &c.
327 333 122 41 idest
408 333 95 41 sed
462 333 149 41 necesse
571 333 95 41 est
625 333 81 41 vt
666 333 109 41 sint
734 333 204 41 comprehensa
897 333 81 41 ab
937 333 136 41 eodem,
1032 333 68 41 &
1060 333 95 41 per
1114 333 95 41 duo
1168 333 95 41 in¬

198 367 189 51 strumenta.
346 367 81 51 &,
386 367 108 51 nisi
454 367 94 51 hoc
508 367 135 51 esset,
602 367 189 51 manifestum
751 367 94 51 est
805 367 108 51 quod
872 367 94 51 non
926 367 148 51 poterit
1034 367 162 51 iudicare
1156 367 94 51 hoc
1196 367 54 51 et

199 412 81 39 se
240 412 122 39 aliud
322 412 81 39 ab
362 412 109 39 hoc.
430 412 81 39 Si
471 412 109 39 enim
539 412 122 39 esset
620 412 176 39 possibile
756 412 163 39 iudicare
878 412 109 39 haec
946 412 95 39 duo
1000 412 109 39 esse
1068 412 149 39 diuersa
1176 412 95 39 per

206 451 114 42 duas
277 451 171 42 virtutes
405 451 185 42 diuersas,
548 451 143 42 quarum
648 451 157 42 vtraque
762 451 228 42 singulariter
947 451 228 42 comprehendit
1118 451 128 42 alterum

200 492 135 39 duorum
294 492 162 39 illorum,
416 492 108 39 tunc
483 492 149 39 necesse
591 492 135 39 esset,
686 492 135 39 quando
780 492 95 39 ego
834 492 162 39 sentirem
956 492 95 39 hoc
1010 492 108 39 esse
1077 492 135 39 dulce,
1172 492 68 39 &
1185 492 54 39 tu

195 531 128 39 illud
280 531 114 39 esse
351 531 142 39 album,
451 531 71 39 &
480 531 100 39 ego
537 531 100 39 non
594 531 128 39 sensi
679 531 114 39 quod
750 531 85 39 tu
793 531 185 39 sensisti,
936 531 128 39 neque
1021 531 85 39 tu
1064 531 114 39 quod
1135 531 114 39 ego,
1192 531 57 39 vt

204 573 102 39 ego
263 573 263 39 comprehenderem
482 573 117 39 meum
555 573 190 39 sensibile
701 573 132 39 aliud
789 573 73 39 a
818 573 117 39 tuo,
891 573 132 39 licet
979 573 102 39 non
1037 573 161 39 sentiam
1140 573 102 39 tuum,

199 607 76 43 &
229 607 91 43 vt
275 607 91 43 tu
320 607 273 43 comprehenderes
547 607 121 43 tuum
623 607 136 43 aliud
714 607 76 43 a
744 607 121 43 meo.
820 607 76 43 &
850 607 106 43 hoc
911 607 106 43 est
971 607 197 43 manifeste
1108 607 136 43 impossi

197 647 122 44 bile.
279 647 136 44 Deinde
374 647 136 44 dicit,
470 647 95 44 sed
524 647 150 44 necesse
633 647 109 44 est.
701 647 82 44 vt
742 647 109 44 vnus
810 647 122 44 dicat
891 647 95 44 hoc
946 647 109 44 esse
1014 647 122 44 aliud
1095 647 82 44 ab
1136 647 109 44 hoc,
1204 647 68 44 &

202 686 118 45 quod
276 686 133 45 dulce
365 686 103 45 est
424 686 133 45 aliud
512 686 89 45 ab
557 686 133 45 albo,
645 686 103 45 &c.
704 686 133 45 idest
793 686 103 45 sed
852 686 222 45 quemadmodum
1029 686 162 45 necesse
1148 686 103 45 est
1192 686 59 45 xt

203 732 108 43 idem
271 732 108 43 homo
339 732 122 43 dicat
420 732 95 43 hoc
474 732 108 43 esse
542 732 122 43 aliud
623 732 81 43 ab
663 732 108 43 hoc,
731 732 95 43 sic
785 732 149 43 necesse
893 732 95 43 est
947 732 81 43 vt
988 732 149 43 virtus,
1096 732 108 43 quae
1150 732 95 43 iudi-

206 765 94 38 cat
259 765 121 38 dulce
340 765 107 38 esse
407 765 121 38 aliud
488 765 81 38 ab
528 765 121 38 albo,
609 765 94 38 sit
662 765 121 38 eadem
743 765 148 38 virtus.
850 765 94 38 ita
904 765 107 38 enim
971 765 94 38 est
1025 765 81 38 in
1065 765 94 38 hoc
1119 765 81 38 de
1146 765 94 38 indi-

202 804 159 39 uiduis,
317 804 130 39 sicut
404 804 87 39 de
448 804 159 39 membris
563 804 159 39 sensus,
679 804 101 39 cum
737 804 116 39 sint
810 804 130 39 etiam
897 804 130 39 plura
983 804 87 39 in
1027 804 159 39 numero.
1143 804 87 39 Et
1172 804 72 39 hoc

195 845 212 43 intendebat,
365 845 99 43 cum
421 845 142 43 dicit.
521 845 198 43 quapropter
676 845 156 43 necesse
790 845 113 43 est,
861 845 127 43 sicut
946 845 170 43 dicimus,
1073 845 99 43 sic
1116 845 127 43 agamus,

208 882 66 40 &
234 882 186 40 sentiamus.
380 882 120 40 idest
460 882 186 40 quapropter
606 882 146 40 necesse
713 882 93 40 est
766 882 93 40 vt,
819 882 120 40 sicut
899 882 120 40 ille,
978 882 93 40 qui
1031 882 120 40 dicit
1111 882 106 40 hoc,
1164 882 80 40 esse

204 921 117 42 aliud
282 921 78 42 ab
321 921 104 42 hoc,
386 921 91 42 est
438 921 104 42 idem
503 921 117 42 homo,
581 921 91 42 sic
633 921 130 42 illud,
724 921 104 42 quod
789 921 130 42 sentit
880 921 65 42 &
906 921 182 42 intelligit
1049 921 91 42 hoc
1101 921 104 42 esse
1153 921 91 42 aliud

201 962 85 49 ab
243 962 113 49 hoc,
314 962 99 49 sit
370 962 127 49 eadem
455 962 155 49 virtus.
567 962 141 49 Deinde
666 962 85 49 d.
708 962 155 49 Quoniam
821 962 127 49 autem
906 962 211 49 impossibile
1075 962 113 49 est,
1145 962 99 49 &c.
1188 962 56 49 id

199 1004 113 39 est,
269 1004 198 39 manifestum
425 1004 99 39 est
481 1004 141 39 igitur
580 1004 85 39 ex
622 1004 99 39 hoc
679 1004 155 39 sermone
791 1004 113 39 quod
862 1004 99 39 non
918 1004 183 39 iudicamus
1060 1004 155 39 diuersa
1158 1004 85 39 esse

195 1039 190 52 sensibilia
345 1039 95 52 per
399 1039 163 52 diuersas
522 1039 177 52 virtutes.
658 1039 109 52 Qnam
726 1039 122 52 autem
808 1039 109 52 ista
876 1039 218 52 comprehensio
1053 1039 95 52 cum
1107 1039 109 52 hoc,
1161 1039 82 52 quod

206 1079 95 45 est
260 1079 122 45 vnius
341 1079 176 45 virtutis,
476 1079 122 45 debet
557 1079 108 45 esse
624 1079 122 45 etiam
705 1079 81 45 in
746 1079 122 45 eodem
827 1079 176 45 instanti,
962 1079 189 45 manifestum
1110 1079 108 45 est.
1164 1079 81 45 quo-

192 1115 140 56 niam,
286 1115 233 56 quemadmodum
472 1115 124 56 vnus
549 1115 124 56 homo
627 1115 140 56 dicit
720 1115 140 56 bonum
813 1115 124 56 esse
891 1115 140 56 aliud
984 1115 78 56 a
1015 1115 140 56 malo,
1108 1115 124 56 sic,
1170 1115 78 56 cum

197 1158 150 51 dixerit
307 1158 82 51 in
347 1158 136 51 alteto
443 1158 136 51 duorum
538 1158 109 51 esse
607 1158 123 51 aliud
689 1158 82 51 in
730 1158 136 51 aliquo
825 1158 177 51 instanti,
961 1158 191 51 manifestum
1112 1158 96 51 est
1166 1158 109 51 quod

198 1200 81 43 in
238 1200 175 43 instanti,
372 1200 81 43 in
413 1200 94 43 quo
467 1200 148 43 dicimus
574 1200 108 43 quod
642 1200 148 43 alterum
749 1200 121 43 eorum
830 1200 94 43 est
884 1200 135 43 aliud,
978 1200 81 43 in
1018 1200 108 43 illo
1086 1200 121 43 eodem
1153 1200 94 43 dicit

204 1239 80 44 in
244 1239 134 44 altero
337 1239 107 44 esse
404 1239 134 44 aliud,
497 1239 93 44 cum
551 1239 147 44 alietas
658 1239 93 44 sit
711 1239 134 44 aliqua
804 1239 160 44 relatio,
925 1239 67 44 &
951 1239 160 44 relatiua
1071 1239 147 44 insimul
1165 1239 80 44 exi-

204 1275 128 42 stunt
289 1275 85 42 in
332 1275 128 42 actu.
417 1275 142 42 Deinde
516 1275 85 42 d.
559 1275 71 42 &
587 1275 99 42 non
644 1275 270 42 accidentaliter,
871 1275 99 42 &c.
928 1275 128 42 idest
1013 1275 71 42 &
1041 1275 99 42 non
1084 1275 156 42 intelligo

210 1317 96 53 per
265 1317 151 53 instans
375 1317 96 53 hoc
430 1317 165 53 instans,
554 1317 110 53 quod
622 1317 151 53 dicitur
732 1317 247 53 accidentaliter
938 1317 82 53 in
979 1317 96 53 eo,
1034 1317 110 53 quod
1103 1317 124 53 illud
1171 1317 69 53 est

210 1354 225 41 indiuisibile:
395 1354 119 41 sicut
475 1354 159 41 instans,
594 1354 80 41 in
634 1354 106 41 quoo
700 1354 146 41 dicimus
806 1354 146 41 ratione
913 1354 80 41 us
952 1354 186 41 intrinseca
1098 1354 106 41 esse
1151 1354 93 41 aliud

202 1397 176 39 instans,
334 1397 103 39 cum
393 1397 146 39 fuerit
495 1397 234 39 comprehensum
686 1397 161 39 ratione
803 1397 205 39 intrinseca
964 1397 117 39 esse
1037 1397 132 39 aliud
1110 1397 132 39 instans

200 1436 122 39 enim,
282 1436 81 39 in
322 1436 95 39 quo
376 1436 149 39 dicitur
484 1436 122 39 ipsum
565 1436 108 39 esse
633 1436 135 39 aliud,
728 1436 95 39 est
782 1436 122 39 aliud
863 1436 81 39 ab
903 1436 176 39 instanti,
1038 1436 81 39 in
1079 1436 95 39 quo
1119 1436 122 39 compre-

207 1474 171 41 henditur
335 1474 128 41 ipsum
420 1474 114 41 esse
491 1474 142 41 aliud.
591 1474 85 41 Et
633 1474 100 41 hoc
690 1474 213 41 intendebat,
861 1474 100 41 cum
918 1474 128 41 dixit
1003 1474 100 41 non
1060 1474 114 41 quia
1117 1474 128 41 instans

204 1517 92 47 est
256 1517 131 47 aliud.
348 1517 118 47 idest
427 1517 92 47 non
480 1517 105 47 quia
545 1517 158 47 instans,
663 1517 79 47 de
703 1517 92 47 quo
755 1517 105 47 dixi
821 1517 105 47 esse
887 1517 131 47 aliud,
978 1517 92 47 est
1031 1517 158 47 instans,
1149 1517 79 47 in
1175 1517 66 47 quo

201 1556 264 41 comprehenditur
421 1556 132 41 ipsum
509 1556 117 41 esse
582 1556 146 41 aliud,
685 1556 103 41 sed
743 1556 161 41 diximus
860 1556 103 41 hoc
919 1556 161 41 instans
1036 1556 103 41 est
1095 1556 146 41 aliud,
1197 1556 73 41 &

200 1602 114 42 quod
271 1602 114 42 nunc
342 1602 100 42 est
399 1602 143 42 aliud:
499 1602 71 42 &
528 1602 128 42 illud
613 1602 157 42 instans
727 1602 100 42 est
784 1602 128 42 aliud
870 1602 86 42 ab
912 1602 171 42 instanti
1026 1602 214 42 comprehensios

198 1637 104 39 nis.
263 1637 104 39 D.d.
328 1637 65 39 a
354 1637 91 39 quo
407 1637 130 39 igitur
498 1637 117 39 erit.
576 1637 78 39 i.
615 1637 65 39 a
641 1637 91 39 quo
693 1637 130 39 igitur
785 1637 104 39 erit
850 1637 91 39 hoc
902 1637 169 39 iudiciums
1032 1637 104 39 dico
1098 1637 104 39 erit
1163 1637 65 39 a
1176 1637 65 39 vir

202 1670 111 45 tute
272 1670 223 45 indiuisibili
453 1670 70 45 &
481 1670 111 45 vna,
550 1670 70 45 &
578 1670 84 45 in
620 1670 153 45 tempore
731 1670 223 45 indiuisibili
912 1670 70 45 &
926 1670 84 45 vno.

240 1740 99 40 At
289 1740 132 40 uero
371 1740 247 40 impossibile
569 1740 115 40 est
635 1740 148 40 simul
734 1740 198 40 secundum
882 1740 231 40 contrarios
1063 1740 148 40 motus
1162 1740 115 40 mo¬

199 1787 123 40 ueri
276 1787 139 40 idem,
368 1787 93 40 ut
415 1787 247 40 indiuisibile
615 1787 77 40 &
646 1787 93 40 in
692 1787 247 40 indiuisibili
893 1787 185 40 tempore:
1032 1787 93 40 si
1078 1787 123 40 enim
1140 1787 108 40 dulce

196 1821 113 47 sic
260 1821 145 47 mouet
357 1821 161 47 sensum
470 1821 113 47 aut
535 1821 258 47 intellectum:
745 1821 161 47 amarum
858 1821 145 47 autem
954 1821 242 47 contrariem,
1148 1821 81 47 &
1164 1821 81 47 al-

193 1865 118 42 bum
261 1865 186 42 aliter:
396 1865 135 42 ergo
480 1865 254 42 simulquidem
683 1865 85 42 &
717 1865 169 42 numero
835 1865 270 42 indiuisibile
1055 1865 85 42 &
1072 1865 169 42 separabi
