1416 2066
143 1436 122 47 Cum
212 1436 243 47 declarauit
403 1436 139 47 quod
490 1436 243 47 Democritus
681 1436 243 47 opinabatur
872 1436 174 47 animam
994 1436 174 47 mouere
1098 1436 104 47 cor-

164 1470 93 55 pus
217 1470 186 55 localiter,
363 1470 106 55 ipsa
429 1470 186 55 translata,
575 1470 66 55 &
602 1470 119 55 dedit
681 1470 199 55 impossibile
841 1470 186 55 consequens
987 1470 106 55 eius
1040 1470 159 55 opinionem,

164 1516 167 38 incoepit
290 1516 126 38 etiam
373 1516 181 38 declarare
513 1516 112 38 quod
582 1516 139 38 illud,
680 1516 112 38 quod
750 1516 139 38 dictum
847 1516 98 38 est
903 1516 84 38 in
945 1516 153 38 Timaeo,
1057 1516 98 38 est
1098 1516 98 38 simi-

162 1547 81 44 le
202 1547 161 44 opinioni
323 1547 188 44 Democriti,
471 1547 67 44 &
498 1547 81 44 d.
538 1547 81 44 Et
578 1547 175 44 similiter
713 1547 134 44 etiam,
807 1547 94 44 &c.
861 1547 81 44 i.
901 1547 67 44 &
928 1547 175 44 similiter
1062 1547 134 44 dictum
1143 1547 67 44 est

161 1588 80 39 in
201 1588 133 39 Timaeo
294 1588 160 39 scilicet
414 1588 106 39 quod
480 1588 120 39 anima
560 1588 120 39 mouet
640 1588 133 39 corpus
733 1588 186 39 localiter:
880 1588 106 39 immo
946 1588 120 39 etiam
1026 1588 120 39 anima
1093 1588 106 39 trans-

165 1628 155 47 fertur,
278 1628 113 47 quia
348 1628 197 47 admiscetur
503 1628 99 47 cum
559 1628 99 47 eo:
616 1628 84 47 &,
658 1628 99 47 cum
714 1628 113 47 ipsa
785 1628 225 47 transfertur,
968 1628 211 47 transfertur
1123 1628 84 47 cor-

158 1675 121 45 pus.
234 1675 106 45 Et,
294 1675 106 45 cum
355 1675 212 45 declarauit
522 1675 258 45 similitudinem
734 1675 136 45 inter
825 1675 121 45 hanc
901 1675 212 45 opinionem,
1068 1675 76 45 &
1083 1675 121 45 opinio

165 1708 98 47 nem
221 1708 126 47 Demo.
305 1708 169 47 incoepit
432 1708 126 47 etiam
516 1708 141 47 dicere
615 1708 141 47 illud,
713 1708 112 47 quod
783 1708 98 47 est
840 1708 169 47 proprium
966 1708 112 47 huic
1036 1708 183 47 opinioni,
1163 1708 42 47 &

159 1744 211 41 contradicit
328 1744 85 41 ei
370 1744 169 41 proprie,
497 1744 70 41 &
525 1744 85 41 d.
568 1744 211 41 Constitutio
737 1744 113 41 enim
807 1744 155 41 animae,
920 1744 99 41 &c.
976 1744 85 41 i.
1019 1744 70 41 &
1047 1744 99 41 hoc
1089 1744 113 41 dictum

163 1783 111 44 fuit
233 1783 83 44 in
274 1783 139 44 Timaeo
372 1783 111 44 quod
441 1783 209 44 constitutio
608 1783 139 44 animae
705 1783 97 44 est
761 1783 83 44 ex
803 1783 181 44 elementis
942 1783 139 44 istius
1039 1783 139 44 mundi:
1136 1783 97 44 sed

159 1827 106 40 est
219 1827 242 40 intelligens,
416 1827 121 40 quia
492 1827 212 40 componitur
658 1827 91 40 ex
704 1827 197 40 elementis
855 1827 151 40 musica
961 1827 257 40 compositione,
1158 1827 45 40 &

157 1860 223 55 sphaerica:
332 1860 80 55 &
364 1860 255 55 comprehendit
571 1860 223 55 harmoniam,
746 1860 127 55 quia
826 1860 223 55 componitur
985 1860 223 55 compositione
