1416 2066
184 164 142 61 tiqui
279 164 189 61 dicebant
421 164 126 61 quod
500 164 237 61 intelligere
689 164 126 61 idem
768 164 111 61 est
832 164 111 61 cum
895 164 189 61 sentire,
1037 164 95 61 ut
1084 164 142 61 Empe.
1163 164 79 61 cum

199 217 144 42 dixit.
299 217 101 42 Cum
357 217 187 42 consilium
501 217 86 42 in
544 217 187 42 hominibus
688 217 158 42 recipit
803 217 173 42 secundum
932 217 187 42 praesens.
1076 217 72 42 &
1105 217 130 42 dixit
1191 217 86 42 in

189 260 131 46 alio
270 260 147 46 loco.
368 260 180 46 Propter
499 260 114 46 hoc
565 260 262 46 transmutatur
777 260 245 46 intellectus
973 260 98 46 in
1022 260 98 46 eo
1071 260 180 46 semper.
1186 260 65 46 Et

197 300 92 54 hoc
250 300 106 54 idem
316 300 185 54 intendebat
461 300 119 54 Home.
540 300 92 54 cum
593 300 119 54 dixit
672 300 106 54 quod
738 300 92 54 ita
790 300 92 54 est
843 300 79 54 de
883 300 198 54 intellectu,
1041 300 158 54 scilicet
1160 300 106 54 quod

196 340 216 48 intelligere
368 340 187 48 corporale
512 340 101 48 est
569 340 129 48 sicut
641 340 144 48 sentire.

231 382 119 45 Quia
305 382 163 45 antiqui
424 382 207 45 conueniunt
587 382 89 45 in
631 382 207 45 definiendo
794 382 148 45 animam
898 382 104 45 per
957 382 104 45 has
1017 382 119 45 duas
1076 382 163 45 differen-

202 420 107 40 tias
269 420 161 40 proprie,
390 420 161 40 scilicet
511 420 94 40 per
564 420 121 40 motum
645 420 161 40 localem,
766 420 67 40 &
793 420 94 40 per
846 420 215 40 cognitionem,
1021 420 67 40 &
1034 420 202 40 comprehensio-

201 467 105 45 nem,
266 467 105 45 quae
332 467 144 45 videtur
436 467 105 45 esse
502 467 196 45 intelligere
659 467 65 45 &
685 467 157 45 sentire.
802 467 105 45 D.d.
868 467 196 45 existimando
1025 467 105 45 quod
1077 467 157 45 intellige-

201 507 91 40 re,
253 507 91 40 &c.
305 507 117 40 idest
382 507 65 40 &
408 507 207 40 existimabant
577 507 104 40 quod
641 507 194 40 intelligere
797 507 91 40 est
849 507 117 40 genus
926 507 142 40 sensus,
1030 507 91 40 qui
1082 507 91 40 est
1133 507 91 40 aut
1172 507 65 40 cor

196 539 105 51 pus,
261 539 91 51 aut
314 539 196 51 corporalis.
470 539 131 51 anima.
562 539 91 51 eni
614 539 78 51 in
653 539 91 51 his
705 539 131 51 duobus
797 539 144 51 iudicat
901 539 105 51 res,
967 539 65 51 &
993 539 170 51 cognoscit
1123 539 105 51 eas.
1176 539 65 51 Et,

199 588 107 38 quia
265 588 147 38 Antiqui
372 588 160 38 dicebant
492 588 107 38 quod
558 588 200 38 intelligere
718 588 67 38 &
745 588 147 38 sentire
852 588 107 38 sunt
918 588 147 38 eiusdem
1025 588 173 38 virtutis,
1145 588 93 38 opor-

199 615 91 52 tet
251 615 91 52 nos
303 615 194 52 perscrutari
458 615 78 52 de
497 615 104 52 hoc,
562 615 104 52 D.d.
627 615 78 52 vt
666 615 117 52 Empe.
743 615 91 52 &c.
795 615 78 52 i.
834 615 78 52 vt
873 615 117 52 dixit
951 615 117 52 Empe.
1029 615 104 52 quod
1080 615 143 52 intellect

199 654 84 46 in
241 654 181 46 hominibus
380 654 153 46 iudicat
492 654 98 46 rem
548 654 195 46 praesentem
701 654 209 46 sensibilem.
868 654 70 46 &
896 654 84 46 in
938 654 112 46 alio
1008 654 112 46 loco
1078 654 126 46 dixit
1147 654 84 46 quod

198 691 144 49 sensus
298 691 101 49 est
356 691 115 49 idem
427 691 101 49 cum
485 691 215 49 intellectu,
657 691 72 49 &
686 691 158 49 propter
801 691 101 49 hoc
858 691 215 49 intellectus
1031 691 144 49 semper
1117 691 115 49 trans-

198 739 164 40 inutatur
321 739 82 40 in
362 739 109 40 eis,
430 739 123 40 sicut
512 739 218 40 transmutatur
690 739 150 40 sensus.
799 739 82 40 Et
840 739 164 40 intendit
963 739 96 40 per
1004 739 232 40 transmutationem

198 774 153 44 errorem
309 774 97 44 qui
365 774 153 44 accidit
475 774 153 44 vtrique
586 774 166 44 virtuti,
711 774 97 44 aut
767 774 208 44 obliuionem,
933 774 69 44 &
961 774 111 44 alia
1030 774 208 44 accidentia,
1183 774 55 44 in

194 819 159 40 quibus
305 819 239 40 existimatur
496 819 159 40 habere
608 819 318 40 communicationem.
878 819 80 40 &
910 819 111 40 hoc
974 819 223 40 intendebat
1133 819 111 40 Homen

194 856 102 36 rus,
258 856 89 36 cum
309 856 115 36 dixit
385 856 102 36 quod
449 856 127 36 sensus
538 856 140 36 similis
640 856 89 36 est
679 856 178 36 intellectui.

244 893 145 46 Omnes
341 893 129 46 enim
421 893 97 46 hi
470 893 242 46 intelligere
663 893 210 46 corporeum
825 893 226 46 opinantur,
1002 893 145 46 sicut
1083 893 161 46 sentire:

196 932 77 46 &
226 932 169 46 sentire
349 932 77 46 &
380 932 154 46 sapere
488 932 154 46 simile
595 932 169 46 simili:
718 932 138 46 sicut
811 932 184 46 secundum
949 932 200 46 principia
1087 932 154 46 rationi-

189 976 119 43 bus
257 976 323 43 determinauimus.
529 976 85 43 &
563 976 153 43 tamen
665 976 204 43 oportuit
819 976 238 43 simulipsos
1006 976 102 43 de
1040 976 204 43 deceptione

191 1019 192 40 dicere.
330 1019 157 40 magis
435 1019 209 40 proprium
592 1019 140 40 enim
679 1019 122 40 est
749 1019 262 40 animalibus,
959 1019 87 40 &
994 1019 209 40 plurimum
1133 1019 105 40 tem-

200 1067 100 48 pus
257 1067 86 48 in
300 1067 100 48 hoc
357 1067 172 48 perficit
486 1067 143 48 anima.
586 1067 114 48 vnde
657 1067 157 48 necesse
771 1067 100 48 aut
829 1067 86 48 vt
871 1067 143 48 quidam
971 1067 143 48 dicunt
1072 1067 129 48 omnia
1157 1067 114 48 quae

194 1102 178 45 videntur
328 1102 119 45 esse
402 1102 148 45 uenra:
506 1102 104 45 aut
565 1102 208 45 dissimilis
728 1102 163 45 tactum,
847 1102 222 45 deceptionem
1025 1102 133 45 esse.
1114 1102 104 45 hoc
1158 1102 89 45 enim

191 1148 206 39 contrarium
353 1148 103 39 ei,
412 1148 118 39 quod
486 1148 147 39 simile
589 1148 147 39 simili
692 1148 221 39 cognoscere.
869 1148 162 39 videtur
987 1148 133 39 autem
1075 1148 74 39 &
1090 1148 147 39 deceptio

192 1185 84 50 &
226 1185 201 50 scientia
376 1185 267 50 contrariorum
593 1185 150 50 eadem
677 1185 117 50 esse.

242 1227 93 51 Hi
288 1227 154 51 nanque
396 1227 139 51 omnes
489 1227 232 51 intelligere
674 1227 232 51 quemadmodum
859 1227 139 51 etiam
952 1227 185 51 sentire,
1075 1227 170 51 corporeum

192 1281 122 58 esse
268 1281 198 58 autumant:
421 1281 92 58 ut
466 1281 153 58 initio
573 1281 137 58 harum
665 1281 259 58 disputationum
878 1281 229 58 exposuimus:
1061 1281 137 58 atqui
1153 1281 92 58 de
1183 1281 61 58 de

192 1332 170 48 ceptione
319 1332 127 48 etiam
404 1332 184 48 oportebat
546 1332 99 48 eos
603 1332 156 48 dicere:
716 1332 127 48 magis
801 1332 113 48 enim
872 1332 156 48 propria
985 1332 99 48 est
1042 1332 198 48 animalium,
1198 1332 71 48 &

193 1372 119 63 plus
268 1372 179 63 temporis
402 1372 90 63 in
447 1372 104 63 his
507 1372 179 63 versatur
641 1372 149 63 Anima.
745 1372 134 63 Quare
835 1372 164 63 necesse
954 1372 119 63 est,
1029 1372 104 63 uel
1089 1372 90 63 ut
1119 1372 119 63 quidam

199 1421 143 62 dicunt
299 1421 129 62 omnia
385 1421 114 62 esse
456 1421 114 62 uera
528 1421 114 62 quae
599 1421 200 62 appareant,
757 1421 100 62 uel
814 1421 100 62 rei
871 1421 200 62 dissimilis
1028 1421 186 62 tactionem
1157 1421 86 62 esse

194 1468 221 47 deceptionem.
374 1468 97 47 hoc
429 1468 111 47 enim
498 1468 193 47 contrarium
650 1468 97 47 est
705 1468 111 47 illi
774 1468 207 47 sententiae,
940 1468 138 47 simili
1037 1468 193 47 cognoscere
1175 1468 69 47 si-

194 1530 142 49 mile.
289 1530 174 49 uidetur
416 1530 142 49 autem
510 1530 79 49 &
542 1530 190 49 deceptio
684 1530 79 49 &
716 1530 190 49 scientia
858 1530 237 49 contrarioru
1048 1530 127 49 esse
1111 1530 127 49 eadem.

242 1564 135 47 Omnes
332 1564 150 47 igitur
437 1564 120 47 isti
511 1564 210 47 existimant
676 1564 120 47 quod
751 1564 225 47 intelligere
931 1564 105 47 est
991 1564 210 47 corporale,
1140 1564 105 47 sicut

197 1611 177 40 sentire.
330 1611 74 40 &
360 1611 162 40 sentire
478 1611 74 40 &
507 1611 221 40 intelligere
684 1611 118 40 sunt
758 1611 74 40 a
788 1611 148 40 simili
891 1611 89 40 ad
935 1611 162 40 simile,
1053 1611 89 40 vt
1097 1611 133 40 prius
1171 1611 74 40 de-

194 1651 284 46 terminauimus.
428 1651 184 46 Quamuis
562 1651 201 46 debebant
712 1651 167 46 dicere
829 1651 117 46 cum
896 1651 117 46 hoc
963 1651 100 46 in
1013 1651 167 46 errore
1113 1651 134 46 etiam.

198 1693 115 45 hoc
263 1693 131 45 enim
345 1693 148 45 magis
444 1693 197 45 proprium
591 1693 115 45 est
657 1693 246 45 animalibus,
854 1693 82 45 &
887 1693 131 45 mora
969 1693 164 45 animae
1084 1693 98 45 in
1133 1693 98 45 eo
1166 1693 82 45 est

199 1737 134 48 longo
288 1737 178 48 tempore.
422 1737 89 48 Et
467 1737 119 48 ideo
541 1737 163 48 necesse
660 1737 104 48 est
719 1737 89 48 vt
764 1737 119 48 sit,
838 1737 134 48 sicut
927 1737 149 48 quidam
1031 1737 163 48 dicunt,
1150 1737 119 48 quod

202 1787 154 40 omnia,
310 1787 124 40 quae
387 1787 201 40 transeunt
541 1787 108 40 per
603 1787 170 40 mentem,
727 1787 124 40 sunt
804 1787 139 40 vera,
896 1787 108 40 aut
958 1787 139 40 error
1051 1787 108 40 sit
1097 1787 139 40 tangere

200 1821 211 54 dissimile.
366 1821 106 54 hoc
426 1821 121 54 enim
502 1821 106 54 est
562 1821 227 54 contrarium.
744 1821 76 54 &
774 1821 151 54 simile
880 1821 227 54 cognoscitur
1061 1821 106 54 per
1121 1821 121 54 suum
1182 1821 60 54 si

195 1860 136 47 mile.
285 1860 75 47 &
316 1860 226 47 existimatur
496 1860 121 47 quod
572 1860 136 47 error
662 1860 90 47 in
707 1860 211 47 contrariis
873 1860 106 47 sit
918 1860 106 47 idem.
