<?xml version="1.0" encoding="UTF-8"?>
<alto xmlns:xsi="http://www.w3.org/2001/XMLSchema-instance"
      xmlns="http://www.loc.gov/standards/alto/ns-v2#"
      xmlns:page="http://schema.primaresearch.org/PAGE/gts/pagecontent/2013-07-15"
      xsi:schemaLocation="http://www.loc.gov/standards/alto/ns-v2# http://www.loc.gov/standards/alto/alto.xsd">
   <Description>
      <MeasurementUnit>pixel</MeasurementUnit>
      <OCRProcessing ID="IdOcr">
         <ocrProcessingStep>
            <processingDateTime>2021-01-11T18:01:39.741-05:00</processingDateTime>
            <processingSoftware>
               <softwareCreator>READ COOP</softwareCreator>
               <softwareName>Transkribus</softwareName>
            </processingSoftware>
         </ocrProcessingStep>
      </OCRProcessing>
   </Description>
   <Tags/>
   <Layout>
      <Page ID="Page1" PHYSICAL_IMG_NR="1" HEIGHT="2066" WIDTH="1416">
         <TopMargin HEIGHT="0" WIDTH="1416" VPOS="0" HPOS="0"/>
         <LeftMargin HEIGHT="2066" WIDTH="0" VPOS="0" HPOS="0"/>
         <RightMargin HEIGHT="2066" WIDTH="0" VPOS="0" HPOS="1416"/>
         <BottomMargin HEIGHT="0" WIDTH="1416" VPOS="2066" HPOS="0"/>
         <PrintSpace HEIGHT="2066" WIDTH="1416" VPOS="0" HPOS="0">
            <TextBlock ID="TextRegion_1610113100960_636"
                       HEIGHT="1821"
                       WIDTH="1042"
                       VPOS="133"
                       HPOS="167">
               <Shape>
                  <Polygon POINTS="167,133 1209,133 1209,1954 167,1954"/>
               </Shape>
               <TextLine ID="line_1610113101006_639"
                         BASELINE="228"
                         HEIGHT="58"
                         WIDTH="1049"
                         VPOS="170"
                         HPOS="160">
                  <String HEIGHT="58"
                          WIDTH="122"
                          VPOS="170"
                          HPOS="145"
                          CONTENT="uum."/>
                  <SP HEIGHT="58" WIDTH="15" VPOS="170" HPOS="266"/>
                  <String HEIGHT="58"
                          WIDTH="213"
                          VPOS="170"
                          HPOS="221"
                          CONTENT="nutritiuum"/>
                  <SP HEIGHT="58" WIDTH="15" VPOS="170" HPOS="434"/>
                  <String HEIGHT="58"
                          WIDTH="152"
                          VPOS="170"
                          HPOS="388"
                          CONTENT="igitur"/>
                  <SP HEIGHT="58" WIDTH="15" VPOS="170" HPOS="540"/>
                  <String HEIGHT="58" WIDTH="106" VPOS="170" HPOS="494" CONTENT="est"/>
                  <SP HEIGHT="58" WIDTH="15" VPOS="170" HPOS="601"/>
                  <String HEIGHT="58"
                          WIDTH="137"
                          VPOS="170"
                          HPOS="555"
                          CONTENT="prima"/>
                  <SP HEIGHT="58" WIDTH="15" VPOS="170" HPOS="692"/>
                  <String HEIGHT="58"
                          WIDTH="152"
                          VPOS="170"
                          HPOS="646"
                          CONTENT="anima:"/>
                  <SP HEIGHT="58" WIDTH="15" VPOS="170" HPOS="799"/>
                  <String HEIGHT="58"
                          WIDTH="198"
                          VPOS="170"
                          HPOS="753"
                          CONTENT="nutribile"/>
                  <SP HEIGHT="58" WIDTH="15" VPOS="170" HPOS="951"/>
                  <String HEIGHT="58"
                          WIDTH="137"
                          VPOS="170"
                          HPOS="905"
                          CONTENT="autem"/>
                  <SP HEIGHT="58" WIDTH="15" VPOS="170" HPOS="1042"/>
                  <String HEIGHT="58"
                          WIDTH="167"
                          VPOS="170"
                          HPOS="996"
                          CONTENT="corpus:"/>
                  <SP HEIGHT="58" WIDTH="15" VPOS="170" HPOS="1163"/>
                  <String HEIGHT="58"
                          WIDTH="106"
                          VPOS="170"
                          HPOS="1103"
                          CONTENT="illud"/>
               </TextLine>
               <TextLine ID="r4l4"
                         BASELINE="267"
                         HEIGHT="39"
                         WIDTH="1035"
                         VPOS="228"
                         HPOS="175">
                  <String HEIGHT="39"
                          WIDTH="146"
                          VPOS="228"
                          HPOS="159"
                          CONTENT="vero,"/>
                  <SP HEIGHT="39" WIDTH="16" VPOS="228" HPOS="304"/>
                  <String HEIGHT="39" WIDTH="113" VPOS="228" HPOS="256" CONTENT="per"/>
                  <SP HEIGHT="39" WIDTH="16" VPOS="228" HPOS="369"/>
                  <String HEIGHT="39"
                          WIDTH="129"
                          VPOS="228"
                          HPOS="321"
                          CONTENT="quod"/>
                  <SP HEIGHT="39" WIDTH="16" VPOS="228" HPOS="450"/>
                  <String HEIGHT="39"
                          WIDTH="210"
                          VPOS="228"
                          HPOS="401"
                          CONTENT="nutritur,"/>
                  <SP HEIGHT="39" WIDTH="16" VPOS="228" HPOS="612"/>
                  <String HEIGHT="39" WIDTH="113" VPOS="228" HPOS="563" CONTENT="est"/>
                  <SP HEIGHT="39" WIDTH="16" VPOS="228" HPOS="676"/>
                  <String HEIGHT="39"
                          WIDTH="259"
                          VPOS="228"
                          HPOS="628"
                          CONTENT="nutrimentum."/>
                  <SP HEIGHT="39" WIDTH="16" VPOS="228" HPOS="887"/>
                  <String HEIGHT="39" WIDTH="113" VPOS="228" HPOS="838" CONTENT="Et,"/>
                  <SP HEIGHT="39" WIDTH="16" VPOS="228" HPOS="951"/>
                  <String HEIGHT="39"
                          WIDTH="129"
                          VPOS="228"
                          HPOS="903"
                          CONTENT="quia"/>
                  <SP HEIGHT="39" WIDTH="16" VPOS="228" HPOS="1032"/>
                  <String HEIGHT="39"
                          WIDTH="178"
                          VPOS="228"
                          HPOS="984"
                          CONTENT="oportet"/>
                  <SP HEIGHT="39" WIDTH="16" VPOS="228" HPOS="1161"/>
                  <String HEIGHT="39" WIDTH="97" VPOS="228" HPOS="1113" CONTENT="vt"/>
                  <SP HEIGHT="39" WIDTH="16" VPOS="228" HPOS="1210"/>
                  <String HEIGHT="39" WIDTH="65" VPOS="228" HPOS="1145" CONTENT="om"/>
               </TextLine>
               <TextLine ID="r4l5"
                         BASELINE="316"
                         HEIGHT="49"
                         WIDTH="1033"
                         VPOS="267"
                         HPOS="172">
                  <String HEIGHT="49" WIDTH="102" VPOS="267" HPOS="157" CONTENT="nia"/>
                  <SP HEIGHT="49" WIDTH="15" VPOS="267" HPOS="259"/>
                  <String HEIGHT="49"
                          WIDTH="116"
                          VPOS="267"
                          HPOS="216"
                          CONTENT="sint"/>
                  <SP HEIGHT="49" WIDTH="15" VPOS="267" HPOS="332"/>
                  <String HEIGHT="49"
                          WIDTH="145"
                          VPOS="267"
                          HPOS="288"
                          CONTENT="vocata"/>
                  <SP HEIGHT="49" WIDTH="15" VPOS="267" HPOS="434"/>
                  <String HEIGHT="49" WIDTH="87" VPOS="267" HPOS="390" CONTENT="ex"/>
                  <SP HEIGHT="49" WIDTH="15" VPOS="267" HPOS="478"/>
                  <String HEIGHT="49"
                          WIDTH="116"
                          VPOS="267"
                          HPOS="434"
                          CONTENT="suis"/>
                  <SP HEIGHT="49" WIDTH="15" VPOS="267" HPOS="550"/>
                  <String HEIGHT="49"
                          WIDTH="175"
                          VPOS="267"
                          HPOS="507"
                          CONTENT="finibus:"/>
                  <SP HEIGHT="49" WIDTH="15" VPOS="267" HPOS="681"/>
                  <String HEIGHT="49" WIDTH="73" VPOS="267" HPOS="638" CONTENT="&amp;"/>
                  <SP HEIGHT="49" WIDTH="15" VPOS="267" HPOS="710"/>
                  <String HEIGHT="49"
                          WIDTH="131"
                          VPOS="267"
                          HPOS="667"
                          CONTENT="finis"/>
                  <SP HEIGHT="49" WIDTH="15" VPOS="267" HPOS="798"/>
                  <String HEIGHT="49" WIDTH="102" VPOS="267" HPOS="754" CONTENT="est"/>
                  <SP HEIGHT="49" WIDTH="15" VPOS="267" HPOS="856"/>
                  <String HEIGHT="49"
                          WIDTH="175"
                          VPOS="267"
                          HPOS="812"
                          CONTENT="generare"/>
                  <SP HEIGHT="49" WIDTH="15" VPOS="267" HPOS="987"/>
                  <String HEIGHT="49"
                          WIDTH="160"
                          VPOS="267"
                          HPOS="943"
                          CONTENT="simile:"/>
                  <SP HEIGHT="49" WIDTH="15" VPOS="267" HPOS="1103"/>
                  <String HEIGHT="49"
                          WIDTH="116"
                          VPOS="267"
                          HPOS="1060"
                          CONTENT="ideo"/>
                  <SP HEIGHT="49" WIDTH="15" VPOS="267" HPOS="1176"/>
                  <String HEIGHT="49"
                          WIDTH="87"
                          VPOS="267"
                          HPOS="1118"
                          CONTENT="pri"
                          SUBS_TYPE="HypPart1"
                          SUBS_CONTENT="prima"/>
                  <HYP CONTENT="-"/>
               </TextLine>
               <TextLine ID="r4l6"
                         BASELINE="345"
                         HEIGHT="45"
                         WIDTH="473"
                         VPOS="300"
                         HPOS="179">
                  <String HEIGHT="45"
                          WIDTH="98"
                          VPOS="300"
                          HPOS="163"
                          CONTENT="ma"
                          SUBS_TYPE="HypPart2"
                          SUBS_CONTENT="prima"/>
                  <SP HEIGHT="45" WIDTH="16" VPOS="300" HPOS="261"/>
                  <String HEIGHT="45"
                          WIDTH="147"
                          VPOS="300"
                          HPOS="212"
                          CONTENT="anima"/>
                  <SP HEIGHT="45" WIDTH="16" VPOS="300" HPOS="358"/>
                  <String HEIGHT="45" WIDTH="114" VPOS="300" HPOS="309" CONTENT="est"/>
                  <SP HEIGHT="45" WIDTH="16" VPOS="300" HPOS="424"/>
                  <String HEIGHT="45"
                          WIDTH="196"
                          VPOS="300"
                          HPOS="375"
                          CONTENT="generans"/>
                  <SP HEIGHT="45" WIDTH="16" VPOS="300" HPOS="570"/>
                  <String HEIGHT="45"
                          WIDTH="147"
                          VPOS="300"
                          HPOS="505"
                          CONTENT="simile."/>
               </TextLine>
               <TextLine ID="r4l7"
                         BASELINE="396"
                         HEIGHT="57"
                         WIDTH="1008"
                         VPOS="339"
                         HPOS="199">
                  <String HEIGHT="57" WIDTH="89" VPOS="339" HPOS="186" CONTENT="Cum"/>
                  <SP HEIGHT="57" WIDTH="13" VPOS="339" HPOS="276"/>
                  <String HEIGHT="57"
                          WIDTH="179"
                          VPOS="339"
                          HPOS="237"
                          CONTENT="descripsit"/>
                  <SP HEIGHT="57" WIDTH="13" VPOS="339" HPOS="416"/>
                  <String HEIGHT="57" WIDTH="89" VPOS="339" HPOS="378" CONTENT="hoc"/>
                  <SP HEIGHT="57" WIDTH="13" VPOS="339" HPOS="467"/>
                  <String HEIGHT="57"
                          WIDTH="179"
                          VPOS="339"
                          HPOS="429"
                          CONTENT="principium"/>
                  <SP HEIGHT="57" WIDTH="13" VPOS="339" HPOS="607"/>
                  <String HEIGHT="57"
                          WIDTH="140"
                          VPOS="339"
                          HPOS="569"
                          CONTENT="animae,"/>
                  <SP HEIGHT="57" WIDTH="13" VPOS="339" HPOS="709"/>
                  <String HEIGHT="57" WIDTH="64" VPOS="339" HPOS="671" CONTENT="&amp;"/>
                  <SP HEIGHT="57" WIDTH="13" VPOS="339" HPOS="735"/>
                  <String HEIGHT="57"
                          WIDTH="179"
                          VPOS="339"
                          HPOS="697"
                          CONTENT="descripsit"/>
                  <SP HEIGHT="57" WIDTH="13" VPOS="339" HPOS="875"/>
                  <String HEIGHT="57"
                          WIDTH="204"
                          VPOS="339"
                          HPOS="837"
                          CONTENT="nutrimentum,"/>
                  <SP HEIGHT="57" WIDTH="13" VPOS="339" HPOS="1041"/>
                  <String HEIGHT="57"
                          WIDTH="153"
                          VPOS="339"
                          HPOS="1003"
                          CONTENT="reuersus"/>
                  <SP HEIGHT="57" WIDTH="13" VPOS="339" HPOS="1156"/>
                  <String HEIGHT="57" WIDTH="89" VPOS="339" HPOS="1118" CONTENT="est"/>
                  <SP HEIGHT="57" WIDTH="13" VPOS="339" HPOS="1207"/>
                  <String HEIGHT="57" WIDTH="51" VPOS="339" HPOS="1156" CONTENT="ad"/>
               </TextLine>
               <TextLine ID="r4l8"
                         BASELINE="427"
                         HEIGHT="47"
                         WIDTH="1026"
                         VPOS="380"
                         HPOS="176">
                  <String HEIGHT="47"
                          WIDTH="230"
                          VPOS="380"
                          HPOS="163"
                          CONTENT="distinguendum"/>
                  <SP HEIGHT="47" WIDTH="14" VPOS="380" HPOS="392"/>
                  <String HEIGHT="47"
                          WIDTH="203"
                          VPOS="380"
                          HPOS="352"
                          CONTENT="intentiones"/>
                  <SP HEIGHT="47" WIDTH="14" VPOS="380" HPOS="554"/>
                  <String HEIGHT="47"
                          WIDTH="149"
                          VPOS="380"
                          HPOS="514"
                          CONTENT="istorum"/>
                  <SP HEIGHT="47" WIDTH="14" VPOS="380" HPOS="662"/>
                  <String HEIGHT="47"
                          WIDTH="135"
                          VPOS="380"
                          HPOS="622"
                          CONTENT="noium,"/>
                  <SP HEIGHT="47" WIDTH="14" VPOS="380" HPOS="757"/>
                  <String HEIGHT="47"
                          WIDTH="108"
                          VPOS="380"
                          HPOS="716"
                          CONTENT="quae"/>
                  <SP HEIGHT="47" WIDTH="14" VPOS="380" HPOS="824"/>
                  <String HEIGHT="47"
                          WIDTH="203"
                          VPOS="380"
                          HPOS="784"
                          CONTENT="denoniantur"/>
                  <SP HEIGHT="47" WIDTH="14" VPOS="380" HPOS="986"/>
                  <String HEIGHT="47" WIDTH="68" VPOS="380" HPOS="946" CONTENT="a"/>
                  <SP HEIGHT="47" WIDTH="14" VPOS="380" HPOS="1013"/>
                  <String HEIGHT="47"
                          WIDTH="203"
                          VPOS="380"
                          HPOS="973"
                          CONTENT="nutrimento,"/>
                  <SP HEIGHT="47" WIDTH="14" VPOS="380" HPOS="1175"/>
                  <String HEIGHT="47" WIDTH="68" VPOS="380" HPOS="1135" CONTENT="&amp;"/>
                  <SP HEIGHT="47" WIDTH="14" VPOS="380" HPOS="1202"/>
                  <String HEIGHT="47" WIDTH="54" VPOS="380" HPOS="1148" CONTENT="d."/>
               </TextLine>
               <TextLine ID="r4l9"
                         BASELINE="467"
                         HEIGHT="43"
                         WIDTH="1038"
                         VPOS="424"
                         HPOS="174">
                  <String HEIGHT="43" WIDTH="91" VPOS="424" HPOS="163" CONTENT="Sunt"/>
                  <SP HEIGHT="43" WIDTH="11" VPOS="424" HPOS="254"/>
                  <String HEIGHT="43"
                          WIDTH="114"
                          VPOS="424"
                          HPOS="220"
                          CONTENT="igitur"/>
                  <SP HEIGHT="43" WIDTH="11" VPOS="424" HPOS="334"/>
                  <String HEIGHT="43"
                          WIDTH="103"
                          VPOS="424"
                          HPOS="299"
                          CONTENT="tria,"/>
                  <SP HEIGHT="43" WIDTH="11" VPOS="424" HPOS="402"/>
                  <String HEIGHT="43" WIDTH="80" VPOS="424" HPOS="368" CONTENT="&amp;c."/>
                  <SP HEIGHT="43" WIDTH="11" VPOS="424" HPOS="448"/>
                  <String HEIGHT="43" WIDTH="68" VPOS="424" HPOS="414" CONTENT="i."/>
                  <SP HEIGHT="43" WIDTH="11" VPOS="424" HPOS="482"/>
                  <String HEIGHT="43" WIDTH="57" VPOS="424" HPOS="448" CONTENT="&amp;"/>
                  <SP HEIGHT="43" WIDTH="11" VPOS="424" HPOS="505"/>
                  <String HEIGHT="43"
                          WIDTH="160"
                          VPOS="424"
                          HPOS="471"
                          CONTENT="manifestum"/>
                  <SP HEIGHT="43" WIDTH="11" VPOS="424" HPOS="630"/>
                  <String HEIGHT="43" WIDTH="80" VPOS="424" HPOS="596" CONTENT="est"/>
                  <SP HEIGHT="43" WIDTH="11" VPOS="424" HPOS="676"/>
                  <String HEIGHT="43" WIDTH="80" VPOS="424" HPOS="642" CONTENT="per"/>
                  <SP HEIGHT="43" WIDTH="11" VPOS="424" HPOS="722"/>
                  <String HEIGHT="43"
                          WIDTH="114"
                          VPOS="424"
                          HPOS="687"
                          CONTENT="setria"/>
                  <SP HEIGHT="43" WIDTH="11" VPOS="424" HPOS="801"/>
                  <String HEIGHT="43" WIDTH="91" VPOS="424" HPOS="767" CONTENT="esse"/>
                  <SP HEIGHT="43" WIDTH="11" VPOS="424" HPOS="858"/>
                  <String HEIGHT="43"
                          WIDTH="125"
                          VPOS="424"
                          HPOS="824"
                          CONTENT="diuersa"/>
                  <SP HEIGHT="43" WIDTH="11" VPOS="424" HPOS="950"/>
                  <String HEIGHT="43"
                          WIDTH="137"
                          VPOS="424"
                          HPOS="915"
                          CONTENT="secundum"/>
                  <SP HEIGHT="43" WIDTH="11" VPOS="424" HPOS="1052"/>
                  <String HEIGHT="43"
                          WIDTH="183"
                          VPOS="424"
                          HPOS="1018"
                          CONTENT="diuersitatem"/>
                  <SP HEIGHT="43" WIDTH="11" VPOS="424" HPOS="1201"/>
                  <String HEIGHT="43"
                          WIDTH="57"
                          VPOS="424"
                          HPOS="1155"
                          CONTENT="re"
                          SUBS_TYPE="HypPart1"
                          SUBS_CONTENT="rerum"/>
                  <HYP CONTENT="-"/>
               </TextLine>
               <TextLine ID="r4l10"
                         BASELINE="507"
                         HEIGHT="46"
                         WIDTH="1035"
                         VPOS="461"
                         HPOS="171">
                  <String HEIGHT="46"
                          WIDTH="82"
                          VPOS="461"
                          HPOS="159"
                          CONTENT="rum"
                          SUBS_TYPE="HypPart2"
                          SUBS_CONTENT="rerum"/>
                  <SP HEIGHT="46" WIDTH="12" VPOS="461" HPOS="242"/>
                  <String HEIGHT="46"
                          WIDTH="188"
                          VPOS="461"
                          HPOS="206"
                          CONTENT="relatiuarum."/>
                  <SP HEIGHT="46" WIDTH="12" VPOS="461" HPOS="394"/>
                  <String HEIGHT="46"
                          WIDTH="118"
                          VPOS="461"
                          HPOS="359"
                          CONTENT="quorum"/>
                  <SP HEIGHT="46" WIDTH="12" VPOS="461" HPOS="477"/>
                  <String HEIGHT="46" WIDTH="94" VPOS="461" HPOS="442" CONTENT="vnum"/>
                  <SP HEIGHT="46" WIDTH="12" VPOS="461" HPOS="536"/>
                  <String HEIGHT="46" WIDTH="82" VPOS="461" HPOS="500" CONTENT="est"/>
                  <SP HEIGHT="46" WIDTH="12" VPOS="461" HPOS="583"/>
                  <String HEIGHT="46"
                          WIDTH="165"
                          VPOS="461"
                          HPOS="547"
                          CONTENT="nutribile,"/>
                  <SP HEIGHT="46" WIDTH="12" VPOS="461" HPOS="712"/>
                  <String HEIGHT="46" WIDTH="59" VPOS="461" HPOS="677" CONTENT="&amp;"/>
                  <SP HEIGHT="46" WIDTH="12" VPOS="461" HPOS="736"/>
                  <String HEIGHT="46"
                          WIDTH="141"
                          VPOS="461"
                          HPOS="700"
                          CONTENT="secundum"/>
                  <SP HEIGHT="46" WIDTH="12" VPOS="461" HPOS="841"/>
                  <String HEIGHT="46"
                          WIDTH="118"
                          VPOS="461"
                          HPOS="806"
                          CONTENT="illud,"/>
                  <SP HEIGHT="46" WIDTH="12" VPOS="461" HPOS="924"/>
                  <String HEIGHT="46" WIDTH="82" VPOS="461" HPOS="888" CONTENT="per"/>
                  <SP HEIGHT="46" WIDTH="12" VPOS="461" HPOS="971"/>
                  <String HEIGHT="46" WIDTH="94" VPOS="461" HPOS="935" CONTENT="quod"/>
                  <SP HEIGHT="46" WIDTH="12" VPOS="461" HPOS="1030"/>
                  <String HEIGHT="46"
                          WIDTH="153"
                          VPOS="461"
                          HPOS="994"
                          CONTENT="nutritur:"/>
                  <SP HEIGHT="46" WIDTH="12" VPOS="461" HPOS="1147"/>
                  <String HEIGHT="46"
                          WIDTH="106"
                          VPOS="461"
                          HPOS="1100"
                          CONTENT="tertium"/>
               </TextLine>
               <TextLine ID="r4l11"
                         BASELINE="547"
                         HEIGHT="44"
                         WIDTH="1037"
                         VPOS="503"
                         HPOS="176">
                  <String HEIGHT="44"
                          WIDTH="105"
                          VPOS="503"
                          HPOS="164"
                          CONTENT="autem"/>
                  <SP HEIGHT="44" WIDTH="12" VPOS="503" HPOS="269"/>
                  <String HEIGHT="44" WIDTH="82" VPOS="503" HPOS="234" CONTENT="est"/>
                  <SP HEIGHT="44" WIDTH="12" VPOS="503" HPOS="316"/>
                  <String HEIGHT="44"
                          WIDTH="151"
                          VPOS="503"
                          HPOS="281"
                          CONTENT="nutriens."/>
                  <SP HEIGHT="44" WIDTH="12" VPOS="503" HPOS="432"/>
                  <String HEIGHT="44" WIDTH="70" VPOS="503" HPOS="397" CONTENT="Et"/>
                  <SP HEIGHT="44" WIDTH="12" VPOS="503" HPOS="467"/>
                  <String HEIGHT="44" WIDTH="82" VPOS="503" HPOS="432" CONTENT="iam"/>
                  <SP HEIGHT="44" WIDTH="12" VPOS="503" HPOS="514"/>
                  <String HEIGHT="44"
                          WIDTH="163"
                          VPOS="503"
                          HPOS="479"
                          CONTENT="declaratum"/>
                  <SP HEIGHT="44" WIDTH="12" VPOS="503" HPOS="642"/>
                  <String HEIGHT="44" WIDTH="82" VPOS="503" HPOS="607" CONTENT="est"/>
                  <SP HEIGHT="44" WIDTH="12" VPOS="503" HPOS="689"/>
                  <String HEIGHT="44" WIDTH="93" VPOS="503" HPOS="654" CONTENT="quod"/>
                  <SP HEIGHT="44" WIDTH="12" VPOS="503" HPOS="747"/>
                  <String HEIGHT="44"
                          WIDTH="117"
                          VPOS="503"
                          HPOS="712"
                          CONTENT="illud,"/>
                  <SP HEIGHT="44" WIDTH="12" VPOS="503" HPOS="828"/>
                  <String HEIGHT="44" WIDTH="93" VPOS="503" HPOS="794" CONTENT="quod"/>
                  <SP HEIGHT="44" WIDTH="12" VPOS="503" HPOS="887"/>
                  <String HEIGHT="44"
                          WIDTH="128"
                          VPOS="503"
                          HPOS="852"
                          CONTENT="nutrit,"/>
                  <SP HEIGHT="44" WIDTH="12" VPOS="503" HPOS="980"/>
                  <String HEIGHT="44" WIDTH="82" VPOS="503" HPOS="945" CONTENT="est"/>
                  <SP HEIGHT="44" WIDTH="12" VPOS="503" HPOS="1027"/>
                  <String HEIGHT="44"
                          WIDTH="105"
                          VPOS="503"
                          HPOS="992"
                          CONTENT="anima"/>
                  <SP HEIGHT="44" WIDTH="12" VPOS="503" HPOS="1096"/>
                  <String HEIGHT="44" WIDTH="82" VPOS="503" HPOS="1062" CONTENT="cui"/>
                  <SP HEIGHT="44" WIDTH="12" VPOS="503" HPOS="1143"/>
                  <String HEIGHT="44"
                          WIDTH="117"
                          VPOS="503"
                          HPOS="1096"
                          CONTENT="attribui"/>
               </TextLine>
               <TextLine ID="r4l12"
                         BASELINE="587"
                         HEIGHT="47"
                         WIDTH="1036"
                         VPOS="540"
                         HPOS="177">
                  <String HEIGHT="47" WIDTH="86" VPOS="540" HPOS="165" CONTENT="tur"/>
                  <SP HEIGHT="47" WIDTH="12" VPOS="540" HPOS="251"/>
                  <String HEIGHT="47" WIDTH="99" VPOS="540" HPOS="214" CONTENT="haec"/>
                  <SP HEIGHT="47" WIDTH="12" VPOS="540" HPOS="313"/>
                  <String HEIGHT="47"
                          WIDTH="123"
                          VPOS="540"
                          HPOS="276"
                          CONTENT="actio:"/>
                  <SP HEIGHT="47" WIDTH="12" VPOS="540" HPOS="399"/>
                  <String HEIGHT="47" WIDTH="99" VPOS="540" HPOS="362" CONTENT="vnde"/>
                  <SP HEIGHT="47" WIDTH="12" VPOS="540" HPOS="461"/>
                  <String HEIGHT="47"
                          WIDTH="173"
                          VPOS="540"
                          HPOS="424"
                          CONTENT="manifestum"/>
                  <SP HEIGHT="47" WIDTH="12" VPOS="540" HPOS="596"/>
                  <String HEIGHT="47" WIDTH="86" VPOS="540" HPOS="559" CONTENT="est"/>
                  <SP HEIGHT="47" WIDTH="12" VPOS="540" HPOS="646"/>
                  <String HEIGHT="47" WIDTH="99" VPOS="540" HPOS="609" CONTENT="quod"/>
                  <SP HEIGHT="47" WIDTH="12" VPOS="540" HPOS="707"/>
                  <String HEIGHT="47"
                          WIDTH="148"
                          VPOS="540"
                          HPOS="670"
                          CONTENT="nutriens"/>
                  <SP HEIGHT="47" WIDTH="12" VPOS="540" HPOS="818"/>
                  <String HEIGHT="47" WIDTH="86" VPOS="540" HPOS="781" CONTENT="est"/>
                  <SP HEIGHT="47" WIDTH="12" VPOS="540" HPOS="868"/>
                  <String HEIGHT="47"
                          WIDTH="111"
                          VPOS="540"
                          HPOS="831"
                          CONTENT="anima"/>
                  <SP HEIGHT="47" WIDTH="12" VPOS="540" HPOS="942"/>
                  <String HEIGHT="47"
                          WIDTH="160"
                          VPOS="540"
                          HPOS="905"
                          CONTENT="principia"/>
                  <SP HEIGHT="47" WIDTH="12" VPOS="540" HPOS="1065"/>
                  <String HEIGHT="47"
                          WIDTH="136"
                          VPOS="540"
                          HPOS="1028"
                          CONTENT="aliarum"/>
                  <SP HEIGHT="47" WIDTH="12" VPOS="540" HPOS="1164"/>
                  <String HEIGHT="47"
                          WIDTH="99"
                          VPOS="540"
                          HPOS="1114"
                          CONTENT="virtu"
                          SUBS_TYPE="HypPart1"
                          SUBS_CONTENT="virtutum,"/>
                  <HYP CONTENT="-"/>
               </TextLine>
               <TextLine ID="r4l13"
                         BASELINE="619"
                         HEIGHT="38"
                         WIDTH="1038"
                         VPOS="581"
                         HPOS="176">
                  <String HEIGHT="38"
                          WIDTH="101"
                          VPOS="581"
                          HPOS="163"
                          CONTENT="tum,"
                          SUBS_TYPE="HypPart2"
                          SUBS_CONTENT="virtutum,"/>
                  <SP HEIGHT="38" WIDTH="13" VPOS="581" HPOS="265"/>
                  <String HEIGHT="38"
                          WIDTH="101"
                          VPOS="581"
                          HPOS="227"
                          CONTENT="quae"/>
                  <SP HEIGHT="38" WIDTH="13" VPOS="581" HPOS="328"/>
                  <String HEIGHT="38"
                          WIDTH="203"
                          VPOS="581"
                          HPOS="290"
                          CONTENT="attribuuntur"/>
                  <SP HEIGHT="38" WIDTH="13" VPOS="581" HPOS="492"/>
                  <String HEIGHT="38"
                          WIDTH="190"
                          VPOS="581"
                          HPOS="454"
                          CONTENT="nutrimento."/>
                  <SP HEIGHT="38" WIDTH="13" VPOS="581" HPOS="644"/>
                  <String HEIGHT="38" WIDTH="76" VPOS="581" HPOS="606" CONTENT="Et"/>
                  <SP HEIGHT="38" WIDTH="13" VPOS="581" HPOS="682"/>
                  <String HEIGHT="38"
                          WIDTH="152"
                          VPOS="581"
                          HPOS="644"
                          CONTENT="intendit"/>
                  <SP HEIGHT="38" WIDTH="13" VPOS="581" HPOS="796"/>
                  <String HEIGHT="38" WIDTH="89" VPOS="581" HPOS="758" CONTENT="hic"/>
                  <SP HEIGHT="38" WIDTH="13" VPOS="581" HPOS="847"/>
                  <String HEIGHT="38" WIDTH="89" VPOS="581" HPOS="809" CONTENT="per"/>
                  <SP HEIGHT="38" WIDTH="13" VPOS="581" HPOS="898"/>
                  <String HEIGHT="38"
                          WIDTH="127"
                          VPOS="581"
                          HPOS="860"
                          CONTENT="primam"/>
                  <SP HEIGHT="38" WIDTH="13" VPOS="581" HPOS="986"/>
                  <String HEIGHT="38"
                          WIDTH="139"
                          VPOS="581"
                          HPOS="948"
                          CONTENT="priorem"/>
                  <SP HEIGHT="38" WIDTH="13" VPOS="581" HPOS="1087"/>
                  <String HEIGHT="38"
                          WIDTH="177"
                          VPOS="581"
                          HPOS="1037"
                          CONTENT="naturaliter:"/>
               </TextLine>
               <TextLine ID="r4l14"
                         BASELINE="668"
                         HEIGHT="49"
                         WIDTH="1030"
                         VPOS="619"
                         HPOS="179">
                  <String HEIGHT="49" WIDTH="64" VPOS="619" HPOS="166" CONTENT="&amp;"/>
                  <SP HEIGHT="49" WIDTH="13" VPOS="619" HPOS="231"/>
                  <String HEIGHT="49"
                          WIDTH="103"
                          VPOS="619"
                          HPOS="192"
                          CONTENT="quod"/>
                  <SP HEIGHT="49" WIDTH="13" VPOS="619" HPOS="295"/>
                  <String HEIGHT="49"
                          WIDTH="167"
                          VPOS="619"
                          HPOS="256"
                          CONTENT="nutribile"/>
                  <SP HEIGHT="49" WIDTH="13" VPOS="619" HPOS="424"/>
                  <String HEIGHT="49" WIDTH="90" VPOS="619" HPOS="385" CONTENT="est"/>
                  <SP HEIGHT="49" WIDTH="13" VPOS="619" HPOS="475"/>
                  <String HEIGHT="49"
                          WIDTH="142"
                          VPOS="619"
                          HPOS="437"
                          CONTENT="corpus:"/>
                  <SP HEIGHT="49" WIDTH="13" VPOS="619" HPOS="578"/>
                  <String HEIGHT="49" WIDTH="64" VPOS="619" HPOS="540" CONTENT="&amp;"/>
                  <SP HEIGHT="49" WIDTH="13" VPOS="619" HPOS="604"/>
                  <String HEIGHT="49"
                          WIDTH="129"
                          VPOS="619"
                          HPOS="565"
                          CONTENT="illud,"/>
                  <SP HEIGHT="49" WIDTH="13" VPOS="619" HPOS="694"/>
                  <String HEIGHT="49" WIDTH="90" VPOS="619" HPOS="655" CONTENT="per"/>
                  <SP HEIGHT="49" WIDTH="13" VPOS="619" HPOS="746"/>
                  <String HEIGHT="49"
                          WIDTH="103"
                          VPOS="619"
                          HPOS="707"
                          CONTENT="quod"/>
                  <SP HEIGHT="49" WIDTH="13" VPOS="619" HPOS="810"/>
                  <String HEIGHT="49"
                          WIDTH="167"
                          VPOS="619"
                          HPOS="771"
                          CONTENT="nutritur,"/>
                  <SP HEIGHT="49" WIDTH="13" VPOS="619" HPOS="939"/>
                  <String HEIGHT="49" WIDTH="90" VPOS="619" HPOS="900" CONTENT="est"/>
                  <SP HEIGHT="49" WIDTH="13" VPOS="619" HPOS="990"/>
                  <String HEIGHT="49"
                          WIDTH="129"
                          VPOS="619"
                          HPOS="952"
                          CONTENT="cibus."/>
                  <SP HEIGHT="49" WIDTH="13" VPOS="619" HPOS="1080"/>
                  <String HEIGHT="49"
                          WIDTH="103"
                          VPOS="619"
                          HPOS="1042"
                          CONTENT="D.d."/>
                  <SP HEIGHT="49" WIDTH="13" VPOS="619" HPOS="1145"/>
                  <String HEIGHT="49" WIDTH="77" VPOS="619" HPOS="1106" CONTENT="Et"/>
                  <SP HEIGHT="49" WIDTH="13" VPOS="619" HPOS="1183"/>
                  <String HEIGHT="49"
                          WIDTH="77"
                          VPOS="619"
                          HPOS="1132"
                          CONTENT="quia"/>
               </TextLine>
               <TextLine ID="r4l15"
                         BASELINE="707"
                         HEIGHT="46"
                         WIDTH="1022"
                         VPOS="661"
                         HPOS="176">
                  <String HEIGHT="46"
                          WIDTH="125"
                          VPOS="661"
                          HPOS="165"
                          CONTENT="oportet"/>
                  <SP HEIGHT="46" WIDTH="11" VPOS="661" HPOS="290"/>
                  <String HEIGHT="46" WIDTH="68" VPOS="661" HPOS="255" CONTENT="vt"/>
                  <SP HEIGHT="46" WIDTH="11" VPOS="661" HPOS="324"/>
                  <String HEIGHT="46"
                          WIDTH="114"
                          VPOS="661"
                          HPOS="290"
                          CONTENT="omnia."/>
                  <SP HEIGHT="46" WIDTH="11" VPOS="661" HPOS="403"/>
                  <String HEIGHT="46" WIDTH="68" VPOS="661" HPOS="369" CONTENT="i."/>
                  <SP HEIGHT="46" WIDTH="11" VPOS="661" HPOS="437"/>
                  <String HEIGHT="46" WIDTH="91" VPOS="661" HPOS="403" CONTENT="quia"/>
                  <SP HEIGHT="46" WIDTH="11" VPOS="661" HPOS="494"/>
                  <String HEIGHT="46"
                          WIDTH="125"
                          VPOS="661"
                          HPOS="460"
                          CONTENT="oportet"/>
                  <SP HEIGHT="46" WIDTH="11" VPOS="661" HPOS="585"/>
                  <String HEIGHT="46" WIDTH="68" VPOS="661" HPOS="551" CONTENT="vt"/>
                  <SP HEIGHT="46" WIDTH="11" VPOS="661" HPOS="619"/>
                  <String HEIGHT="46"
                          WIDTH="102"
                          VPOS="661"
                          HPOS="585"
                          CONTENT="omnia"/>
                  <SP HEIGHT="46" WIDTH="11" VPOS="661" HPOS="687"/>
                  <String HEIGHT="46"
                          WIDTH="182"
                          VPOS="661"
                          HPOS="653"
                          CONTENT="appelssentur"/>
                  <SP HEIGHT="46" WIDTH="11" VPOS="661" HPOS="835"/>
                  <String HEIGHT="46" WIDTH="68" VPOS="661" HPOS="801" CONTENT="ex"/>
                  <SP HEIGHT="46" WIDTH="11" VPOS="661" HPOS="869"/>
                  <String HEIGHT="46" WIDTH="91" VPOS="661" HPOS="835" CONTENT="suis"/>
                  <SP HEIGHT="46" WIDTH="11" VPOS="661" HPOS="925"/>
                  <String HEIGHT="46"
                          WIDTH="136"
                          VPOS="661"
                          HPOS="891"
                          CONTENT="finibus,"/>
                  <SP HEIGHT="46" WIDTH="11" VPOS="661" HPOS="1028"/>
                  <String HEIGHT="46" WIDTH="79" VPOS="661" HPOS="994" CONTENT="cum"/>
                  <SP HEIGHT="46" WIDTH="11" VPOS="661" HPOS="1073"/>
                  <String HEIGHT="46"
                          WIDTH="91"
                          VPOS="661"
                          HPOS="1039"
                          CONTENT="haec"/>
                  <SP HEIGHT="46" WIDTH="11" VPOS="661" HPOS="1130"/>
                  <String HEIGHT="46"
                          WIDTH="91"
                          VPOS="661"
                          HPOS="1096"
                          CONTENT="caum"/>
                  <SP HEIGHT="46" WIDTH="11" VPOS="661" HPOS="1187"/>
                  <String HEIGHT="46"
                          WIDTH="57"
                          VPOS="661"
                          HPOS="1141"
                          CONTENT="fi"
                          SUBS_TYPE="HypPart1"
                          SUBS_CONTENT="finalis"/>
                  <HYP CONTENT="-"/>
               </TextLine>
               <TextLine ID="r4l16"
                         BASELINE="739"
                         HEIGHT="39"
                         WIDTH="1039"
                         VPOS="700"
                         HPOS="174">
                  <String HEIGHT="39"
                          WIDTH="110"
                          VPOS="700"
                          HPOS="162"
                          CONTENT="nalis"
                          SUBS_TYPE="HypPart2"
                          SUBS_CONTENT="finalis"/>
                  <SP HEIGHT="39" WIDTH="12" VPOS="700" HPOS="272"/>
                  <String HEIGHT="39" WIDTH="86" VPOS="700" HPOS="235" CONTENT="sit"/>
                  <SP HEIGHT="39" WIDTH="12" VPOS="700" HPOS="321"/>
                  <String HEIGHT="39"
                          WIDTH="134"
                          VPOS="700"
                          HPOS="284"
                          CONTENT="dignior"/>
                  <SP HEIGHT="39" WIDTH="12" VPOS="700" HPOS="418"/>
                  <String HEIGHT="39"
                          WIDTH="159"
                          VPOS="700"
                          HPOS="382"
                          CONTENT="essentiae"/>
                  <SP HEIGHT="39" WIDTH="12" VPOS="700" HPOS="541"/>
                  <String HEIGHT="39" WIDTH="86" VPOS="700" HPOS="504" CONTENT="rei"/>
                  <SP HEIGHT="39" WIDTH="12" VPOS="700" HPOS="590"/>
                  <String HEIGHT="39"
                          WIDTH="134"
                          VPOS="700"
                          HPOS="553"
                          CONTENT="omnibus"/>
                  <SP HEIGHT="39" WIDTH="12" VPOS="700" HPOS="687"/>
                  <String HEIGHT="39"
                          WIDTH="134"
                          VPOS="700"
                          HPOS="651"
                          CONTENT="causis,"/>
                  <SP HEIGHT="39" WIDTH="12" VPOS="700" HPOS="785"/>
                  <String HEIGHT="39"
                          WIDTH="134"
                          VPOS="700"
                          HPOS="749"
                          CONTENT="necesse"/>
                  <SP HEIGHT="39" WIDTH="12" VPOS="700" HPOS="883"/>
                  <String HEIGHT="39" WIDTH="86" VPOS="700" HPOS="846" CONTENT="est"/>
                  <SP HEIGHT="39" WIDTH="12" VPOS="700" HPOS="932"/>
                  <String HEIGHT="39" WIDTH="73" VPOS="700" HPOS="895" CONTENT="vt"/>
                  <SP HEIGHT="39" WIDTH="12" VPOS="700" HPOS="969"/>
                  <String HEIGHT="39"
                          WIDTH="110"
                          VPOS="700"
                          HPOS="932"
                          CONTENT="anima"/>
                  <SP HEIGHT="39" WIDTH="12" VPOS="700" HPOS="1042"/>
                  <String HEIGHT="39"
                          WIDTH="159"
                          VPOS="700"
                          HPOS="1005"
                          CONTENT="nutritiua"/>
                  <SP HEIGHT="39" WIDTH="12" VPOS="700" HPOS="1164"/>
                  <String HEIGHT="39"
                          WIDTH="98"
                          VPOS="700"
                          HPOS="1115"
                          CONTENT="deseri"/>
               </TextLine>
               <TextLine ID="r4l17"
                         BASELINE="779"
                         HEIGHT="40"
                         WIDTH="1024"
                         VPOS="739"
                         HPOS="179">
                  <String HEIGHT="40"
                          WIDTH="115"
                          VPOS="739"
                          HPOS="166"
                          CONTENT="batur"/>
                  <SP HEIGHT="40" WIDTH="13" VPOS="739" HPOS="281"/>
                  <String HEIGHT="40" WIDTH="90" VPOS="739" HPOS="243" CONTENT="per"/>
                  <SP HEIGHT="40" WIDTH="13" VPOS="739" HPOS="333"/>
                  <String HEIGHT="40"
                          WIDTH="166"
                          VPOS="739"
                          HPOS="294"
                          CONTENT="actionem,"/>
                  <SP HEIGHT="40" WIDTH="13" VPOS="739" HPOS="461"/>
                  <String HEIGHT="40"
                          WIDTH="102"
                          VPOS="739"
                          HPOS="422"
                          CONTENT="quae"/>
                  <SP HEIGHT="40" WIDTH="13" VPOS="739" HPOS="525"/>
                  <String HEIGHT="40" WIDTH="90" VPOS="739" HPOS="486" CONTENT="est"/>
                  <SP HEIGHT="40" WIDTH="13" VPOS="739" HPOS="576"/>
                  <String HEIGHT="40"
                          WIDTH="102"
                          VPOS="739"
                          HPOS="537"
                          CONTENT="suus"/>
                  <SP HEIGHT="40" WIDTH="13" VPOS="739" HPOS="640"/>
                  <String HEIGHT="40"
                          WIDTH="128"
                          VPOS="739"
                          HPOS="601"
                          CONTENT="finis,"/>
                  <SP HEIGHT="40" WIDTH="13" VPOS="739" HPOS="729"/>
                  <String HEIGHT="40" WIDTH="64" VPOS="739" HPOS="691" CONTENT="&amp;"/>
                  <SP HEIGHT="40" WIDTH="13" VPOS="739" HPOS="755"/>
                  <String HEIGHT="40" WIDTH="90" VPOS="739" HPOS="717" CONTENT="est"/>
                  <SP HEIGHT="40" WIDTH="13" VPOS="739" HPOS="806"/>
                  <String HEIGHT="40"
                          WIDTH="154"
                          VPOS="739"
                          HPOS="768"
                          CONTENT="generare"/>
                  <SP HEIGHT="40" WIDTH="13" VPOS="739" HPOS="921"/>
                  <String HEIGHT="40"
                          WIDTH="141"
                          VPOS="739"
                          HPOS="883"
                          CONTENT="simile,"/>
                  <SP HEIGHT="40" WIDTH="13" VPOS="739" HPOS="1024"/>
                  <String HEIGHT="40" WIDTH="90" VPOS="739" HPOS="985" CONTENT="non"/>
                  <SP HEIGHT="40" WIDTH="13" VPOS="739" HPOS="1075"/>
                  <String HEIGHT="40" WIDTH="90" VPOS="739" HPOS="1037" CONTENT="per"/>
                  <SP HEIGHT="40" WIDTH="13" VPOS="739" HPOS="1126"/>
                  <String HEIGHT="40"
                          WIDTH="128"
                          VPOS="739"
                          HPOS="1075"
                          CONTENT="actionem"/>
               </TextLine>
               <TextLine ID="r4l18"
                         BASELINE="819"
                         HEIGHT="43"
                         WIDTH="1037"
                         VPOS="776"
                         HPOS="173">
                  <String HEIGHT="43"
                          WIDTH="189"
                          VPOS="776"
                          HPOS="160"
                          CONTENT="nutriendi,"/>
                  <SP HEIGHT="43" WIDTH="13" VPOS="776" HPOS="348"/>
                  <String HEIGHT="43"
                          WIDTH="108"
                          VPOS="776"
                          HPOS="308"
                          CONTENT="quae"/>
                  <SP HEIGHT="43" WIDTH="13" VPOS="776" HPOS="415"/>
                  <String HEIGHT="43" WIDTH="94" VPOS="776" HPOS="375" CONTENT="est"/>
                  <SP HEIGHT="43" WIDTH="13" VPOS="776" HPOS="469"/>
                  <String HEIGHT="43"
                          WIDTH="202"
                          VPOS="776"
                          HPOS="429"
                          CONTENT="conseruare,"/>
                  <SP HEIGHT="43" WIDTH="13" VPOS="776" HPOS="631"/>
                  <String HEIGHT="43" WIDTH="81" VPOS="776" HPOS="590" CONTENT="vt"/>
                  <SP HEIGHT="43" WIDTH="13" VPOS="776" HPOS="671"/>
                  <String HEIGHT="43"
                          WIDTH="215"
                          VPOS="776"
                          HPOS="631"
                          CONTENT="praediximus."/>
                  <SP HEIGHT="43" WIDTH="13" VPOS="776" HPOS="846"/>
                  <String HEIGHT="43"
                          WIDTH="148"
                          VPOS="776"
                          HPOS="806"
                          CONTENT="Dicedum"/>
                  <SP HEIGHT="43" WIDTH="13" VPOS="776" HPOS="954"/>
                  <String HEIGHT="43" WIDTH="94" VPOS="776" HPOS="914" CONTENT="est"/>
                  <SP HEIGHT="43" WIDTH="13" VPOS="776" HPOS="1008"/>
                  <String HEIGHT="43"
                          WIDTH="135"
                          VPOS="776"
                          HPOS="968"
                          CONTENT="igitur"/>
                  <SP HEIGHT="43" WIDTH="13" VPOS="776" HPOS="1102"/>
                  <String HEIGHT="43"
                          WIDTH="108"
                          VPOS="776"
                          HPOS="1062"
                          CONTENT="quod"/>
                  <SP HEIGHT="43" WIDTH="13" VPOS="776" HPOS="1170"/>
                  <String HEIGHT="43"
                          WIDTH="94"
                          VPOS="776"
                          HPOS="1116"
                          CONTENT="anima"/>
               </TextLine>
               <TextLine ID="r4l19"
                         BASELINE="864"
                         HEIGHT="47"
                         WIDTH="1033"
                         VPOS="817"
                         HPOS="175">
                  <String HEIGHT="47"
                          WIDTH="177"
                          VPOS="817"
                          HPOS="161"
                          CONTENT="nutritiua"/>
                  <SP HEIGHT="47" WIDTH="14" VPOS="817" HPOS="338"/>
                  <String HEIGHT="47" WIDTH="95" VPOS="817" HPOS="297" CONTENT="est"/>
                  <SP HEIGHT="47" WIDTH="14" VPOS="817" HPOS="392"/>
                  <String HEIGHT="47"
                          WIDTH="150"
                          VPOS="817"
                          HPOS="352"
                          CONTENT="virtus,"/>
                  <SP HEIGHT="47" WIDTH="14" VPOS="817" HPOS="501"/>
                  <String HEIGHT="47"
                          WIDTH="109"
                          VPOS="817"
                          HPOS="460"
                          CONTENT="quae"/>
                  <SP HEIGHT="47" WIDTH="14" VPOS="817" HPOS="569"/>
                  <String HEIGHT="47" WIDTH="95" VPOS="817" HPOS="528" CONTENT="est"/>
                  <SP HEIGHT="47" WIDTH="14" VPOS="817" HPOS="624"/>
                  <String HEIGHT="47"
                          WIDTH="136"
                          VPOS="817"
                          HPOS="583"
                          CONTENT="innata"/>
                  <SP HEIGHT="47" WIDTH="14" VPOS="817" HPOS="719"/>
                  <String HEIGHT="47"
                          WIDTH="163"
                          VPOS="817"
                          HPOS="678"
                          CONTENT="generare"/>
                  <SP HEIGHT="47" WIDTH="14" VPOS="817" HPOS="841"/>
                  <String HEIGHT="47" WIDTH="68" VPOS="817" HPOS="800" CONTENT="a"/>
                  <SP HEIGHT="47" WIDTH="14" VPOS="817" HPOS="868"/>
                  <String HEIGHT="47"
                          WIDTH="109"
                          VPOS="817"
                          HPOS="827"
                          CONTENT="cibo"/>
                  <SP HEIGHT="47" WIDTH="14" VPOS="817" HPOS="936"/>
                  <String HEIGHT="47"
                          WIDTH="109"
                          VPOS="817"
                          HPOS="895"
                          CONTENT="sibi"/>
                  <SP HEIGHT="47" WIDTH="14" VPOS="817" HPOS="1004"/>
                  <String HEIGHT="47"
                          WIDTH="136"
                          VPOS="817"
                          HPOS="963"
                          CONTENT="simile"/>
                  <SP HEIGHT="47" WIDTH="14" VPOS="817" HPOS="1099"/>
                  <String HEIGHT="47"
                          WIDTH="163"
                          VPOS="817"
                          HPOS="1045"
                          CONTENT="indiuiduo,"/>
               </TextLine>
               <TextLine ID="r4l20"
                         BASELINE="898"
                         HEIGHT="43"
                         WIDTH="1037"
                         VPOS="855"
                         HPOS="173">
                  <String HEIGHT="43" WIDTH="78" VPOS="855" HPOS="160" CONTENT="in"/>
                  <SP HEIGHT="43" WIDTH="13" VPOS="855" HPOS="238"/>
                  <String HEIGHT="43" WIDTH="91" VPOS="855" HPOS="199" CONTENT="quo"/>
                  <SP HEIGHT="43" WIDTH="13" VPOS="855" HPOS="290"/>
                  <String HEIGHT="43"
                          WIDTH="143"
                          VPOS="855"
                          HPOS="251"
                          CONTENT="existit"/>
                  <SP HEIGHT="43" WIDTH="13" VPOS="855" HPOS="393"/>
                  <String HEIGHT="43" WIDTH="78" VPOS="855" HPOS="354" CONTENT="in"/>
                  <SP HEIGHT="43" WIDTH="13" VPOS="855" HPOS="432"/>
                  <String HEIGHT="43"
                          WIDTH="143"
                          VPOS="855"
                          HPOS="393"
                          CONTENT="specie:"/>
                  <SP HEIGHT="43" WIDTH="13" VPOS="855" HPOS="536"/>
                  <String HEIGHT="43" WIDTH="91" VPOS="855" HPOS="497" CONTENT="cum"/>
                  <SP HEIGHT="43" WIDTH="13" VPOS="855" HPOS="588"/>
                  <String HEIGHT="43"
                          WIDTH="117"
                          VPOS="855"
                          HPOS="549"
                          CONTENT="omnes"/>
                  <SP HEIGHT="43" WIDTH="13" VPOS="855" HPOS="666"/>
                  <String HEIGHT="43"
                          WIDTH="104"
                          VPOS="855"
                          HPOS="627"
                          CONTENT="suae"/>
                  <SP HEIGHT="43" WIDTH="13" VPOS="855" HPOS="730"/>
                  <String HEIGHT="43"
                          WIDTH="156"
                          VPOS="855"
                          HPOS="692"
                          CONTENT="actiones"/>
                  <SP HEIGHT="43" WIDTH="13" VPOS="855" HPOS="847"/>
                  <String HEIGHT="43" WIDTH="91" VPOS="855" HPOS="808" CONTENT="non"/>
                  <SP HEIGHT="43" WIDTH="13" VPOS="855" HPOS="899"/>
                  <String HEIGHT="43"
                          WIDTH="104"
                          VPOS="855"
                          HPOS="860"
                          CONTENT="sint"/>
                  <SP HEIGHT="43" WIDTH="13" VPOS="855" HPOS="964"/>
                  <String HEIGHT="43"
                          WIDTH="117"
                          VPOS="855"
                          HPOS="925"
                          CONTENT="nisi,"/>
                  <SP HEIGHT="43" WIDTH="13" VPOS="855" HPOS="1041"/>
                  <String HEIGHT="43"
                          WIDTH="130"
                          VPOS="855"
                          HPOS="1003"
                          CONTENT="perper"/>
                  <SP HEIGHT="43" WIDTH="13" VPOS="855" HPOS="1132"/>
                  <String HEIGHT="43"
                          WIDTH="104"
                          VPOS="855"
                          HPOS="1093"
                          CONTENT="hanc"/>
                  <SP HEIGHT="43" WIDTH="13" VPOS="855" HPOS="1197"/>
                  <String HEIGHT="43" WIDTH="65" VPOS="855" HPOS="1145" CONTENT="vir"/>
               </TextLine>
               <TextLine ID="r4l21"
                         BASELINE="939"
                         HEIGHT="43"
                         WIDTH="769"
                         VPOS="896"
                         HPOS="177">
                  <String HEIGHT="43"
                          WIDTH="145"
                          VPOS="896"
                          HPOS="162"
                          CONTENT="tutem."/>
                  <SP HEIGHT="43" WIDTH="15" VPOS="896" HPOS="308"/>
                  <String HEIGHT="43" WIDTH="73" VPOS="896" HPOS="264" CONTENT="&amp;"/>
                  <SP HEIGHT="43" WIDTH="15" VPOS="896" HPOS="337"/>
                  <String HEIGHT="43" WIDTH="102" VPOS="896" HPOS="293" CONTENT="hoc"/>
                  <SP HEIGHT="43" WIDTH="15" VPOS="896" HPOS="395"/>
                  <String HEIGHT="43"
                          WIDTH="203"
                          VPOS="896"
                          HPOS="351"
                          CONTENT="manifestum"/>
                  <SP HEIGHT="43" WIDTH="15" VPOS="896" HPOS="554"/>
                  <String HEIGHT="43" WIDTH="102" VPOS="896" HPOS="511" CONTENT="est"/>
                  <SP HEIGHT="43" WIDTH="15" VPOS="896" HPOS="612"/>
                  <String HEIGHT="43" WIDTH="87" VPOS="896" HPOS="569" CONTENT="in"/>
                  <SP HEIGHT="43" WIDTH="15" VPOS="896" HPOS="656"/>
                  <String HEIGHT="43"
                          WIDTH="174"
                          VPOS="896"
                          HPOS="612"
                          CONTENT="plantis,"/>
                  <SP HEIGHT="43" WIDTH="15" VPOS="896" HPOS="786"/>
                  <String HEIGHT="43" WIDTH="73" VPOS="896" HPOS="743" CONTENT="&amp;"/>
                  <SP HEIGHT="43" WIDTH="15" VPOS="896" HPOS="815"/>
                  <String HEIGHT="43"
                          WIDTH="189"
                          VPOS="896"
                          HPOS="757"
                          CONTENT="animalibus."/>
               </TextLine>
               <TextLine ID="r4l22"
                         BASELINE="995"
                         HEIGHT="48"
                         WIDTH="989"
                         VPOS="947"
                         HPOS="214">
                  <String HEIGHT="48" WIDTH="115" VPOS="947" HPOS="198" CONTENT="Est"/>
                  <SP HEIGHT="48" WIDTH="16" VPOS="947" HPOS="313"/>
                  <String HEIGHT="48"
                          WIDTH="148"
                          VPOS="947"
                          HPOS="263"
                          CONTENT="autem"/>
                  <SP HEIGHT="48" WIDTH="16" VPOS="947" HPOS="412"/>
                  <String HEIGHT="48" WIDTH="115" VPOS="947" HPOS="362" CONTENT="quo"/>
                  <SP HEIGHT="48" WIDTH="16" VPOS="947" HPOS="478"/>
                  <String HEIGHT="48"
                          WIDTH="165"
                          VPOS="947"
                          HPOS="428"
                          CONTENT="alitur"/>
                  <SP HEIGHT="48" WIDTH="16" VPOS="947" HPOS="593"/>
                  <String HEIGHT="48"
                          WIDTH="247"
                          VPOS="947"
                          HPOS="544"
                          CONTENT="dupliciter,"/>
                  <SP HEIGHT="48" WIDTH="16" VPOS="947" HPOS="791"/>
                  <String HEIGHT="48"
                          WIDTH="148"
                          VPOS="947"
                          HPOS="741"
                          CONTENT="sicut"/>
                  <SP HEIGHT="48" WIDTH="16" VPOS="947" HPOS="890"/>
                  <String HEIGHT="48" WIDTH="82" VPOS="947" HPOS="840" CONTENT="&amp;"/>
                  <SP HEIGHT="48" WIDTH="16" VPOS="947" HPOS="923"/>
                  <String HEIGHT="48" WIDTH="115" VPOS="947" HPOS="873" CONTENT="quo"/>
                  <SP HEIGHT="48" WIDTH="16" VPOS="947" HPOS="989"/>
                  <String HEIGHT="48"
                          WIDTH="231"
                          VPOS="947"
                          HPOS="939"
                          CONTENT="gubernatur"/>
                  <SP HEIGHT="48" WIDTH="16" VPOS="947" HPOS="1170"/>
                  <String HEIGHT="48" WIDTH="82" VPOS="947" HPOS="1121" CONTENT="&amp;"/>
                  <SP HEIGHT="48" WIDTH="16" VPOS="947" HPOS="1203"/>
                  <String HEIGHT="48" WIDTH="66" VPOS="947" HPOS="1137" CONTENT="ma"/>
               </TextLine>
               <TextLine ID="r4l23"
                         BASELINE="1035"
                         HEIGHT="43"
                         WIDTH="1035"
                         VPOS="992"
                         HPOS="177">
                  <String HEIGHT="43" WIDTH="127" VPOS="992" HPOS="159" CONTENT="nus"/>
                  <SP HEIGHT="43" WIDTH="18" VPOS="992" HPOS="286"/>
                  <String HEIGHT="43" WIDTH="91" VPOS="992" HPOS="231" CONTENT="&amp;"/>
                  <SP HEIGHT="43" WIDTH="18" VPOS="992" HPOS="322"/>
                  <String HEIGHT="43"
                          WIDTH="163"
                          VPOS="992"
                          HPOS="268"
                          CONTENT="temo,"/>
                  <SP HEIGHT="43" WIDTH="18" VPOS="992" HPOS="431"/>
                  <String HEIGHT="43" WIDTH="127" VPOS="992" HPOS="377" CONTENT="hoc"/>
                  <SP HEIGHT="43" WIDTH="18" VPOS="992" HPOS="504"/>
                  <String HEIGHT="43"
                          WIDTH="182"
                          VPOS="992"
                          HPOS="449"
                          CONTENT="quidem"/>
                  <SP HEIGHT="43" WIDTH="18" VPOS="992" HPOS="631"/>
                  <String HEIGHT="43"
                          WIDTH="182"
                          VPOS="992"
                          HPOS="576"
                          CONTENT="mouens"/>
                  <SP HEIGHT="43" WIDTH="18" VPOS="992" HPOS="758"/>
                  <String HEIGHT="43" WIDTH="91" VPOS="992" HPOS="704" CONTENT="&amp;"/>
                  <SP HEIGHT="43" WIDTH="18" VPOS="992" HPOS="794"/>
                  <String HEIGHT="43"
                          WIDTH="182"
                          VPOS="992"
                          HPOS="740"
                          CONTENT="motum,"/>
                  <SP HEIGHT="43" WIDTH="18" VPOS="992" HPOS="921"/>
                  <String HEIGHT="43"
                          WIDTH="163"
                          VPOS="992"
                          HPOS="867"
                          CONTENT="illud"/>
                  <SP HEIGHT="43" WIDTH="18" VPOS="992" HPOS="1030"/>
                  <String HEIGHT="43"
                          WIDTH="163"
                          VPOS="992"
                          HPOS="976"
                          CONTENT="autem"/>
                  <SP HEIGHT="43" WIDTH="18" VPOS="992" HPOS="1139"/>
                  <String HEIGHT="43"
                          WIDTH="145"
                          VPOS="992"
                          HPOS="1067"
                          CONTENT="mouens"/>
               </TextLine>
               <TextLine ID="r4l24"
                         BASELINE="1075"
                         HEIGHT="41"
                         WIDTH="1034"
                         VPOS="1034"
                         HPOS="172">
                  <String HEIGHT="41"
                          WIDTH="170"
                          VPOS="1034"
                          HPOS="155"
                          CONTENT="solum."/>
                  <SP HEIGHT="41" WIDTH="17" VPOS="1034" HPOS="325"/>
                  <String HEIGHT="41"
                          WIDTH="136"
                          VPOS="1034"
                          HPOS="274"
                          CONTENT="omne"/>
                  <SP HEIGHT="41" WIDTH="17" VPOS="1034" HPOS="409"/>
                  <String HEIGHT="41"
                          WIDTH="153"
                          VPOS="1034"
                          HPOS="358"
                          CONTENT="autem"/>
                  <SP HEIGHT="41" WIDTH="17" VPOS="1034" HPOS="511"/>
                  <String HEIGHT="41"
                          WIDTH="220"
                          VPOS="1034"
                          HPOS="460"
                          CONTENT="alimentum"/>
                  <SP HEIGHT="41" WIDTH="17" VPOS="1034" HPOS="681"/>
                  <String HEIGHT="41"
                          WIDTH="119"
                          VPOS="1034"
                          HPOS="630"
                          CONTENT="est"/>
                  <SP HEIGHT="41" WIDTH="17" VPOS="1034" HPOS="748"/>
                  <String HEIGHT="41"
                          WIDTH="254"
                          VPOS="1034"
                          HPOS="697"
                          CONTENT="necessarium"/>
                  <SP HEIGHT="41" WIDTH="17" VPOS="1034" HPOS="952"/>
                  <String HEIGHT="41"
                          WIDTH="203"
                          VPOS="1034"
                          HPOS="901"
                          CONTENT="decoqui:"/>
                  <SP HEIGHT="41" WIDTH="17" VPOS="1034" HPOS="1104"/>
                  <String HEIGHT="41"
                          WIDTH="170"
                          VPOS="1034"
                          HPOS="1036"
                          CONTENT="operatur"/>
               </TextLine>
               <TextLine ID="r4l25"
                         BASELINE="1115"
                         HEIGHT="39"
                         WIDTH="1029"
                         VPOS="1076"
                         HPOS="174">
                  <String HEIGHT="39"
                          WIDTH="162"
                          VPOS="1076"
                          HPOS="156"
                          CONTENT="autem"/>
                  <SP HEIGHT="39" WIDTH="18" VPOS="1076" HPOS="318"/>
                  <String HEIGHT="39"
                          WIDTH="271"
                          VPOS="1076"
                          HPOS="264"
                          CONTENT="decoctionem"/>
                  <SP HEIGHT="39" WIDTH="18" VPOS="1076" HPOS="535"/>
                  <String HEIGHT="39"
                          WIDTH="217"
                          VPOS="1076"
                          HPOS="481"
                          CONTENT="calidum."/>
                  <SP HEIGHT="39" WIDTH="18" VPOS="1076" HPOS="698"/>
                  <String HEIGHT="39"
                          WIDTH="144"
                          VPOS="1076"
                          HPOS="643"
                          CONTENT="vnde"/>
                  <SP HEIGHT="39" WIDTH="18" VPOS="1076" HPOS="788"/>
                  <String HEIGHT="39"
                          WIDTH="144"
                          VPOS="1076"
                          HPOS="734"
                          CONTENT="omne"/>
                  <SP HEIGHT="39" WIDTH="18" VPOS="1076" HPOS="878"/>
                  <String HEIGHT="39"
                          WIDTH="217"
                          VPOS="1076"
                          HPOS="824"
                          CONTENT="animatum"/>
                  <SP HEIGHT="39" WIDTH="18" VPOS="1076" HPOS="1041"/>
                  <String HEIGHT="39"
                          WIDTH="162"
                          VPOS="1076"
                          HPOS="986"
                          CONTENT="habet"/>
                  <SP HEIGHT="39" WIDTH="18" VPOS="1076" HPOS="1149"/>
                  <String HEIGHT="39"
                          WIDTH="126"
                          VPOS="1076"
                          HPOS="1077"
                          CONTENT="calo"
                          SUBS_TYPE="HypPart1"
                          SUBS_CONTENT="calorem."/>
                  <HYP CONTENT="-"/>
               </TextLine>
               <TextLine ID="r4l26"
                         BASELINE="1170"
                         HEIGHT="55"
                         WIDTH="1040"
                         VPOS="1115"
                         HPOS="170">
                  <String HEIGHT="55"
                          WIDTH="128"
                          VPOS="1115"
                          HPOS="154"
                          CONTENT="rem."
                          SUBS_TYPE="HypPart2"
                          SUBS_CONTENT="calorem."/>
                  <SP HEIGHT="55" WIDTH="16" VPOS="1115" HPOS="282"/>
                  <String HEIGHT="55"
                          WIDTH="240"
                          VPOS="1115"
                          HPOS="234"
                          CONTENT="figuraliter"/>
                  <SP HEIGHT="55" WIDTH="16" VPOS="1115" HPOS="474"/>
                  <String HEIGHT="55"
                          WIDTH="160"
                          VPOS="1115"
                          HPOS="426"
                          CONTENT="quidem"/>
                  <SP HEIGHT="55" WIDTH="16" VPOS="1115" HPOS="586"/>
                  <String HEIGHT="55"
                          WIDTH="160"
                          VPOS="1115"
                          HPOS="538"
                          CONTENT="igitur"/>
                  <SP HEIGHT="55" WIDTH="16" VPOS="1115" HPOS="698"/>
                  <String HEIGHT="55"
                          WIDTH="208"
                          VPOS="1115"
                          HPOS="650"
                          CONTENT="alimentum"/>
                  <SP HEIGHT="55" WIDTH="16" VPOS="1115" HPOS="858"/>
                  <String HEIGHT="55"
                          WIDTH="128"
                          VPOS="1115"
                          HPOS="810"
                          CONTENT="quid"/>
                  <SP HEIGHT="55" WIDTH="16" VPOS="1115" HPOS="938"/>
                  <String HEIGHT="55"
                          WIDTH="112"
                          VPOS="1115"
                          HPOS="890"
                          CONTENT="sit"/>
                  <SP HEIGHT="55" WIDTH="16" VPOS="1115" HPOS="1002"/>
                  <String HEIGHT="55"
                          WIDTH="160"
                          VPOS="1115"
                          HPOS="954"
                          CONTENT="dictum"/>
                  <SP HEIGHT="55" WIDTH="16" VPOS="1115" HPOS="1114"/>
                  <String HEIGHT="55"
                          WIDTH="128"
                          VPOS="1115"
                          HPOS="1066"
                          CONTENT="est,"/>
                  <SP HEIGHT="55" WIDTH="16" VPOS="1115" HPOS="1194"/>
                  <String HEIGHT="55"
                          WIDTH="80"
                          VPOS="1115"
                          HPOS="1130"
                          CONTENT="cer"/>
               </TextLine>
               <TextLine ID="r4l27"
                         BASELINE="1204"
                         HEIGHT="48"
                         WIDTH="939"
                         VPOS="1156"
                         HPOS="170">
                  <String HEIGHT="48"
                          WIDTH="227"
                          VPOS="1156"
                          HPOS="154"
                          CONTENT="tificandum"/>
                  <SP HEIGHT="48" WIDTH="16" VPOS="1156" HPOS="380"/>
                  <String HEIGHT="48"
                          WIDTH="146"
                          VPOS="1156"
                          HPOS="332"
                          CONTENT="autem"/>
                  <SP HEIGHT="48" WIDTH="16" VPOS="1156" HPOS="478"/>
                  <String HEIGHT="48" WIDTH="97" VPOS="1156" HPOS="429" CONTENT="de"/>
                  <SP HEIGHT="48" WIDTH="16" VPOS="1156" HPOS="526"/>
                  <String HEIGHT="48"
                          WIDTH="130"
                          VPOS="1156"
                          HPOS="478"
                          CONTENT="ipso"/>
                  <SP HEIGHT="48" WIDTH="16" VPOS="1156" HPOS="607"/>
                  <String HEIGHT="48"
                          WIDTH="210"
                          VPOS="1156"
                          HPOS="559"
                          CONTENT="posterius"/>
                  <SP HEIGHT="48" WIDTH="16" VPOS="1156" HPOS="769"/>
                  <String HEIGHT="48" WIDTH="97" VPOS="1156" HPOS="720" CONTENT="in"/>
                  <SP HEIGHT="48" WIDTH="16" VPOS="1156" HPOS="818"/>
                  <String HEIGHT="48"
                          WIDTH="194"
                          VPOS="1156"
                          HPOS="769"
                          CONTENT="propriis"/>
                  <SP HEIGHT="48" WIDTH="16" VPOS="1156" HPOS="963"/>
                  <String HEIGHT="48"
                          WIDTH="210"
                          VPOS="1156"
                          HPOS="899"
                          CONTENT="rationibus."/>
               </TextLine>
               <TextLine ID="r4l28"
                         BASELINE="1258"
                         HEIGHT="54"
                         WIDTH="987"
                         VPOS="1204"
                         HPOS="221">
                  <String HEIGHT="54"
                          WIDTH="137"
                          VPOS="1204"
                          HPOS="207"
                          CONTENT="Duplex"/>
                  <SP HEIGHT="54" WIDTH="14" VPOS="1204" HPOS="344"/>
                  <String HEIGHT="54"
                          WIDTH="123"
                          VPOS="1204"
                          HPOS="303"
                          CONTENT="porto"/>
                  <SP HEIGHT="54" WIDTH="14" VPOS="1204" HPOS="427"/>
                  <String HEIGHT="54" WIDTH="96" VPOS="1204" HPOS="385" CONTENT="est"/>
                  <SP HEIGHT="54" WIDTH="14" VPOS="1204" HPOS="481"/>
                  <String HEIGHT="54" WIDTH="82" VPOS="1204" HPOS="440" CONTENT="id"/>
                  <SP HEIGHT="54" WIDTH="14" VPOS="1204" HPOS="523"/>
                  <String HEIGHT="54" WIDTH="96" VPOS="1204" HPOS="481" CONTENT="quo"/>
                  <SP HEIGHT="54" WIDTH="14" VPOS="1204" HPOS="577"/>
                  <String HEIGHT="54"
                          WIDTH="151"
                          VPOS="1204"
                          HPOS="536"
                          CONTENT="nutrit,"/>
                  <SP HEIGHT="54" WIDTH="14" VPOS="1204" HPOS="687"/>
                  <String HEIGHT="54" WIDTH="82" VPOS="1204" HPOS="646" CONTENT="ut"/>
                  <SP HEIGHT="54" WIDTH="14" VPOS="1204" HPOS="728"/>
                  <String HEIGHT="54"
                          WIDTH="123"
                          VPOS="1204"
                          HPOS="687"
                          CONTENT="etiam"/>
                  <SP HEIGHT="54" WIDTH="14" VPOS="1204" HPOS="810"/>
                  <String HEIGHT="54" WIDTH="82" VPOS="1204" HPOS="769" CONTENT="id"/>
                  <SP HEIGHT="54" WIDTH="14" VPOS="1204" HPOS="852"/>
                  <String HEIGHT="54" WIDTH="96" VPOS="1204" HPOS="810" CONTENT="quo"/>
                  <SP HEIGHT="54" WIDTH="14" VPOS="1204" HPOS="906"/>
                  <String HEIGHT="54"
                          WIDTH="165"
                          VPOS="1204"
                          HPOS="865"
                          CONTENT="gubernas"/>
                  <SP HEIGHT="54" WIDTH="14" VPOS="1204" HPOS="1030"/>
                  <String HEIGHT="54"
                          WIDTH="165"
                          VPOS="1204"
                          HPOS="989"
                          CONTENT="scilicet"/>
                  <SP HEIGHT="54" WIDTH="14" VPOS="1204" HPOS="1153"/>
                  <String HEIGHT="54"
                          WIDTH="110"
                          VPOS="1204"
                          HPOS="1098"
                          CONTENT="manus,"/>
               </TextLine>
               <TextLine ID="r4l29"
                         BASELINE="1315"
                         HEIGHT="49"
                         WIDTH="1037"
                         VPOS="1266"
                         HPOS="170">
                  <String HEIGHT="49" WIDTH="84" VPOS="1266" HPOS="153" CONTENT="&amp;"/>
                  <SP HEIGHT="49" WIDTH="17" VPOS="1266" HPOS="237"/>
                  <String HEIGHT="49"
                          WIDTH="151"
                          VPOS="1266"
                          HPOS="187"
                          CONTENT="temo."/>
                  <SP HEIGHT="49" WIDTH="17" VPOS="1266" HPOS="337"/>
                  <String HEIGHT="49"
                          WIDTH="151"
                          VPOS="1266"
                          HPOS="287"
                          CONTENT="aliud"/>
                  <SP HEIGHT="49" WIDTH="17" VPOS="1266" HPOS="438"/>
                  <String HEIGHT="49"
                          WIDTH="134"
                          VPOS="1266"
                          HPOS="387"
                          CONTENT="quod"/>
                  <SP HEIGHT="49" WIDTH="17" VPOS="1266" HPOS="521"/>
                  <String HEIGHT="49"
                          WIDTH="151"
                          VPOS="1266"
                          HPOS="471"
                          CONTENT="mouet"/>
                  <SP HEIGHT="49" WIDTH="17" VPOS="1266" HPOS="622"/>
                  <String HEIGHT="49" WIDTH="84" VPOS="1266" HPOS="571" CONTENT="&amp;"/>
                  <SP HEIGHT="49" WIDTH="17" VPOS="1266" HPOS="655"/>
                  <String HEIGHT="49"
                          WIDTH="201"
                          VPOS="1266"
                          HPOS="605"
                          CONTENT="mouetur,"/>
                  <SP HEIGHT="49" WIDTH="17" VPOS="1266" HPOS="806"/>
                  <String HEIGHT="49"
                          WIDTH="151"
                          VPOS="1266"
                          HPOS="755"
                          CONTENT="aliud"/>
                  <SP HEIGHT="49" WIDTH="17" VPOS="1266" HPOS="906"/>
                  <String HEIGHT="49"
                          WIDTH="134"
                          VPOS="1266"
                          HPOS="856"
                          CONTENT="quod"/>
                  <SP HEIGHT="49" WIDTH="17" VPOS="1266" HPOS="990"/>
                  <String HEIGHT="49"
                          WIDTH="151"
                          VPOS="1266"
                          HPOS="939"
                          CONTENT="mouet"/>
                  <SP HEIGHT="49" WIDTH="17" VPOS="1266" HPOS="1090"/>
                  <String HEIGHT="49"
                          WIDTH="184"
                          VPOS="1266"
                          HPOS="1023"
                          CONTENT="tantummo"
                          SUBS_TYPE="HypPart1"
                          SUBS_CONTENT="tantummodo."/>
                  <HYP CONTENT="-"/>
               </TextLine>
               <TextLine ID="r4l30"
                         BASELINE="1347"
                         HEIGHT="43"
                         WIDTH="1025"
                         VPOS="1304"
                         HPOS="180">
                  <String HEIGHT="43"
                          WIDTH="103"
                          VPOS="1304"
                          HPOS="165"
                          CONTENT="do."
                          SUBS_TYPE="HypPart2"
                          SUBS_CONTENT="tantummodo."/>
                  <SP HEIGHT="43" WIDTH="15" VPOS="1304" HPOS="268"/>
                  <String HEIGHT="43"
                          WIDTH="117"
                          VPOS="1304"
                          HPOS="224"
                          CONTENT="omne"/>
                  <SP HEIGHT="43" WIDTH="15" VPOS="1304" HPOS="341"/>
                  <String HEIGHT="43"
                          WIDTH="132"
                          VPOS="1304"
                          HPOS="297"
                          CONTENT="autem"/>
                  <SP HEIGHT="43" WIDTH="15" VPOS="1304" HPOS="429"/>
                  <String HEIGHT="43"
                          WIDTH="190"
                          VPOS="1304"
                          HPOS="385"
                          CONTENT="alimentum"/>
                  <SP HEIGHT="43" WIDTH="15" VPOS="1304" HPOS="575"/>
                  <String HEIGHT="43"
                          WIDTH="161"
                          VPOS="1304"
                          HPOS="531"
                          CONTENT="necesse"/>
                  <SP HEIGHT="43" WIDTH="15" VPOS="1304" HPOS="693"/>
                  <String HEIGHT="43"
                          WIDTH="103"
                          VPOS="1304"
                          HPOS="649"
                          CONTENT="est"/>
                  <SP HEIGHT="43" WIDTH="15" VPOS="1304" HPOS="751"/>
                  <String HEIGHT="43"
                          WIDTH="176"
                          VPOS="1304"
                          HPOS="707"
                          CONTENT="concoqui"/>
                  <SP HEIGHT="43" WIDTH="15" VPOS="1304" HPOS="883"/>
                  <String HEIGHT="43"
                          WIDTH="146"
                          VPOS="1304"
                          HPOS="839"
                          CONTENT="posse:"/>
                  <SP HEIGHT="43" WIDTH="15" VPOS="1304" HPOS="985"/>
                  <String HEIGHT="43"
                          WIDTH="161"
                          VPOS="1304"
                          HPOS="941"
                          CONTENT="efficit"/>
                  <SP HEIGHT="43" WIDTH="15" VPOS="1304" HPOS="1103"/>
                  <String HEIGHT="43"
                          WIDTH="132"
                          VPOS="1304"
                          HPOS="1059"
                          CONTENT="autem"/>
                  <SP HEIGHT="43" WIDTH="15" VPOS="1304" HPOS="1190"/>
                  <String HEIGHT="43"
                          WIDTH="73"
                          VPOS="1304"
                          HPOS="1132"
                          CONTENT="con"/>
               </TextLine>
               <TextLine ID="r4l31"
                         BASELINE="1403"
                         HEIGHT="46"
                         WIDTH="1041"
                         VPOS="1357"
                         HPOS="173">
                  <String HEIGHT="46"
                          WIDTH="226"
                          VPOS="1357"
                          HPOS="156"
                          CONTENT="coctionem"/>
                  <SP HEIGHT="46" WIDTH="17" VPOS="1357" HPOS="381"/>
                  <String HEIGHT="46"
                          WIDTH="208"
                          VPOS="1357"
                          HPOS="329"
                          CONTENT="calidum:"/>
                  <SP HEIGHT="46" WIDTH="17" VPOS="1357" HPOS="537"/>
                  <String HEIGHT="46"
                          WIDTH="226"
                          VPOS="1357"
                          HPOS="485"
                          CONTENT="quamobrem"/>
                  <SP HEIGHT="46" WIDTH="17" VPOS="1357" HPOS="711"/>
                  <String HEIGHT="46"
                          WIDTH="139"
                          VPOS="1357"
                          HPOS="659"
                          CONTENT="omne"/>
                  <SP HEIGHT="46" WIDTH="17" VPOS="1357" HPOS="798"/>
                  <String HEIGHT="46"
                          WIDTH="208"
                          VPOS="1357"
                          HPOS="746"
                          CONTENT="animatum"/>
                  <SP HEIGHT="46" WIDTH="17" VPOS="1357" HPOS="954"/>
                  <String HEIGHT="46"
                          WIDTH="156"
                          VPOS="1357"
                          HPOS="902"
                          CONTENT="habet"/>
                  <SP HEIGHT="46" WIDTH="17" VPOS="1357" HPOS="1058"/>
                  <String HEIGHT="46"
                          WIDTH="208"
                          VPOS="1357"
                          HPOS="1006"
                          CONTENT="calorem."/>
                  <SP HEIGHT="46" WIDTH="17" VPOS="1357" HPOS="1214"/>
                  <String HEIGHT="46" WIDTH="69" VPOS="1357" HPOS="1145" CONTENT="Ac"/>
               </TextLine>
               <TextLine ID="r4l32"
                         BASELINE="1443"
                         HEIGHT="47"
                         WIDTH="1045"
                         VPOS="1396"
                         HPOS="170">
                  <String HEIGHT="47"
                          WIDTH="209"
                          VPOS="1396"
                          HPOS="154"
                          CONTENT="alimentum"/>
                  <SP HEIGHT="47" WIDTH="16" VPOS="1396" HPOS="363"/>
                  <String HEIGHT="47"
                          WIDTH="161"
                          VPOS="1396"
                          HPOS="315"
                          CONTENT="quidem"/>
                  <SP HEIGHT="47" WIDTH="16" VPOS="1396" HPOS="475"/>
                  <String HEIGHT="47"
                          WIDTH="129"
                          VPOS="1396"
                          HPOS="427"
                          CONTENT="quid"/>
                  <SP HEIGHT="47" WIDTH="16" VPOS="1396" HPOS="556"/>
                  <String HEIGHT="47"
                          WIDTH="129"
                          VPOS="1396"
                          HPOS="508"
                          CONTENT="sit,"/>
                  <SP HEIGHT="47" WIDTH="16" VPOS="1396" HPOS="636"/>
                  <String HEIGHT="47"
                          WIDTH="161"
                          VPOS="1396"
                          HPOS="588"
                          CONTENT="dictum"/>
                  <SP HEIGHT="47" WIDTH="16" VPOS="1396" HPOS="749"/>
                  <String HEIGHT="47"
                          WIDTH="113"
                          VPOS="1396"
                          HPOS="701"
                          CONTENT="est"/>
                  <SP HEIGHT="47" WIDTH="16" VPOS="1396" HPOS="813"/>
                  <String HEIGHT="47"
                          WIDTH="257"
                          VPOS="1396"
                          HPOS="765"
                          CONTENT="adumbratione"/>
                  <SP HEIGHT="47" WIDTH="16" VPOS="1396" HPOS="1022"/>
                  <String HEIGHT="47"
                          WIDTH="177"
                          VPOS="1396"
                          HPOS="974"
                          CONTENT="quadam:"/>
                  <SP HEIGHT="47" WIDTH="16" VPOS="1396" HPOS="1151"/>
                  <String HEIGHT="47" WIDTH="96" VPOS="1396" HPOS="1102" CONTENT="de"/>
                  <SP HEIGHT="47" WIDTH="16" VPOS="1396" HPOS="1199"/>
                  <String HEIGHT="47"
                          WIDTH="80"
                          VPOS="1396"
                          HPOS="1135"
                          CONTENT="quo"/>
               </TextLine>
               <TextLine ID="r4l33"
                         BASELINE="1507"
                         HEIGHT="56"
                         WIDTH="486"
                         VPOS="1451"
                         HPOS="176">
                  <String HEIGHT="56"
                          WIDTH="118"
                          VPOS="1451"
                          HPOS="161"
                          CONTENT="post"/>
                  <SP HEIGHT="56" WIDTH="15" VPOS="1451" HPOS="279"/>
                  <String HEIGHT="56"
                          WIDTH="147"
                          VPOS="1451"
                          HPOS="235"
                          CONTENT="idoneo"/>
                  <SP HEIGHT="56" WIDTH="15" VPOS="1451" HPOS="382"/>
                  <String HEIGHT="56"
                          WIDTH="118"
                          VPOS="1451"
                          HPOS="338"
                          CONTENT="loco"/>
                  <SP HEIGHT="56" WIDTH="15" VPOS="1451" HPOS="456"/>
                  <String HEIGHT="56"
                          WIDTH="177"
                          VPOS="1451"
                          HPOS="412"
                          CONTENT="apertius"/>
                  <SP HEIGHT="56" WIDTH="15" VPOS="1451" HPOS="588"/>
                  <String HEIGHT="56"
                          WIDTH="133"
                          VPOS="1451"
                          HPOS="529"
                          CONTENT="agemus."/>
               </TextLine>
               <TextLine ID="r4l34"
                         BASELINE="1539"
                         HEIGHT="48"
                         WIDTH="976"
                         VPOS="1491"
                         HPOS="218">
                  <String HEIGHT="48" WIDTH="101" VPOS="1491" HPOS="201" CONTENT="Et"/>
                  <SP HEIGHT="48" WIDTH="17" VPOS="1491" HPOS="302"/>
                  <String HEIGHT="48"
                          WIDTH="168"
                          VPOS="1491"
                          HPOS="252"
                          CONTENT="illud,"/>
                  <SP HEIGHT="48" WIDTH="17" VPOS="1491" HPOS="420"/>
                  <String HEIGHT="48"
                          WIDTH="118"
                          VPOS="1491"
                          HPOS="369"
                          CONTENT="per"/>
                  <SP HEIGHT="48" WIDTH="17" VPOS="1491" HPOS="487"/>
                  <String HEIGHT="48"
                          WIDTH="135"
                          VPOS="1491"
                          HPOS="437"
                          CONTENT="quod"/>
                  <SP HEIGHT="48" WIDTH="17" VPOS="1491" HPOS="571"/>
                  <String HEIGHT="48"
                          WIDTH="219"
                          VPOS="1491"
                          HPOS="521"
                          CONTENT="nutritur,"/>
                  <SP HEIGHT="48" WIDTH="17" VPOS="1491" HPOS="740"/>
                  <String HEIGHT="48"
                          WIDTH="118"
                          VPOS="1491"
                          HPOS="689"
                          CONTENT="est"/>
                  <SP HEIGHT="48" WIDTH="17" VPOS="1491" HPOS="807"/>
                  <String HEIGHT="48"
                          WIDTH="185"
                          VPOS="1491"
                          HPOS="756"
                          CONTENT="duplex:"/>
                  <SP HEIGHT="48" WIDTH="17" VPOS="1491" HPOS="942"/>
                  <String HEIGHT="48"
                          WIDTH="252"
                          VPOS="1491"
                          HPOS="891"
                          CONTENT="quemadmodum"/>
                  <SP HEIGHT="48" WIDTH="17" VPOS="1491" HPOS="1144"/>
                  <String HEIGHT="48"
                          WIDTH="118"
                          VPOS="1491"
                          HPOS="1076"
                          CONTENT="illud"/>
               </TextLine>
               <TextLine ID="r4l35"
                         BASELINE="1587"
                         HEIGHT="39"
                         WIDTH="1040"
                         VPOS="1548"
                         HPOS="169">
                  <String HEIGHT="39"
                          WIDTH="130"
                          VPOS="1548"
                          HPOS="150"
                          CONTENT="per"/>
                  <SP HEIGHT="39" WIDTH="19" VPOS="1548" HPOS="280"/>
                  <String HEIGHT="39"
                          WIDTH="149"
                          VPOS="1548"
                          HPOS="225"
                          CONTENT="quod"/>
                  <SP HEIGHT="39" WIDTH="19" VPOS="1548" HPOS="373"/>
                  <String HEIGHT="39"
                          WIDTH="260"
                          VPOS="1548"
                          HPOS="318"
                          CONTENT="gubernatur"/>
                  <SP HEIGHT="39" WIDTH="19" VPOS="1548" HPOS="578"/>
                  <String HEIGHT="39"
                          WIDTH="186"
                          VPOS="1548"
                          HPOS="522"
                          CONTENT="nauis,"/>
                  <SP HEIGHT="39" WIDTH="19" VPOS="1548" HPOS="708"/>
                  <String HEIGHT="39" WIDTH="93" VPOS="1548" HPOS="652" CONTENT="&amp;"/>
                  <SP HEIGHT="39" WIDTH="19" VPOS="1548" HPOS="745"/>
                  <String HEIGHT="39"
                          WIDTH="186"
                          VPOS="1548"
                          HPOS="689"
                          CONTENT="manus,"/>
                  <SP HEIGHT="39" WIDTH="19" VPOS="1548" HPOS="875"/>
                  <String HEIGHT="39" WIDTH="93" VPOS="1548" HPOS="819" CONTENT="&amp;"/>
                  <SP HEIGHT="39" WIDTH="19" VPOS="1548" HPOS="912"/>
                  <String HEIGHT="39"
                          WIDTH="186"
                          VPOS="1548"
                          HPOS="856"
                          CONTENT="remus."/>
                  <SP HEIGHT="39" WIDTH="19" VPOS="1548" HPOS="1042"/>
                  <String HEIGHT="39"
                          WIDTH="186"
                          VPOS="1548"
                          HPOS="986"
                          CONTENT="quorum"/>
                  <SP HEIGHT="39" WIDTH="19" VPOS="1548" HPOS="1172"/>
                  <String HEIGHT="39"
                          WIDTH="111"
                          VPOS="1548"
                          HPOS="1098"
                          CONTENT="vnum"/>
               </TextLine>
               <TextLine ID="r4l36"
                         BASELINE="1623"
                         HEIGHT="42"
                         WIDTH="1036"
                         VPOS="1581"
                         HPOS="174">
                  <String HEIGHT="42"
                          WIDTH="121"
                          VPOS="1581"
                          HPOS="157"
                          CONTENT="est"/>
                  <SP HEIGHT="42" WIDTH="17" VPOS="1581" HPOS="278"/>
                  <String HEIGHT="42"
                          WIDTH="155"
                          VPOS="1581"
                          HPOS="226"
                          CONTENT="motor"/>
                  <SP HEIGHT="42" WIDTH="17" VPOS="1581" HPOS="381"/>
                  <String HEIGHT="42" WIDTH="86" VPOS="1581" HPOS="329" CONTENT="&amp;"/>
                  <SP HEIGHT="42" WIDTH="17" VPOS="1581" HPOS="416"/>
                  <String HEIGHT="42"
                          WIDTH="173"
                          VPOS="1581"
                          HPOS="364"
                          CONTENT="motum,"/>
                  <SP HEIGHT="42" WIDTH="17" VPOS="1581" HPOS="537"/>
                  <String HEIGHT="42" WIDTH="86" VPOS="1581" HPOS="485" CONTENT="&amp;"/>
                  <SP HEIGHT="42" WIDTH="17" VPOS="1581" HPOS="571"/>
                  <String HEIGHT="42"
                          WIDTH="155"
                          VPOS="1581"
                          HPOS="519"
                          CONTENT="aliud"/>
                  <SP HEIGHT="42" WIDTH="17" VPOS="1581" HPOS="675"/>
                  <String HEIGHT="42"
                          WIDTH="121"
                          VPOS="1581"
                          HPOS="623"
                          CONTENT="est"/>
                  <SP HEIGHT="42" WIDTH="17" VPOS="1581" HPOS="744"/>
                  <String HEIGHT="42"
                          WIDTH="173"
                          VPOS="1581"
                          HPOS="692"
                          CONTENT="mouens"/>
                  <SP HEIGHT="42" WIDTH="17" VPOS="1581" HPOS="865"/>
                  <String HEIGHT="42"
                          WIDTH="190"
                          VPOS="1581"
                          HPOS="813"
                          CONTENT="tantum."/>
                  <SP HEIGHT="42" WIDTH="17" VPOS="1581" HPOS="1003"/>
                  <String HEIGHT="42" WIDTH="104" VPOS="1581" HPOS="951" CONTENT="Et"/>
                  <SP HEIGHT="42" WIDTH="17" VPOS="1581" HPOS="1055"/>
                  <String HEIGHT="42"
                          WIDTH="190"
                          VPOS="1581"
                          HPOS="1003"
                          CONTENT="oportet"/>
                  <SP HEIGHT="42" WIDTH="17" VPOS="1581" HPOS="1193"/>
                  <String HEIGHT="42"
                          WIDTH="86"
                          VPOS="1581"
                          HPOS="1124"
                          CONTENT="ne"
                          SUBS_TYPE="HypPart1"
                          SUBS_CONTENT="necessario"/>
                  <HYP CONTENT="-"/>
               </TextLine>
               <TextLine ID="r4l37"
                         BASELINE="1667"
                         HEIGHT="44"
                         WIDTH="1034"
                         VPOS="1623"
                         HPOS="174">
                  <String HEIGHT="44"
                          WIDTH="197"
                          VPOS="1623"
                          HPOS="158"
                          CONTENT="cessario"
                          SUBS_TYPE="HypPart2"
                          SUBS_CONTENT="necessario"/>
                  <SP HEIGHT="44" WIDTH="16" VPOS="1623" HPOS="355"/>
                  <String HEIGHT="44" WIDTH="98" VPOS="1623" HPOS="305" CONTENT="vt"/>
                  <SP HEIGHT="44" WIDTH="16" VPOS="1623" HPOS="404"/>
                  <String HEIGHT="44"
                          WIDTH="131"
                          VPOS="1623"
                          HPOS="355"
                          CONTENT="omne"/>
                  <SP HEIGHT="44" WIDTH="16" VPOS="1623" HPOS="486"/>
                  <String HEIGHT="44"
                          WIDTH="246"
                          VPOS="1623"
                          HPOS="437"
                          CONTENT="nutrimentum"/>
                  <SP HEIGHT="44" WIDTH="16" VPOS="1623" HPOS="683"/>
                  <String HEIGHT="44"
                          WIDTH="164"
                          VPOS="1623"
                          HPOS="634"
                          CONTENT="possit"/>
                  <SP HEIGHT="44" WIDTH="16" VPOS="1623" HPOS="798"/>
                  <String HEIGHT="44"
                          WIDTH="181"
                          VPOS="1623"
                          HPOS="748"
                          CONTENT="digeri."/>
                  <SP HEIGHT="44" WIDTH="16" VPOS="1623" HPOS="929"/>
                  <String HEIGHT="44" WIDTH="82" VPOS="1623" HPOS="880" CONTENT="&amp;"/>
                  <SP HEIGHT="44" WIDTH="16" VPOS="1623" HPOS="962"/>
                  <String HEIGHT="44"
                          WIDTH="181"
                          VPOS="1623"
                          HPOS="913"
                          CONTENT="faciens"/>
                  <SP HEIGHT="44" WIDTH="16" VPOS="1623" HPOS="1093"/>
                  <String HEIGHT="44"
                          WIDTH="181"
                          VPOS="1623"
                          HPOS="1027"
                          CONTENT="digestio"
                          SUBS_TYPE="HypPart1"
                          SUBS_CONTENT="digestionem"/>
                  <HYP CONTENT="-"/>
               </TextLine>
               <TextLine ID="r4l38"
                         BASELINE="1720"
                         HEIGHT="45"
                         WIDTH="1037"
                         VPOS="1675"
                         HPOS="170">
                  <String HEIGHT="45"
                          WIDTH="123"
                          VPOS="1675"
                          HPOS="152"
                          CONTENT="nem"
                          SUBS_TYPE="HypPart2"
                          SUBS_CONTENT="digestionem"/>
                  <SP HEIGHT="45" WIDTH="18" VPOS="1675" HPOS="275"/>
                  <String HEIGHT="45"
                          WIDTH="123"
                          VPOS="1675"
                          HPOS="223"
                          CONTENT="est"/>
                  <SP HEIGHT="45" WIDTH="18" VPOS="1675" HPOS="346"/>
                  <String HEIGHT="45"
                          WIDTH="211"
                          VPOS="1675"
                          HPOS="293"
                          CONTENT="calidum."/>
                  <SP HEIGHT="45" WIDTH="18" VPOS="1675" HPOS="504"/>
                  <String HEIGHT="45"
                          WIDTH="141"
                          VPOS="1675"
                          HPOS="451"
                          CONTENT="vnde"/>
                  <SP HEIGHT="45" WIDTH="18" VPOS="1675" HPOS="592"/>
                  <String HEIGHT="45"
                          WIDTH="141"
                          VPOS="1675"
                          HPOS="539"
                          CONTENT="omne"/>
                  <SP HEIGHT="45" WIDTH="18" VPOS="1675" HPOS="680"/>
                  <String HEIGHT="45"
                          WIDTH="211"
                          VPOS="1675"
                          HPOS="627"
                          CONTENT="animatum"/>
                  <SP HEIGHT="45" WIDTH="18" VPOS="1675" HPOS="838"/>
                  <String HEIGHT="45"
                          WIDTH="158"
                          VPOS="1675"
                          HPOS="785"
                          CONTENT="habet"/>
                  <SP HEIGHT="45" WIDTH="18" VPOS="1675" HPOS="943"/>
                  <String HEIGHT="45"
                          WIDTH="211"
                          VPOS="1675"
                          HPOS="891"
                          CONTENT="calorem."/>
                  <SP HEIGHT="45" WIDTH="18" VPOS="1675" HPOS="1102"/>
                  <String HEIGHT="45"
                          WIDTH="123"
                          VPOS="1675"
                          HPOS="1049"
                          CONTENT="Iam"/>
                  <SP HEIGHT="45" WIDTH="18" VPOS="1675" HPOS="1172"/>
                  <String HEIGHT="45"
                          WIDTH="105"
                          VPOS="1675"
                          HPOS="1102"
                          CONTENT="igi"
                          SUBS_TYPE="HypPart1"
                          SUBS_CONTENT="igitur"/>
                  <HYP CONTENT="-"/>
               </TextLine>
               <TextLine ID="r4l39"
                         BASELINE="1755"
                         HEIGHT="47"
                         WIDTH="1037"
                         VPOS="1708"
                         HPOS="172">
                  <String HEIGHT="47"
                          WIDTH="117"
                          VPOS="1708"
                          HPOS="155"
                          CONTENT="tur"
                          SUBS_TYPE="HypPart2"
                          SUBS_CONTENT="igitur"/>
                  <SP HEIGHT="47" WIDTH="17" VPOS="1708" HPOS="272"/>
                  <String HEIGHT="47"
                          WIDTH="184"
                          VPOS="1708"
                          HPOS="222"
                          CONTENT="diximus"/>
                  <SP HEIGHT="47" WIDTH="17" VPOS="1708" HPOS="406"/>
                  <String HEIGHT="47"
                          WIDTH="201"
                          VPOS="1708"
                          HPOS="356"
                          CONTENT="secundum"/>
                  <SP HEIGHT="47" WIDTH="17" VPOS="1708" HPOS="557"/>
                  <String HEIGHT="47"
                          WIDTH="284"
                          VPOS="1708"
                          HPOS="507"
                          CONTENT="descriptionem"/>
                  <SP HEIGHT="47" WIDTH="17" VPOS="1708" HPOS="791"/>
                  <String HEIGHT="47"
                          WIDTH="134"
                          VPOS="1708"
                          HPOS="741"
                          CONTENT="quid"/>
                  <SP HEIGHT="47" WIDTH="17" VPOS="1708" HPOS="874"/>
                  <String HEIGHT="47"
                          WIDTH="117"
                          VPOS="1708"
                          HPOS="824"
                          CONTENT="sit"/>
                  <SP HEIGHT="47" WIDTH="17" VPOS="1708" HPOS="941"/>
                  <String HEIGHT="47"
                          WIDTH="167"
                          VPOS="1708"
                          HPOS="891"
                          CONTENT="cibus."/>
                  <SP HEIGHT="47" WIDTH="17" VPOS="1708" HPOS="1058"/>
                  <String HEIGHT="47" WIDTH="84" VPOS="1708" HPOS="1008" CONTENT="&amp;"/>
                  <SP HEIGHT="47" WIDTH="17" VPOS="1708" HPOS="1092"/>
                  <String HEIGHT="47"
                          WIDTH="134"
                          VPOS="1708"
                          HPOS="1042"
                          CONTENT="post"/>
                  <SP HEIGHT="47" WIDTH="17" VPOS="1708" HPOS="1176"/>
                  <String HEIGHT="47"
                          WIDTH="100"
                          VPOS="1708"
                          HPOS="1109"
                          CONTENT="expo"/>
               </TextLine>
               <TextLine ID="r4l40"
                         BASELINE="1795"
                         HEIGHT="46"
                         WIDTH="384"
                         VPOS="1749"
                         HPOS="177">
                  <String HEIGHT="46"
                          WIDTH="165"
                          VPOS="1749"
                          HPOS="159"
                          CONTENT="nemus"/>
                  <SP HEIGHT="46" WIDTH="18" VPOS="1749" HPOS="323"/>
                  <String HEIGHT="46"
                          WIDTH="219"
                          VPOS="1749"
                          HPOS="268"
                          CONTENT="sermonem"/>
                  <SP HEIGHT="46" WIDTH="18" VPOS="1749" HPOS="488"/>
                  <String HEIGHT="46" WIDTH="110" VPOS="1749" HPOS="433" CONTENT="in"/>
                  <SP HEIGHT="46" WIDTH="18" VPOS="1749" HPOS="543"/>
                  <String HEIGHT="46" WIDTH="91" VPOS="1749" HPOS="470" CONTENT="eo."/>
               </TextLine>
               <TextLine ID="r4l42"
                         BASELINE="1833"
                         HEIGHT="45"
                         WIDTH="1016"
                         VPOS="1788"
                         HPOS="199">
                  <String HEIGHT="45" WIDTH="89" VPOS="1788" HPOS="186" CONTENT="Cum"/>
                  <SP HEIGHT="45" WIDTH="13" VPOS="1788" HPOS="275"/>
                  <String HEIGHT="45"
                          WIDTH="203"
                          VPOS="1788"
                          HPOS="237"
                          CONTENT="demonstrauit"/>
                  <SP HEIGHT="45" WIDTH="13" VPOS="1788" HPOS="440"/>
                  <String HEIGHT="45"
                          WIDTH="114"
                          VPOS="1788"
                          HPOS="402"
                          CONTENT="modos"/>
                  <SP HEIGHT="45" WIDTH="13" VPOS="1788" HPOS="516"/>
                  <String HEIGHT="45"
                          WIDTH="152"
                          VPOS="1788"
                          HPOS="478"
                          CONTENT="actionis"/>
                  <SP HEIGHT="45" WIDTH="13" VPOS="1788" HPOS="631"/>
                  <String HEIGHT="45"
                          WIDTH="127"
                          VPOS="1788"
                          HPOS="593"
                          CONTENT="animae"/>
                  <SP HEIGHT="45" WIDTH="13" VPOS="1788" HPOS="720"/>
                  <String HEIGHT="45"
                          WIDTH="191"
                          VPOS="1788"
                          HPOS="682"
                          CONTENT="nutritiuae,"/>
                  <SP HEIGHT="45" WIDTH="13" VPOS="1788" HPOS="872"/>
                  <String HEIGHT="45" WIDTH="64" VPOS="1788" HPOS="834" CONTENT="&amp;"/>
                  <SP HEIGHT="45" WIDTH="13" VPOS="1788" HPOS="898"/>
                  <String HEIGHT="45"
                          WIDTH="178"
                          VPOS="1788"
                          HPOS="859"
                          CONTENT="descripsit"/>
                  <SP HEIGHT="45" WIDTH="13" VPOS="1788" HPOS="1037"/>
                  <String HEIGHT="45"
                          WIDTH="102"
                          VPOS="1788"
                          HPOS="999"
                          CONTENT="eam,"/>
                  <SP HEIGHT="45" WIDTH="13" VPOS="1788" HPOS="1101"/>
                  <String HEIGHT="45" WIDTH="64" VPOS="1788" HPOS="1063" CONTENT="&amp;"/>
                  <SP HEIGHT="45" WIDTH="13" VPOS="1788" HPOS="1126"/>
                  <String HEIGHT="45"
                          WIDTH="140"
                          VPOS="1788"
                          HPOS="1075"
                          CONTENT="dscripsit"/>
               </TextLine>
               <TextLine ID="r4l43"
                         BASELINE="1884"
                         HEIGHT="52"
                         WIDTH="1039"
                         VPOS="1832"
                         HPOS="169">
                  <String HEIGHT="52"
                          WIDTH="198"
                          VPOS="1832"
                          HPOS="157"
                          CONTENT="nutrimentum,"/>
                  <SP HEIGHT="52" WIDTH="12" VPOS="1832" HPOS="355"/>
                  <String HEIGHT="52"
                          WIDTH="148"
                          VPOS="1832"
                          HPOS="317"
                          CONTENT="incoepit"/>
                  <SP HEIGHT="52" WIDTH="12" VPOS="1832" HPOS="466"/>
                  <String HEIGHT="52"
                          WIDTH="161"
                          VPOS="1832"
                          HPOS="429"
                          CONTENT="declarare"/>
                  <SP HEIGHT="52" WIDTH="12" VPOS="1832" HPOS="590"/>
                  <String HEIGHT="52"
                          WIDTH="99"
                          VPOS="1832"
                          HPOS="552"
                          CONTENT="modo"/>
                  <SP HEIGHT="52" WIDTH="12" VPOS="1832" HPOS="651"/>
                  <String HEIGHT="52"
                          WIDTH="136"
                          VPOS="1832"
                          HPOS="614"
                          CONTENT="insteum"/>
                  <SP HEIGHT="52" WIDTH="12" VPOS="1832" HPOS="750"/>
                  <String HEIGHT="52"
                          WIDTH="136"
                          VPOS="1832"
                          HPOS="713"
                          CONTENT="primum,"/>
                  <SP HEIGHT="52" WIDTH="12" VPOS="1832" HPOS="849"/>
                  <String HEIGHT="52" WIDTH="87" VPOS="1832" HPOS="812" CONTENT="per"/>
                  <SP HEIGHT="52" WIDTH="12" VPOS="1832" HPOS="899"/>
                  <String HEIGHT="52"
                          WIDTH="99"
                          VPOS="1832"
                          HPOS="862"
                          CONTENT="quod"/>
                  <SP HEIGHT="52" WIDTH="12" VPOS="1832" HPOS="961"/>
                  <String HEIGHT="52"
                          WIDTH="99"
                          VPOS="1832"
                          HPOS="924"
                          CONTENT="ista"/>
                  <SP HEIGHT="52" WIDTH="12" VPOS="1832" HPOS="1022"/>
                  <String HEIGHT="52"
                          WIDTH="111"
                          VPOS="1832"
                          HPOS="985"
                          CONTENT="anima"/>
                  <SP HEIGHT="52" WIDTH="12" VPOS="1832" HPOS="1097"/>
                  <String HEIGHT="52"
                          WIDTH="99"
                          VPOS="1832"
                          HPOS="1060"
                          CONTENT="agit"/>
                  <SP HEIGHT="52" WIDTH="12" VPOS="1832" HPOS="1159"/>
                  <String HEIGHT="52" WIDTH="74" VPOS="1832" HPOS="1121" CONTENT="in"/>
                  <SP HEIGHT="52" WIDTH="12" VPOS="1832" HPOS="1196"/>
                  <String HEIGHT="52"
                          WIDTH="62"
                          VPOS="1832"
                          HPOS="1146"
                          CONTENT="ci"
                          SUBS_TYPE="HypPart1"
                          SUBS_CONTENT="cibum."/>
                  <HYP CONTENT="-"/>
               </TextLine>
               <TextLine ID="r4l44"
                         BASELINE="1923"
                         HEIGHT="52"
                         WIDTH="1010"
                         VPOS="1871"
                         HPOS="168">
                  <String HEIGHT="52"
                          WIDTH="86"
                          VPOS="1871"
                          HPOS="157"
                          CONTENT="bum."
                          SUBS_TYPE="HypPart2"
                          SUBS_CONTENT="cibum."/>
                  <SP HEIGHT="52" WIDTH="11" VPOS="1871" HPOS="243"/>
                  <String HEIGHT="52" WIDTH="75" VPOS="1871" HPOS="211" CONTENT="iam"/>
                  <SP HEIGHT="52" WIDTH="11" VPOS="1871" HPOS="286"/>
                  <String HEIGHT="52"
                          WIDTH="86"
                          VPOS="1871"
                          HPOS="254"
                          CONTENT="enim"/>
                  <SP HEIGHT="52" WIDTH="11" VPOS="1871" HPOS="340"/>
                  <String HEIGHT="52"
                          WIDTH="86"
                          VPOS="1871"
                          HPOS="308"
                          CONTENT="fuit"/>
                  <SP HEIGHT="52" WIDTH="11" VPOS="1871" HPOS="394"/>
                  <String HEIGHT="52"
                          WIDTH="107"
                          VPOS="1871"
                          HPOS="361"
                          CONTENT="dictum"/>
                  <SP HEIGHT="52" WIDTH="11" VPOS="1871" HPOS="469"/>
                  <String HEIGHT="52"
                          WIDTH="183"
                          VPOS="1871"
                          HPOS="437"
                          CONTENT="vniversaliter"/>
                  <SP HEIGHT="52" WIDTH="11" VPOS="1871" HPOS="619"/>
                  <String HEIGHT="52"
                          WIDTH="86"
                          VPOS="1871"
                          HPOS="587"
                          CONTENT="quod"/>
                  <SP HEIGHT="52" WIDTH="11" VPOS="1871" HPOS="673"/>
                  <String HEIGHT="52"
                          WIDTH="140"
                          VPOS="1871"
                          HPOS="641"
                          CONTENT="definitio"/>
                  <SP HEIGHT="52" WIDTH="11" VPOS="1871" HPOS="780"/>
                  <String HEIGHT="52"
                          WIDTH="107"
                          VPOS="1871"
                          HPOS="748"
                          CONTENT="animae"/>
                  <SP HEIGHT="52" WIDTH="11" VPOS="1871" HPOS="856"/>
                  <String HEIGHT="52" WIDTH="75" VPOS="1871" HPOS="823" CONTENT="est"/>
                  <SP HEIGHT="52" WIDTH="11" VPOS="1871" HPOS="899"/>
                  <String HEIGHT="52"
                          WIDTH="140"
                          VPOS="1871"
                          HPOS="866"
                          CONTENT="perfectio"/>
                  <SP HEIGHT="52" WIDTH="11" VPOS="1871" HPOS="1006"/>
                  <String HEIGHT="52"
                          WIDTH="129"
                          VPOS="1871"
                          HPOS="974"
                          CONTENT="corporis"/>
                  <SP HEIGHT="52" WIDTH="11" VPOS="1871" HPOS="1103"/>
                  <String HEIGHT="52"
                          WIDTH="118"
                          VPOS="1871"
                          HPOS="1060"
                          CONTENT="organici,"/>
               </TextLine>
            </TextBlock>
         </PrintSpace>
      </Page>
   </Layout>
</alto>
