1416 2066
190 164 122 40 quomodos
282 164 112 40 arguit,
363 164 133 40 dicebant,
465 164 82 40 quod
516 164 102 40 puncta
588 164 82 40 illa
629 164 71 40 erant

190 194 149 42 corpora,
302 194 62 42 &
327 194 87 42 cum
376 194 87 42 non
426 194 100 42 sint
488 194 162 42 esementa,
600 194 100 42 sequit

187 229 88 27 quod
242 229 110 27 essent
319 229 66 27 ex
352 229 143 27 elementis
461 229 132 27 causata.
560 229 99 27 talia
615 229 77 27 autem

189 258 94 32 bene
248 258 129 32 possunt
342 258 153 32 imaginari
460 258 106 32 posse
530 258 153 32 remoueri,
636 258 59 32 so-

183 289 74 33 la
220 289 174 33 quantitate
356 289 174 33 remanente,
493 289 87 33 cum
542 289 136 33 habeant
629 289 62 33 in-

190 319 158 39 trinsecam
311 319 206 39 resistentiam.
481 319 109 39 Motus
554 319 109 39 etiam
614 319 85 39 imagi

183 351 113 31 narius
262 351 79 31 est
307 351 79 31 res
352 351 113 31 amipla
431 351 113 31 satis.
510 351 113 31 dicunt
589 351 90 31 enim
635 351 56 31 Ma-

189 380 159 31 thematici
311 380 135 31 punctum
409 380 73 31 ex
446 380 86 31 sui
495 380 110 31 fluxu
568 380 122 31 causat
642 380 61 31 li-

189 413 102 29 neam,
257 413 57 29 &
280 413 114 29 fiuxus
359 413 114 29 lineae
439 413 114 29 causat
518 413 182 29 superficiem:
666 413 57 29 &

186 441 168 35 superficies
320 441 112 35 fiuens
399 441 112 35 causat
477 441 123 35 corpus.
567 441 101 35 omnia
623 441 78 35 autem

185 475 96 32 ista
245 475 72 32 ad
281 475 204 32 imaginationem
449 475 96 32 vera
509 475 108 32 sunt,
581 475 84 32 non
617 475 84 32 autem

185 503 165 42 fecundum
309 503 97 42 rem
351 503 110 42 ipsam.

214 533 190 43 Decimasexta
366 533 165 43 contradi.
493 533 89 43 est
544 533 76 43 in
582 533 101 43 com.
633 533 63 43 76.

193 564 119 38 Dicitur
280 564 87 38 quod
334 564 162 38 impossibile
464 564 76 38 est
507 564 65 38 vt
540 564 152 38 substantia
648 564 54 38 sit

194 601 194 26 elementorum
349 601 142 26 aliorum
453 601 181 26 oppositum.
595 601 91 26 12.
634 601 65 26 me-

188 629 117 29 taphy.
270 629 82 29 12.
317 629 140 29 Eulcitur
422 629 105 29 etiam
492 629 82 29 hoc
539 629 105 29 idem.
609 629 70 29 4.
633 629 70 29 meta

185 658 87 38 phy.
239 658 87 38 com.
294 658 65 38 2.
326 658 76 38 vbi
370 658 120 38 dicitur
457 658 163 38 substantiam
587 658 87 38 esse
631 658 65 38 cau-

186 692 83 31 sam
234 692 119 31 omnium
317 692 83 31 non
364 692 142 31 secundum
471 692 107 31 agens
542 692 59 31 &
566 692 119 31 finem,
637 692 59 31 sed

192 720 123 34 secundum
284 720 144 34 subiectum.
397 720 133 34 Soluitur.
500 720 133 34 principia
592 720 113 34 duplicia,

190 756 188 33 propinqua,
338 756 67 33 &
365 756 148 33 remota.
472 756 175 33 principia
593 756 108 33 remota

190 788 137 35 possunt
289 788 99 35 esse
351 788 112 35 eadem
426 788 149 35 respectu
537 788 124 35 omnium
612 788 87 35 prae-

189 820 229 38 dicamentorum.
377 820 94 38 sed
431 820 175 38 principia
552 820 148 38 propinqua

192 843 125 38 minime.
282 843 102 38 glosa
350 843 79 38 est
395 843 102 38 Auer.
463 843 91 38 com.
520 843 79 38 22.
565 843 79 38 iam
599 843 102 38 allega-

189 876 72 30 to
225 876 72 30 in
261 876 84 30 12.
309 876 108 30 meta.
382 876 84 30 hic
430 876 108 30 autem
502 876 145 30 locuitur
611 876 96 30 Com.
659 876 48 30 de

188 901 147 40 prncipiis
300 901 169 40 propinquis,
436 901 113 40 quando
515 901 101 40 dixit
582 901 90 40 quod
627 901 68 40 sub-

186 935 139 35 stantia
288 935 89 35 non
338 935 89 35 est
389 935 164 35 elementum
515 935 152 35 aliorum.
629 935 63 35 &
642 935 63 35 red

191 969 84 33 dens
244 969 106 33 causam
318 969 116 33 subdit,
403 969 116 33 dicens,
487 969 137 33 principia
592 969 84 33 enim
645 969 74 33 non

188 1000 170 34 substantiae
324 1000 91 34 sunt
381 1000 79 34 non
415 1000 147 34 substantiae

223 1029 210 37 Decimaseptima
396 1029 161 37 contradi.
519 1029 86 37 est
568 1029 111 37 super
630 1029 62 37 tex

191 1069 76 29 79.
235 1069 98 29 Dicit
300 1069 119 29 Aristo,
386 1069 87 29 hic,
441 1069 87 29 quod
495 1069 87 29 ossa
549 1069 76 29 non
582 1069 108 29 sentiunt

187 1091 76 33 Sed
230 1091 87 33 huic
285 1091 152 33 aduersatur
404 1091 97 33 Oale.
469 1091 76 33 in.
512 1091 65 33 2.
544 1091 65 33 de
577 1091 108 33 crisi,
642 1091 54 33 vbi

183 1125 106 37 ponit
254 1125 189 37 differentiam
408 1125 106 37 inter
479 1125 130 37 rigorem
561 1125 142 37 tertianae,

191 1157 52 37 &
211 1157 146 37 quartanae,
326 1157 73 37 vbi
368 1157 94 37 dicit
430 1157 83 37 quod
482 1157 63 37 in
514 1157 104 37 rigore
586 1157 104 37 quarta
649 1157 52 37 nae

187 1184 76 35 fit
231 1184 109 35 laesio
307 1184 98 35 vsque
372 1184 65 35 ad
405 1184 98 35 ossa,
470 1184 76 35 ita
514 1184 87 35 quod
568 1184 109 35 quidam
634 1184 65 35 con-

187 1221 124 35 quaesti
277 1221 90 35 sunt
333 1221 68 35 se
367 1221 113 35 dolere
446 1221 68 35 in
480 1221 135 35 ossibus.
581 1221 79 35 Hoc
615 1221 79 35 etiam

187 1247 187 36 contradicit
336 1247 125 36 sensui
423 1247 75 36 in
460 1247 199 36 laborantibus
610 1247 87 36 morbo

193 1279 149 38 gallico,
304 1279 87 38 qui
354 1279 149 38 plurimum
465 1279 198 38 conqueruntur
627 1279 74 38 se
651 1279 50 38 do

187 1310 87 40 lere
242 1310 65 40 in
274 1310 131 40 ossibas.
372 1310 87 40 Nisi
427 1310 98 40 esset
492 1310 87 40 quod
547 1310 109 40 sensus
612 1310 87 40 commu-

181 1338 139 40 nicatur
283 1338 139 40 ossibus
384 1338 152 40 mediante
498 1338 165 40 panniculo
612 1338 89 40 inuol

193 1372 92 38 uente
254 1372 92 38 illa,
315 1372 71 38 sed
356 1372 122 38 secundum
448 1372 71 38 sui
489 1372 153 38 substantiam
611 1372 92 38 sensu
662 1372 41 38 ca

184 1404 101 30 rent.
251 1404 101 30 sicut
319 1404 79 30 est
364 1404 68 30 de
398 1404 158 30 substantia
522 1404 135 30 cerebri,
612 1404 79 30 pulmo

181 1435 92 32 nis,
239 1435 58 32 &
262 1435 139 32 heparis,
366 1435 115 32 quibus
447 1435 115 32 sensus
528 1435 92 32 illo
586 1435 92 32 modo
632 1435 69 32 com-

188 1469 139 30 municauit
295 1469 128 30 secundum
391 1469 117 30 peritos
465 1469 107 30 Medicos,

106 1512 580 43 SOLVTIONES

235 1555 312 39 Contradictionum
497 1555 98 39 in
530 1555 131 39 dictis

299 1594 148 48 Arist.
403 1594 74 48 &
418 1594 163 48 Auerrois,

266 1645 135 53 Super
356 1645 165 53 Secundo
475 1645 90 53 de
505 1645 120 53 Anima.

344 1709 96 40 Rima
404 1709 156 40 contradi.
524 1709 84 40 est
572 1709 108 40 super
632 1709 60 40 tex

347 1740 59 39 2
371 1740 130 39 Aristo.
465 1740 130 39 diuidit
548 1740 154 39 substantiam

346 1770 160 33 trimembri
469 1770 172 33 diuisione,
591 1770 111 33 videli-

343 1801 89 37 cet
394 1801 76 37 in
432 1801 166 37 materiam,
560 1801 140 37 foriam,
662 1801 64 37 &

331 1824 94 49 lin
384 1824 202 49 substantiam
532 1824 162 49 compositam

177 1869 79 30 ex
216 1869 146 30 materia
322 1869 66 30 &
349 1869 132 30 forma.
442 1869 93 30 Sed
494 1869 172 30 oppositum
614 1869 79 30 habe

715 160 92 39 tur.
773 160 69 39 7.
808 160 139 39 metaphy.
912 160 92 39 tex.
969 160 127 39 commen.
1062 160 81 39 44.
1108 160 81 39 vbi
1143 160 92 39 dicit,

723 194 90 37 quod
779 194 124 37 dicitur
869 194 124 37 quatuor
959 194 112 37 modis.
1037 194 56 37 &
1060 194 79 37 ita
1105 194 101 37 etiam
1161 194 67 37 asse

721 228 74 30 rit
764 228 116 30 Commen.
848 228 74 30 in.
891 228 63 30 S.
922 228 148 30 metaphysi.
1039 228 85 30 com.
1092 228 63 30 1.
1113 228 116 30 Soluitur.

725 255 110 35 diuisio
805 255 159 35 substantiae,
934 255 80 35 alia
984 255 70 35 est
1024 255 120 35 secundum
1113 255 100 35 famam,
1173 255 60 35 alia

722 285 119 37 secundum
811 285 69 37 rei
851 285 138 37 veritatem.
959 285 109 37 diuisio
1038 285 119 37 secundum
1127 285 89 37 famam
1177 285 49 37 est

725 319 232 38 quatrimembris,
918 319 103 38 quia
983 319 116 38 vltra
1060 319 103 38 tria
1111 319 116 38 membia,

722 356 103 30 quae
787 356 103 30 sunt
851 356 155 30 materia,
968 356 129 30 forma,
1058 356 65 30 &
1071 356 155 30 compositum

720 380 72 31 ex
756 380 131 31 materia
852 380 60 31 &
875 380 120 31 forma,
959 380 84 31 est
1007 380 143 31 quartum.
1114 380 60 31 &
1138 380 84 31 est
1174 380 60 31 vni

722 414 123 29 uersale,
814 414 82 29 quod
865 414 123 29 secundum
958 414 123 29 Antiquos
1050 414 82 29 erat
1091 414 133 29 substantia.

719 444 91 35 quia
775 444 102 35 autem
843 444 91 35 Ari.
900 444 79 35 in.
945 444 68 35 7.
980 444 91 35 vult
1036 444 147 35 inquirere
1150 444 68 35 de
1172 444 57 35 hac

724 474 142 32 ppinione,
833 474 66 32 vt
866 474 98 32 dicit
932 474 87 32 Com.
986 474 66 32 in
1019 474 87 32 com.
1074 474 77 32 44.
1118 474 98 32 vtrum
1172 474 55 32 vni

721 503 142 35 uersalia
828 503 95 35 sint
887 503 178 35 substantiae
1029 503 107 35 rerum
1089 503 142 35 particula-

719 533 102 45 rium,
787 533 125 45 induxit
878 533 80 45 ibi
924 533 102 45 istam
992 533 171 45 diuisionem,
1129 533 91 45 quae
1174 533 57 45 fa-

718 564 97 37 mose
778 564 133 37 dicitur
875 564 72 37 de
911 564 145 37 quatuor:
1020 564 85 37 non
1068 564 97 37 quia
1128 564 97 37 ilta
1177 564 60 37 sit

719 598 113 30 opinio
798 598 102 30 eius.
866 598 79 30 nam
911 598 79 30 ibi
956 598 91 30 late
1013 598 113 30 probat
1092 598 113 30 nullum
1160 598 68 30 vni-

719 632 160 31 uersaliter
844 632 137 31 dictorum
947 632 171 31 substantiam
1084 632 103 31 esse.
1142 632 91 31 quando

716 659 134 33 ligitur
814 659 147 33 loquitur
924 659 73 33 ex
960 659 110 33 mente
1033 659 134 33 propria
1119 659 110 33 diuidit

714 693 201 30 substantiam
874 693 80 30 in
914 693 174 30 materiam,
1048 693 147 30 formam.
1155 693 67 30 &
1168 693 67 30 con

715 721 146 39 gregatum:
827 721 79 39 sed
872 721 113 39 quando
951 721 135 39 loquitur
1053 721 135 39 secundum
1143 721 90 39 famam.

717 756 140 30 diuidit
819 756 191 30 substantiam
972 756 76 30 in
1010 756 165 30 materiam,
1124 756 102 30 formam

717 782 65 37 &
743 782 207 37 congregatum,
912 782 65 37 &
924 782 169 37 vniuersale.

752 814 134 37 Secunda
849 814 195 37 contradictio
1008 814 85 37 est
1056 814 73 37 in
1093 814 134 37 commen.
1178 814 49 37 1.

721 845 126 34 Dicitur
812 845 92 34 quod
870 845 80 34 per
915 845 115 34 formam
996 845 161 34 indiuiduum
1122 845 80 34 fit
1156 845 69 34 hoc.

727 876 137 29 oppositum
833 876 127 29 apparet.
928 876 74 29 12.
970 876 105 29 nieta.
1044 876 74 29 14.
1086 876 63 29 &.
1118 876 63 29 I.
1139 876 84 29 coeli-

728 909 70 30 92.
768 909 60 30 &.
798 909 60 30 i.
828 909 90 30 meta.
888 909 80 30 com.
938 909 70 30 40.
978 909 70 30 vbi
1017 909 90 30 patet
1077 909 80 30 quod
1127 909 70 30 per
1157 909 70 30 mate-

721 941 108 29 tiam.
793 941 156 29 Soluitur.
913 941 60 29 a
937 941 108 29 forma
1009 941 180 29 indiuiduali
1141 941 84 29 habe-

714 965 90 37 tur
766 965 232 37 principialiter
959 965 180 37 indiuiduum
1100 965 103 37 hoc,
1152 965 77 37 quod

724 996 89 35 est.
780 996 67 35 Et
813 996 78 35 est
857 996 89 35 ista
913 996 145 35 sententia
1025 996 89 35 eius
1080 996 145 35 manifeste
1180 996 45 35 7.

718 1032 91 38 meta.
778 1032 81 38 com.
829 1032 60 38 3.
859 1032 71 38 vbi
899 1032 91 38 dicit
960 1032 81 38 quod
1010 1032 151 38 Philosophus
1121 1032 101 38 loquitur

717 1060 65 37 de
750 1060 142 37 principio
859 1060 153 37 indiuidni,
979 1060 55 37 &
1001 1060 98 37 dicit
1066 1060 87 37 quod
1121 1060 98 37 talis
1175 1060 55 37 est

722 1091 170 32 substantia,
858 1091 91 32 quae
915 1091 80 32 est
960 1091 114 32 forma,
1040 1091 57 32 &
1063 1091 80 32 per
1108 1091 102 32 illam
1165 1091 68 32 sub-

721 1122 142 33 stantiae
828 1122 190 33 demonstratae
982 1122 95 33 sunt
1041 1122 190 33 substantiae,
1195 1122 59 33 &

718 1155 114 31 vnum.
795 1155 140 31 Materia
896 1155 114 31 etiam
973 1155 178 31 concurrit,
1113 1155 114 31 tamen
1176 1155 51 31 mi

714 1187 85 32 nus
762 1187 109 32 princ
835 1187 145 32 ipaliter
943 1187 97 32 quam
1004 1187 121 32 forma.
1088 1187 133 32 Accedit
1173 1187 48 32 ad

721 1220 74 28 hoc
764 1220 85 28 quod
817 1220 64 28 vt
849 1220 138 28 declaraui
955 1220 117 28 prolixe
1039 1220 64 28 in
1071 1220 148 28 quaestione
1177 1220 53 28 mea

716 1247 65 35 de
749 1247 142 35 principio
858 1247 218 35 indiuiduationis,
1043 1247 87 35 alia
1098 1247 76 35 est
1131 1247 98 35 indiui-

718 1276 80 38 sio
763 1276 170 38 entitatiua,
899 1276 57 38 &
922 1276 91 38 alia
979 1276 193 38 quantitatiua.
1138 1276 91 38 vnde
1184 1276 45 38 en

717 1308 162 30 titatiuam
841 1308 199 30 indiuisionem
1003 1308 212 30 principaliter
1165 1308 62 30 ha-

718 1337 89 33 bet
769 1337 64 33 a
795 1337 128 33 forma,
884 1337 217 33 quantitatiuam
1063 1337 115 33 autem
1127 1337 102 33 appro-

712 1372 124 36 priate
798 1372 136 36 videtut
897 1372 124 36 habere
984 1372 62 36 a
1009 1372 149 36 materia:
1120 1372 87 36 cum
1158 1372 74 36 quan

720 1401 112 36 titas
794 1401 149 36 videatur
906 1401 149 36 materiam
1018 1401 162 36 consequi.
1142 1401 87 36 Sed
1179 1401 50 36 de

712 1430 81 36 his
759 1430 116 36 latius
840 1430 116 36 dictum
921 1430 81 36 est
967 1430 58 36 a
990 1430 104 36 nobis
1060 1430 69 36 in
1083 1430 139 36 quaestione

715 1461 91 37 illa:
776 1461 51 37 &
796 1461 91 37 illic
846 1461 71 37 vide.

752 1494 104 36 Tertia
825 1494 167 36 contradictio
960 1494 73 36 est
1002 1494 63 36 in
1033 1494 83 36 tex.
1085 1494 63 36 3.
1116 1494 83 36 Ari.
1158 1494 73 36 dicit

720 1525 87 32 quod
775 1525 120 32 corpora
862 1525 109 32 maxime
938 1525 131 32 videntur
1036 1525 87 32 esse
1080 1525 152 32 substantiae,

722 1556 61 30 &
746 1556 109 30 horum
819 1556 170 30 naturalia.
952 1556 97 30 quod
1013 1556 97 30 Com.
1073 1556 73 30 in
1110 1556 97 30 com.
1170 1556 61 30 &
1183 1556 48 30 Am

710 1585 136 32 monius,
808 1585 160 32 referente
932 1585 160 32 Philopono
1055 1585 123 32 ibidem
1129 1585 99 32 dicunt

718 1616 107 35 habere
793 1616 150 35 veritatem,
911 1616 129 35 secundum
1008 1616 86 35 quod
1061 1616 75 35 est
1104 1616 118 35 famosum
1179 1616 54 35 ma-

713 1646 105 42 gis,
779 1646 66 42 &
805 1646 79 42 vt
845 1646 105 42 apud
911 1646 158 42 multorum
1029 1646 145 42 hominum
1122 1646 105 42 cogni-

717 1685 127 29 tionem,
810 1685 69 29 vt
845 1685 104 29 dicit
914 1685 174 29 Philoponus.
1053 1685 81 29 sed
1100 1685 104 29 huius
1158 1685 69 29 oppo

715 1712 115 34 situm
792 1712 178 34 inuenituus
932 1712 102 34 apud
996 1712 115 34 Auer.
1072 1712 76 34 in
1098 1712 127 34 epitoma,

722 1739 76 37 seu
765 1739 152 37 paraphrasi
885 1739 97 37 meta.
950 1739 108 37 tract.
1025 1739 65 37 i.
1058 1739 87 37 cap.
1112 1739 65 37 de
1134 1739 97 37 substan

719 1770 87 34 tia,
773 1770 76 34 vbi
817 1770 98 34 dicit
882 1770 87 34 quod
936 1770 98 34 magis
1001 1770 108 34 famosa
1077 1770 65 34 ex
1099 1770 130 34 significa-

720 1801 131 32 tionibus
818 1801 164 32 substantiae
950 1801 77 32 est
993 1801 98 32 illa,
1059 1801 87 32 quae
1114 1801 120 32 dicitur
1190 1801 44 32 de

716 1832 165 34 indiuiduo
843 1832 203 34 substantiae.
1009 1832 64 34 &
1034 1832 127 34 reddit
1111 1832 114 34 causam,

716 1858 97 46 quia
777 1858 109 46 omnes
849 1858 170 46 Philosophi
983 1858 146 46 indicant
1092 1858 109 46 illud
1153 1858 73 46 esse
