1416 2066
209 180 150 47 acre,
309 180 83 47 &
343 180 216 47 austerum,
509 180 83 47 &
542 180 216 47 ponticum,
709 180 83 47 &
742 180 183 47 acutum:
875 180 150 47 ferem
975 180 133 47 enim
1059 180 117 47 hae
1108 180 167 47 videntur

217 227 131 48 esse
299 227 180 48 humorum
430 227 279 48 differentiae.
659 227 148 48 Quare
758 227 230 48 gustatiuum
938 227 197 48 potentia
1086 227 115 48 est
1135 227 131 48 huius-

208 266 147 50 modi.
306 266 213 50 gustabile
470 266 147 50 autem
568 266 115 50 est
633 266 196 50 factiuum
781 266 131 50 actu
846 266 131 50 huius.

257 337 164 50 Species
376 337 134 50 autem
466 337 179 50 saporum,
600 337 89 50 ut
644 337 134 50 etiam
734 337 89 50 in
778 337 209 50 coloribus,
942 337 194 50 simplices
1091 337 149 50 quidem
1181 337 89 50 sunt

202 392 125 50 quae
281 392 125 50 sunt
359 392 235 50 contrariae,
547 392 141 50 dulce
641 392 78 50 &
672 392 172 50 amarum:
798 392 172 50 proxima
923 392 110 50 aut
986 392 141 50 sunt,
1080 392 94 50 ab
1127 392 125 50 uno,
1190 392 78 50 pin

215 434 119 56 vue:
289 434 89 56 ab
334 434 163 56 altero,
453 434 163 56 salsum.
572 434 104 56 His
631 434 208 56 interiecta
795 434 134 56 sunt,
884 434 134 56 acre,
973 434 74 56 &
1003 434 193 56 austerum,
1151 434 74 56 &
1166 434 104 56 acec,

211 476 106 52 bu,
271 476 76 52 &
302 476 166 52 acidum.
423 476 106 52 nam
483 476 106 52 hae
543 476 212 52 propemodum
710 476 121 52 esse
785 476 166 52 saporum
906 476 242 52 differentiae
1088 476 181 52 uidentur..

214 527 127 60 Quare
299 527 198 60 gustatiuum
454 527 113 60 est,
525 527 113 60 quod
596 527 99 60 est
652 527 113 60 tale
723 527 184 60 potentia:
865 527 184 60 gustabile
1006 527 127 60 uero,
1091 527 113 60 quod
1162 527 99 60 est
1204 527 71 60 est

210 571 183 62 fectiuum
347 571 122 62 actu
408 571 106 62 eius.

244 620 96 47 Et
292 620 128 47 modi
372 620 176 47 saporum
500 620 128 47 sunt
581 620 144 47 sicut
677 620 96 47 in
725 620 224 47 coloribus,
901 620 208 47 simplices
1062 620 160 47 quidem
1158 620 112 47 sunt,

210 674 226 48 contrariil
388 674 178 48 dulcis,
517 674 81 48 &
549 674 178 48 amarus.
678 674 210 48 Sequentes
840 674 145 48 autem
937 674 129 48 sunt
1018 674 129 48 duo,
1098 674 145 48 istum
1179 674 81 48 vn-

209 709 187 54 ctuosus,
349 709 140 54 istum
443 709 140 54 autem
536 709 171 54 salsus.
660 709 93 54 Et
707 709 124 54 quae
785 709 124 54 sunt
863 709 140 54 inter
956 709 109 54 ea,
1018 709 124 54 sunt
1096 709 171 54 acutus,
1220 709 78 54 &

212 750 209 52 stypticus,
377 750 75 52 &
406 750 194 52 ponticus,
556 750 75 52 &
586 750 194 52 acetosus.
736 750 120 52 isti
810 750 120 52 enim
885 750 120 52 modi
960 750 135 52 ferem
1050 750 179 52 videntur
1169 750 90 52 esse

206 787 131 48 modi
287 787 196 48 saporum.
434 787 229 48 Quapropter
614 787 180 48 necesse
745 787 114 48 est
810 787 98 48 vt
859 787 180 48 Gustans
990 787 114 48 sit
1055 787 163 48 illud,
1153 787 98 48 quod

219 833 104 50 est
279 833 89 50 in
323 833 178 50 potentia
456 833 148 50 istius
560 833 267 50 dispositionis,
783 833 74 50 &
813 833 193 50 Gustabile
961 833 104 50 sit
1005 833 119 50 agens.

250 908 87 48 Et
294 908 204 48 dispositio
454 908 160 48 modorum
571 908 160 48 saporum
687 908 189 48 adinuicem
833 908 117 48 est,
906 908 131 48 sicut
993 908 204 48 dispositio
1139 908 131 48 colorum

218 948 211 47 adinuicem.
384 948 226 47 quemadmodum
564 948 151 47 igitur
670 948 166 47 colores
790 948 196 47 simplices
941 948 120 47 sunt
1016 948 151 47 albus,
1121 948 75 47 &
1137 948 120 47 niger,

214 996 96 39 ex
262 996 160 39 quibus
374 996 239 39 componuntur
565 996 144 39 alii,
661 996 160 39 quorum
772 996 160 39 quidam
884 996 128 39 sunt
964 996 271 39 propinquiores
1171 996 96 39 sim-

221 1021 144 54 plicibus,
332 1021 78 54 ita
376 1021 78 54 est
420 1021 66 54 de
454 1021 89 54 sapo
509 1021 100 54 ribus
575 1021 133 54 scilicet
675 1021 89 54 quod
730 1021 144 54 simplices
841 1021 100 54 eorum
908 1021 89 54 sunt
963 1021 144 54 contrari,
1074 1021 133 54 scilicet
1162 1021 100 54 dulcis,

214 1073 75 40 &
244 1073 165 40 amarus.
364 1073 75 40 &
394 1073 181 40 sequitur
530 1073 150 40 dulcem
635 1073 211 40 vnctuosus,
801 1073 75 40 &
831 1073 150 40 salsus
936 1073 165 40 amarum.
1056 1073 75 40 &
1086 1073 135 40 inter
1162 1073 105 40 istos

220 1102 114 39 sunt
291 1102 157 39 acutus,
405 1102 71 39 &
434 1102 200 39 stypticus,
591 1102 71 39 &
620 1102 186 39 acetosus.
762 1102 86 39 Et
805 1102 114 39 hoc,
877 1102 114 39 quod
948 1102 86 39 d.
991 1102 86 39 in
1034 1102 186 39 coloribus
1162 1102 100 39 mani-

214 1141 146 46 festum
317 1141 117 46 est:
390 1141 88 46 in
434 1141 190 46 saporibus
580 1141 117 46 vero
653 1141 132 46 habet
741 1141 234 46 quaestionem.
931 1141 161 46 Oalenus
1048 1141 117 46 enim
1106 1141 161 46 opinatur,

222 1179 112 56 quod
292 1179 183 56 ponticus,
433 1179 70 56 &
461 1179 168 56 acetosus
587 1179 154 56 frigidi
699 1179 126 56 sunt,
784 1179 70 56 &
812 1179 112 56 quod
882 1179 140 56 acutus
980 1179 98 56 est
1036 1179 168 56 calidior
1149 1179 112 56 amaro-

240 1220 95 46 Et,
295 1220 81 46 si
335 1220 95 46 nos
389 1220 230 46 concesserimus
579 1220 108 46 quod
647 1220 108 46 isti
714 1220 149 46 sapores
823 1220 217 46 consequuntur
999 1220 162 46 calorem,
1121 1220 68 46 &
1134 1220 122 46 frigus,

216 1259 138 41 necesse
317 1259 88 41 est
367 1259 100 41 quod
430 1259 201 41 contrarietas
593 1259 75 41 in
631 1259 113 41 istis
706 1259 88 41 sit
756 1259 75 41 in
794 1259 113 41 illo,
869 1259 100 41 quod
932 1259 88 41 est
982 1259 138 41 vltimae
1082 1259 151 41 calidum,
1195 1259 63 41 &
1208 1259 50 41 in

224 1300 119 55 illo,
303 1300 106 55 quod
369 1300 93 55 est
422 1300 132 55 vltimo
515 1300 172 55 frigidum.
647 1300 79 55 &,
687 1300 79 55 si
727 1300 225 55 concesserimus
912 1300 106 55 quod
978 1300 93 55 ita
1031 1300 93 55 est
1084 1300 79 55 de
1110 1300 159 55 saporibus,

224 1338 111 49 sicut
297 1338 86 49 est
347 1338 74 49 de
383 1338 160 49 coloribus
506 1338 147 49 scilicet
617 1338 98 49 quod
678 1338 98 49 idem
740 1338 111 49 color
813 1338 86 49 sit
863 1338 61 49 a
887 1338 184 49 caliditate,
1035 1338 86 49 vel
1084 1338 61 49 a
1096 1338 172 49 frigiditate,

216 1379 110 38 tunc
285 1379 96 38 non
340 1379 151 38 accidet
450 1379 220 38 impossibile.
628 1379 82 38 Et
669 1379 151 38 videtur
779 1379 110 38 quod
847 1379 110 38 haec
916 1379 137 38 opinio
1012 1379 137 38 Galeni
1108 1379 96 38 sit
1149 1379 110 38 error-

224 1417 161 53 Videmus
341 1417 117 53 enim
414 1417 117 53 quod
487 1417 190 53 amaritudo
634 1417 190 53 quandoque
780 1417 190 53 inuenitur
926 1417 102 53 cum
984 1417 234 53 frigiditate.
1160 1417 102 53 verbi

215 1455 139 44 gratia
313 1455 112 44 quod
382 1455 195 44 amaritudo,
536 1455 112 44 quae
606 1455 98 44 est
661 1455 84 44 in
703 1455 181 44 fructibus
843 1455 84 44 in
884 1455 126 44 primo
968 1455 181 44 cremento,
1094 1455 167 44 demonstrat

209 1500 162 40 trigus:
327 1500 74 40 &
356 1500 206 40 amaritudo,
518 1500 118 40 quae
592 1500 103 40 est
651 1500 88 40 in
695 1500 132 40 rebus
783 1500 191 40 combustis
930 1500 206 40 demonstrat
1092 1500 177 40 calorem.
1210 1500 59 40 Et

222 1536 169 48 similiter
352 1536 91 48 non
404 1536 91 48 est
457 1536 196 48 impossibile
613 1536 78 48 vt
652 1536 130 48 aliqua
743 1536 143 48 dulcedo
848 1536 91 48 sit
900 1536 156 48 frigida,
1017 1536 143 48 videtur
1122 1536 104 48 enim
1187 1536 104 48 quod

222 1573 163 47 plantae
341 1573 134 47 amari
430 1573 163 47 saporis
549 1573 119 47 apud
623 1573 237 47 complementum
816 1573 119 47 sunt
890 1573 163 47 dulces,
1009 1573 104 47 aut
1068 1573 193 47 insipidae
1202 1573 59 47 in

225 1605 197 54 priticipio.
382 1605 79 54 Et
421 1605 131 54 signum
513 1605 118 54 eius,
592 1605 105 54 quod
657 1605 105 54 isti
723 1605 144 54 sapores
828 1605 105 54 sunt
893 1605 131 54 medii,
985 1605 92 54 est
1037 1605 105 54 quod
1103 1605 144 54 plantae
1194 1605 66 54 ha-

223 1652 147 47 bentes
326 1652 176 47 sapores,
458 1652 103 47 non
516 1652 249 47 transferuntur
722 1652 88 47 ex
766 1652 220 47 amaritudine
942 1652 88 47 ad
986 1652 205 47 dulcedinem
1147 1652 88 47 in
1176 1652 88 47 eis,

228 1684 107 52 quae
295 1684 148 52 innatae
402 1684 107 52 sunt
469 1684 107 52 esse
537 1684 134 52 dulces
631 1684 81 52 in
671 1684 121 52 fine,
751 1684 107 52 nisi
819 1684 161 52 mediante
940 1684 134 52 aliquo
1034 1684 148 52 illorum
1128 1684 134 52 saporum.

223 1730 66 41 &
249 1730 93 41 hoc
302 1730 106 41 erit
369 1730 159 41 secundum
488 1730 106 41 quod
554 1730 159 41 pertinet
674 1730 106 41 illi
740 1730 119 41 amaro
820 1730 173 41 existenti
953 1730 80 41 in
992 1730 106 41 illa
1059 1730 146 41 planta,
1165 1730 66 41 &
1178 1730 93 41 illi-

226 1770 134 41 lulci
315 1770 193 41 existenti
464 1770 89 41 in
508 1770 104 41 ea.
567 1770 223 41 quemadmodum
746 1770 148 41 albedo
849 1770 104 41 non
909 1770 223 41 transfertur
1087 1770 89 41 ad
1117 1770 148 41 nigredi-

227 1810 121 49 nem,
302 1810 106 49 vel
363 1810 211 49 econuerso,
529 1810 121 49 nisi
604 1810 181 49 mediante
740 1810 151 49 aliquo
846 1810 166 49 colorum
966 1810 196 49 mediorum.
1117 1810 91 49 in
1147 1810 121 49 aliquo

223 1851 150 45 igitur
328 1851 226 45 transfertur
509 1851 181 45 mediante
644 1851 181 45 charopo,
780 1851 75 45 &
810 1851 90 45 in
855 1851 150 45 aliquo
960 1851 181 45 mediante
1095 1851 150 45 Eiano.
1201 1851 105 45 non

220 1890 113 42 enim
290 1890 99 42 est
347 1890 155 42 necesse
460 1890 85 42 vt
502 1890 198 42 translatio
658 1890 85 42 in
700 1890 169 42 extremis
827 1890 99 42 sit
884 1890 127 42 super
968 1890 127 42 omnia
1053 1890 141 42 media.
1152 1890 85 42 Et
1180 1890 85 42 vnis
