1416 2066
244 169 110 55 quod
313 169 97 55 est
368 169 83 55 in
410 169 179 55 potentia,
548 169 97 55 non
603 169 97 55 est
658 169 97 55 vna
713 169 179 55 intentio,
851 169 97 55 sed
906 169 152 55 plures.
1016 169 69 55 &
1044 169 83 55 d.
1085 169 97 55 sed
1141 169 83 55 de
1182 169 138 55 quodam
1265 169 41 55 l

247 220 162 43 dicitur,
368 220 95 43 &c.
422 220 122 43 idest
503 220 95 43 sed
557 220 135 43 quidam
652 220 135 43 sensus
746 220 149 43 dicitur
854 220 108 43 esse
922 220 81 43 in
962 220 176 43 potentia,
1097 220 122 43 sicut
1165 220 122 43 dicitur

245 259 117 43 quod
318 259 117 43 puer
391 259 102 43 pot
450 259 190 43 gubernare
596 259 204 43 exercitum.
756 259 73 43 &
785 259 117 43 ista
858 259 102 43 est
917 259 175 43 potentia
1048 259 131 43 prima
1135 259 161 43 remota:
1238 259 58 43 ex

247 299 108 41 qua
308 299 108 41 cum
370 299 108 41 fit
432 299 248 41 transmutatio
634 299 93 41 ad
680 299 217 41 propinquam
850 299 201 41 potentiam
1005 299 108 41 fit
1067 299 108 41 per
1114 299 170 41 generans,

246 331 98 39 non
302 331 98 39 per
358 331 209 39 sensibilia:
525 331 70 39 &
553 331 98 39 est
608 331 153 39 similis
720 331 181 39 potentiae
859 331 195 39 ignorantis
1012 331 84 39 ad
1054 331 195 39 scientiam.
1193 331 98 39 Dein-

256 371 81 39 de
296 371 135 39 dixit,
391 371 68 39 &
418 371 81 39 de
458 371 135 39 quodam
553 371 162 39 dicitur,
674 371 122 39 sicut
755 371 149 39 dicitur
863 371 81 39 de
904 371 216 39 experimento,
1079 371 68 39 &
1106 371 176 39 similiter
1228 371 68 39 est

252 409 83 40 de
294 409 138 40 sensu.
390 409 69 40 &
418 409 166 40 intendit
542 409 193 40 potentiam,
694 409 110 40 quae
763 409 97 40 est
818 409 124 40 prima
901 409 180 40 perfectio
1039 409 152 40 sensus:
1150 409 69 40 &
1178 409 97 40 est
1219 409 69 40 il-

248 449 97 42 la,
304 449 83 42 ex
345 449 97 42 qua
401 449 97 42 sit
456 449 222 42 transmutatio
636 449 83 42 ad
678 449 152 42 vltimam
788 449 222 42 perfectionem
969 449 97 42 per
1024 449 111 42 ipsa
1093 449 208 42 sensibilia.
1259 449 69 42 &

247 490 98 40 est
303 490 153 40 similis
414 490 167 40 scienti,
540 490 139 40 quando
637 490 98 40 non
693 490 139 40 vtitur
790 490 98 40 sua
846 490 181 40 scientia.
985 490 84 40 Et
1027 490 167 40 intendit
1153 490 98 40 per
1194 490 98 40 omnia

246 527 103 44 ista
311 527 168 44 declarare
439 527 103 44 quod
504 527 155 44 potentia
620 527 142 44 sensus,
723 527 103 44 quae
787 527 142 44 recipit
890 527 193 44 sensibilia,
1045 527 90 44 non
1097 527 90 44 est
1148 527 103 44 pura
1200 527 90 44 prae-

255 568 166 48 paratio,
380 568 125 48 sicut
463 568 221 48 praeparatio,
643 568 111 48 quae
712 568 97 48 est
767 568 83 48 in
809 568 125 48 puero
892 568 83 48 ad
933 568 208 48 recipiendum
1099 568 194 48 scientiam:
1251 568 69 48 &

254 606 109 53 quod
323 606 96 53 est
377 606 150 53 aliquis
487 606 137 53 actus,
582 606 123 53 sicut
664 606 137 53 habens
760 606 164 53 habitum,
883 606 137 53 quando
979 606 96 53 non
1033 606 137 53 vtitur
1129 606 96 53 suo
1170 606 123 53 habitu.

286 668 180 37 Quoniam
417 668 147 37 autem
515 668 229 37 innominata
695 668 115 37 est
761 668 180 37 ipsorum
892 668 262 37 differentia,
1088 668 197 37 determina-

249 707 104 48 tum
309 707 104 48 est
368 707 134 48 autem
457 707 164 48 quoniam
576 707 164 48 altera,
695 707 74 48 &
725 707 164 48 quomodo
844 707 164 48 altera,
963 707 104 48 vti
1022 707 134 48 autem
1112 707 164 48 necesse
1216 707 74 48 est

240 753 127 42 ipso
319 753 127 42 pati
399 753 79 42 &
430 753 190 42 alterari
573 753 174 42 tanquam
700 753 190 42 propriis
843 753 222 42 nominibus.
1017 753 222 42 sensitiuum
1176 753 111 42 autem

243 795 176 49 potentia
376 795 103 49 est
434 795 132 49 quale
523 795 191 49 sensibile
670 795 103 49 iam
728 795 132 49 actu,
817 795 132 49 sicut
905 795 147 49 dictum
1008 795 118 49 est.
1081 795 162 49 patitur
1184 795 103 49 autem

249 836 110 46 non
312 836 158 46 simile
423 836 126 46 ens:
501 836 158 46 passum
612 836 142 46 autem
706 836 236 46 assimilatum
895 836 126 46 est:
974 836 79 46 &
1005 836 110 46 est
1068 836 142 46 quale
1147 836 126 46 illud.

296 876 104 64 Sed
355 876 119 64 quia
430 876 148 64 nomine
534 876 134 64 caret
623 876 134 64 eorum
711 876 237 64 differentia,
904 876 252 64 explicatumque
1112 876 104 64 est
1171 876 89 64 ea
1201 876 89 64 esse

249 923 169 49 diuersa,
376 923 71 49 &
404 923 141 49 quonam
503 923 127 49 pacto
588 923 169 49 diuersa,
715 923 155 49 necesse
827 923 99 49 est
884 923 183 49 nominibus
1025 923 113 49 his,
1095 923 113 49 pati
1152 923 141 49 scilicet

245 973 75 55 &
275 973 195 55 alterari,
425 973 105 55 uti
485 973 165 55 tanquam
604 973 195 55 propriis.
754 973 210 55 sensitiuum
919 973 135 55 autem
1009 973 180 55 potentia
1143 973 105 55 est
1188 973 105 55 tale,

241 1035 143 48 quale
337 1035 112 48 iam
400 1035 207 48 sensibile
560 1035 143 48 actu,
655 1035 239 48 quemadmodum
847 1035 159 48 dictum
958 1035 128 48 est.
1038 1035 175 48 patitur
1150 1035 143 48 igitur,

244 1080 104 52 cum
304 1080 104 52 non
363 1080 104 52 est
422 1080 163 52 simile:
541 1080 104 52 ubi
600 1080 134 52 autem
689 1080 148 52 passum
793 1080 163 52 fuerit,
912 1080 148 52 simile
1016 1080 148 52 factum
1120 1080 119 52 est,
1194 1080 74 52 &
1209 1080 89 52 tale

247 1116 97 63 est
302 1116 124 63 quale
372 1116 111 63 illud.

284 1164 129 48 Sed,
365 1164 129 48 quia
446 1164 259 48 differentiae
656 1164 146 48 eorum
753 1164 113 48 non
818 1164 129 48 sunt
899 1164 227 48 nominatae,
1077 1164 81 48 &
1109 1164 113 48 iam
1158 1164 129 48 deter-

236 1219 211 40 minauimus
398 1219 97 40 de
447 1219 114 40 eis
512 1219 130 40 quod
593 1219 130 40 sunt
674 1219 211 40 diuersae,
836 1219 81 40 &
868 1219 178 40 quomodo
998 1219 178 40 necesse
1128 1219 114 40 est
1176 1219 114 40 nobis

241 1252 104 44 vti
300 1252 192 44 passione,
448 1252 74 44 &
478 1252 237 44 alteratione,
670 1252 133 44 sicut
759 1252 104 44 res
818 1252 148 44 verae.
921 1252 104 44 Et,
981 1252 177 44 sentiens
1114 1252 89 44 in
1143 1252 148 44 potentia

244 1295 96 52 est
299 1295 123 52 sicut
381 1295 164 52 sensatum
504 1295 82 52 in
545 1295 219 52 perfectione,
723 1295 164 52 secundum
846 1295 109 52 quod
914 1295 164 52 diximus.
1037 1295 150 52 Patitur
1147 1295 137 52 igitur
1229 1295 68 52 dum

241 1348 110 32 non
304 1348 110 32 est
367 1348 173 32 simile,
493 1348 94 32 &,
540 1348 110 32 cum
603 1348 188 32 patitur,
728 1348 220 32 assimilatur.

282 1388 138 47 Idest,
379 1388 96 47 sed
434 1388 110 47 quia
502 1388 220 47 differentiae
681 1388 193 47 potentiae,
832 1388 69 47 &
860 1388 261 47 transmutationis
1080 1388 206 47 existentium
1231 1388 55 47 in

242 1435 123 40 anima
324 1435 191 40 sensibili,
474 1435 68 40 &
501 1435 82 40 in
542 1435 123 40 rebus
624 1435 163 40 animatis
746 1435 95 40 non
801 1435 136 40 hibunt
896 1435 123 40 nonia
978 1435 163 40 propria,
1100 1435 68 40 &
1128 1435 95 40 iam
1168 1435 123 40 declara

247 1475 124 40 uimus
330 1475 83 40 ea
371 1475 110 40 esse
441 1475 166 40 diuersa,
565 1475 69 40 &
592 1475 221 40 declarauimus
772 1475 138 40 modum,
869 1475 166 40 secundum
993 1475 110 40 quem
1062 1475 221 40 diuersantur:
1228 1475 55 40 vi

243 1510 103 45 sum
302 1510 103 45 est
361 1510 132 45 nobis
449 1510 118 45 quod
523 1510 162 45 necesse
641 1510 118 45 est,
714 1510 191 45 inquantum
861 1510 118 45 ista
935 1510 191 45 intentio,
1082 1510 118 45 quam
1141 1510 147 45 determi-

243 1548 168 42 nauimus
365 1548 92 42 de
411 1548 153 42 anima,
518 1548 107 42 non
579 1548 137 42 habet
670 1548 137 42 nomen
762 1548 198 42 proprium,
914 1548 122 42 dare
991 1548 92 42 ei
1037 1548 137 42 nomen
1113 1548 183 42 passionis,

252 1587 67 40 &
278 1587 228 40 alterationis,
466 1587 107 40 quae
533 1587 94 40 est
586 1587 174 40 subiectum
720 1587 121 40 rerum
801 1587 161 40 verarum.
921 1587 94 40 hoc
975 1587 107 40 enim
1042 1587 94 40 non
1095 1587 134 40 nocet,
1189 1587 94 40 cum
1229 1587 67 40 iam

249 1628 233 47 determinauimus
443 1628 207 47 intentionem,
612 1628 156 47 secundum
729 1628 104 47 quam
793 1628 207 47 diuersantur.
962 1628 78 47 Et
1001 1628 130 47 dixit,
1092 1628 143 47 necesse
1195 1628 91 47 est
1234 1628 52 47 no

248 1664 116 42 bis.
320 1664 116 42 quia
392 1664 116 42 ista
465 1664 174 42 intentio
595 1664 130 42 caret
682 1664 145 42 nomine
784 1664 116 42 apud
856 1664 159 42 vulgus:
972 1664 72 42 &
1001 1664 217 42 transumptio
1161 1664 130 42 nominis

255 1703 159 43 vsitati
370 1703 116 43 apud
442 1703 145 43 vulgus
544 1703 101 43 est
601 1703 188 43 facilior,
746 1703 116 43 quam
818 1703 159 43 fingere
934 1703 130 43 aliud
1020 1703 145 43 nomen.
1122 1703 101 43 Et,
1179 1703 101 43 cum
1223 1703 72 43 hoc

249 1742 139 44 fuerit
346 1742 194 44 declaratum
499 1742 83 44 de
540 1742 194 44 sentiente,
693 1742 166 44 incoepit
818 1742 194 44 describere
970 1742 97 44 eum
1026 1742 222 44 simpliciter,
1206 1742 69 44 &
1220 1742 69 44 di-

246 1783 121 42 xiti.
326 1783 80 42 Et
366 1783 161 42 sentiens
487 1783 80 42 in
527 1783 161 42 potentia
647 1783 107 42 est,
714 1783 121 42 sicut
795 1783 161 42 sensatum
915 1783 80 42 in
955 1783 214 42 perfectione.
1129 1783 121 42 idest
1196 1783 94 42 mani-

247 1820 141 43 festum
345 1820 99 43 est
402 1820 141 43 igitur
500 1820 84 43 ex
543 1820 113 43 hoc,
613 1820 113 43 quod
683 1820 169 43 diximus,
810 1820 113 43 quod
881 1820 169 43 sentiens
1007 1820 211 43 simpliciter
1176 1820 99 43 est
1219 1820 70 43 il-

243 1860 122 52 lud,
319 1860 122 52 quod
395 1860 107 52 est
456 1860 91 52 in
502 1860 183 52 potentia
639 1860 91 52 ad
685 1860 244 52 intentionem,
883 1860 122 52 quam
959 1860 274 52 determinauimus
1187 1860 91 52 de
1218 1860 76 52 po
