1416 2066
149 163 123 50 Et,
220 163 123 50 cum
290 163 158 50 etiam
395 163 123 50 nos
466 163 334 50 existimauerimus
747 163 193 50 aliquod
887 163 158 50 valde
975 163 211 50 timorosum,

167 206 164 44 statim
281 206 213 44 patiemur.
445 206 82 44 &
477 206 229 44 similiter,
657 206 98 44 si
706 206 311 44 existimauerimus
968 206 180 44 aliquod
1083 206 114 44 auda-

171 251 154 41 ctiuum
278 251 108 41 per
340 251 277 41 imaginationem.
570 251 108 41 aut
632 251 215 41 dispositio
801 251 154 41 nostra
909 251 138 41 erit,
1001 251 138 41 sicut
1078 251 123 41 dispo-

165 292 147 47 sitio
262 292 179 47 nostra,
393 292 98 47 si
442 292 212 47 videremus
604 292 114 47 res
670 292 98 47 in
718 292 163 47 formis
832 292 147 47 rerum
930 292 261 47 timorosarum,
1126 292 81 47 aut

163 335 234 43 audactiuarum.
356 335 83 43 Et
398 335 165 43 diiturae
522 335 138 43 ipsius
618 335 165 43 consilii
742 335 110 43 sunt
811 335 124 43 seia,
894 335 69 43 &
921 335 221 43 existimatio,
1101 335 69 43 &
1128 335 96 43 in¬

167 374 183 44 tellectus,
311 374 66 44 &
337 374 170 44 contraria
468 374 131 44 istis.
560 374 66 44 &
586 374 118 44 sermo
665 374 79 44 de
704 374 183 44 dicituruis
848 374 144 44 istorum
953 374 105 44 fiet
1019 374 79 44 in
1058 374 105 44 alio
1110 374 92 44 loco.

208 418 107 41 Hoc,
274 418 107 41 quod
341 418 133 41 dixit,
434 418 187 41 manifestum
581 418 107 41 est.
648 418 67 41 &
674 418 93 41 est
727 418 107 41 alia
794 418 227 41 ratiocinatio,
981 418 107 41 quod
1034 418 160 41 imaginatio

166 456 91 50 est
218 456 104 50 alia
283 456 65 50 a
310 456 170 50 consilio,
440 456 65 50 &
466 456 235 50 existimatione,
662 456 157 50 quoniam,
779 456 91 50 cum
832 456 91 50 nos
884 456 248 50 existimauerimus
1080 456 117 50 aliquod

170 494 193 45 timorosum
319 494 178 45 futurum,
452 494 148 45 quoquo
556 494 119 45 modo
630 494 104 45 nos
690 494 163 45 patimur
808 494 193 45 passione,
957 494 89 45 ac
1001 494 89 45 si
1046 494 134 45 illud
1120 494 74 45 ti-

170 532 155 39 morosum
282 532 127 39 esset
367 532 183 39 praesens.
508 532 70 39 &
536 532 197 39 similiter,
691 532 98 39 cum
747 532 98 39 nos
803 532 267 39 existimauerimus
1028 532 155 39 aliquod
1127 532 70 39 au-

165 571 170 51 dactiuum
292 571 170 51 futurum,
419 571 141 51 statim
518 571 184 51 patiemur,
660 571 99 51 sed
716 571 99 51 non
773 571 184 51 passione,
914 571 141 51 quali,
1013 571 113 51 illo
1070 571 127 51 audacti

168 612 84 46 uo
210 612 182 46 existenti
350 612 84 46 in
392 612 196 46 praesenti.
546 612 98 46 cum
602 612 126 46 autem
686 612 182 46 imaginati
826 612 168 46 fuerimus
952 612 126 46 illud
1022 612 168 46 timorosum,

169 650 137 41 statim
265 650 165 41 patiemur
389 650 123 41 quasi
471 650 123 41 esset
553 650 165 41 praesens
677 650 82 41 Et
718 650 165 41 intendit
841 650 96 41 hic
896 650 96 41 per
951 650 192 41 confilium,
1088 650 110 41 fidem.

167 692 81 39 Et
208 692 136 39 locus,
303 692 81 39 in
344 692 95 39 quo
398 692 163 39 promisit
520 692 122 39 loqui
601 692 81 39 de
642 692 122 39 istis
723 692 231 39 differentiis,
913 692 149 39 videtur
1022 692 108 39 mihi
1076 692 122 39 esseli-

166 724 95 46 ber
221 724 82 46 de
262 724 123 46 Sensu
343 724 68 46 &
371 724 163 46 sensato.
493 724 123 46 illic
575 724 109 46 enim
643 724 163 46 loquitur
765 724 82 46 de
806 724 123 46 rebus
888 724 245 46 particularibus
1078 724 123 46 istarum

173 772 193 48 virtutum,
322 772 74 48 &
351 772 89 48 in
396 772 163 48 omnibus
515 772 238 48 accidentibus
708 772 134 48 earum
782 772 178 48 postremis.

158 823 142 44 Probatur
264 823 200 44 imaginationem
429 823 83 44 non
477 823 94 44 esse
536 823 130 44 sensum,
630 823 83 44 nec
677 823 165 44 scientiam,
807 823 83 44 nec
854 823 189 44 intellectum,
1007 823 83 44 nec
1054 823 165 44 opinionem:

414 860 214 56 trasiturque
585 860 129 56 eius.
671 860 200 56 definitio.
828 860 114 56 Cap.
885 860 57 56 1.

274 907 120 49 Eeo
342 907 154 49 autem
445 907 137 49 quod
530 907 120 49 esi
598 907 273 49 intelligere,
820 907 188 49 quoniam
957 907 188 49 alterum
1094 907 102 49 ab
1128 907 68 49 eo

281 956 130 53 quod
362 956 114 53 est
427 956 195 53 sentire:
573 956 211 53 huiusmodi
735 956 146 53 autem
833 956 146 53 aliud
930 956 227 53 phantasia:
1092 956 114 53 aliud

164 968 208 74 RAopinio
319 968 138 74 esse
406 968 208 74 videtur:
562 968 104 74 de
614 968 225 74 phantasia
787 968 311 74 determinantes,
1046 968 121 74 sic
1115 968 87 74 &
1133 968 69 74 de

164 1043 150 48 altero
269 1043 180 48 dicendum
404 1043 120 48 est.
479 1043 90 48 Si
524 1043 150 48 igitur
629 1043 195 48 phantasia
780 1043 105 48 est
840 1043 180 48 secundum
975 1043 120 48 quam
1035 1043 165 48 phantasma

164 1083 164 46 aliquod
283 1083 134 46 nobis
372 1083 134 46 fieri
462 1083 178 46 dicimus,
595 1083 74 46 &
625 1083 89 46 si
670 1083 104 46 non
729 1083 164 46 aliquid
848 1083 178 46 secundum
982 1083 208 46 metaphoram
1131 1083 74 46 di-

167 1124 150 40 cimus,
272 1124 105 40 vna
332 1124 165 40 quaedam
451 1124 105 40 est
511 1124 180 40 potentia
646 1124 135 40 horum
736 1124 105 40 aut
796 1124 180 40 habitus,
931 1124 180 40 secundum
1065 1124 120 40 quem
1125 1124 75 40 di-

163 1163 228 55 scernimus,
342 1163 114 55 aut
407 1163 147 55 verum
505 1163 114 55 aut
570 1163 163 55 falsum
685 1163 196 55 dicimus.
831 1163 212 55 huiusmodi
994 1163 147 55 autem
1076 1163 114 55 sunt,

164 1206 156 46 sensus,
277 1206 170 46 ompinio,
404 1206 184 46 scientia,
546 1206 71 46 &
560 1206 198 46 intellectus.

213 1247 89 53 De
258 1247 236 53 intelligendo
450 1247 148 53 autem,
553 1247 118 53 quia
627 1247 177 53 diuersum
760 1247 103 53 est
819 1247 74 53 a
848 1247 207 53 sentiendo:
1011 1247 133 53 huius
1085 1247 118 53 autem,

160 1297 131 47 aliud
248 1297 117 47 esse
321 1297 189 47 phantasia
466 1297 175 47 uidetur,
597 1297 131 47 aliud
685 1297 233 47 existimatio:
874 1297 102 47 ubi
932 1297 87 47 de
976 1297 189 47 phantasia
1107 1297 102 47 dispu

162 1345 205 50 tauerimus,
323 1345 117 50 tunc
396 1345 132 50 demum
484 1345 88 50 de
528 1345 146 50 altero
630 1345 176 50 dicemus.
762 1345 88 50 Si
806 1345 146 50 igitur
908 1345 190 50 phantasia
1055 1345 117 50 est,
1128 1345 102 50 qua

158 1395 190 56 phantasma
304 1395 160 56 aliquod
421 1395 131 56 nobis
508 1395 131 56 fieri
596 1395 160 56 dicimus
713 1395 102 56 nec
771 1395 146 56 loquor
873 1395 131 56 nunc,
961 1395 146 56 siquid
1063 1395 102 56 per
1106 1395 88 56 tral

159 1440 187 45 lationem
300 1440 156 45 dicere
409 1440 234 45 consuenimus
596 1440 187 45 profecto
736 1440 109 45 una
798 1440 140 45 earum
891 1440 234 45 potentiarum
1078 1440 109 45 est
1125 1440 78 45 aut

163 1484 199 54 habituum,
316 1484 153 54 quibus
423 1484 214 54 iudicamus,
591 1484 183 54 uerumque
728 1484 229 54 assequimur,
912 1484 107 54 aut
973 1484 199 54 fallimur,
1110 1484 92 54 haec

162 1538 118 49 autem
241 1538 118 49 sunt,
319 1538 144 49 sensus,
424 1538 157 49 ompinio,
542 1538 171 49 scientia,
660 1538 184 49 intellectus.

210 1588 85 43 Et
252 1588 113 43 quia
323 1588 212 43 intelligere
493 1588 127 43 aliud
578 1588 99 43 est
634 1588 71 43 a
662 1588 170 43 sentire,
790 1588 71 43 &
818 1588 212 43 existimatur
988 1588 113 43 quod
1044 1588 156 43 intellige

163 1628 94 40 re
210 1628 141 40 aliud
305 1628 110 40 est
367 1628 220 40 imaginari,
540 1628 141 40 aliud
635 1628 236 40 consiliari,
823 1628 267 40 determinandum
1043 1628 110 40 est
1090 1628 110 40 prius

160 1669 96 53 de
208 1669 273 53 imaginatione,
433 1669 160 53 deinde
545 1669 192 53 loquemur
689 1669 96 53 de
737 1669 128 53 alia
817 1669 240 53 intentione.
1010 1669 176 53 Dicamus
1122 1669 80 53 igi

172 1716 86 40 tur
221 1716 110 40 quod,
294 1716 73 40 si
331 1716 171 40 imaginatio
466 1716 98 40 est,
527 1716 98 40 quae
588 1716 98 40 fit,
649 1716 98 40 quae
710 1716 135 40 dicitur
808 1716 159 40 imaginari
931 1716 86 40 non
980 1716 147 40 secundum
1078 1716 122 40 similitu

162 1754 152 50 dinem,
268 1754 107 50 est
329 1754 152 50 aliqua
436 1754 152 50 virtus
543 1754 168 50 istarum
665 1754 198 50 virtutum,
817 1754 107 50 aut
878 1754 229 50 dispositio,
1061 1754 107 50 per
1107 1754 91 50 quam

163 1796 229 46 innuimus,
340 1796 88 46 &
375 1796 335 46 experimentamur,
657 1796 88 46 &
693 1796 194 46 dicimus
834 1796 159 46 verum
939 1796 123 46 aut
1010 1796 194 46 falsum.
1151 1796 88 46 &

164 1835 87 48 ex
207 1835 130 48 istis
293 1835 101 48 est
351 1835 159 48 sensus,
466 1835 72 48 &
495 1835 231 48 existimatio,
683 1835 72 48 &
712 1835 187 48 scientia,
856 1835 72 48 &
870 1835 202 48 intellectus.
