1416 2066
232 202 169 57 positum.
359 202 141 57 scimus
458 202 113 57 enim
528 202 141 57 lineam
627 202 141 57 rectam
726 202 99 57 per
783 202 155 57 regulam
896 202 155 57 rectam,
1009 202 85 57 in
1051 202 85 57 eo
1093 202 113 57 quod
1164 202 99 57 est
1206 202 85 57 re

233 257 108 39 cta,
300 257 175 39 similiter
435 257 148 39 curuam.
542 257 94 39 sed
596 257 94 39 per
650 257 135 39 curuam
744 257 94 39 non
798 257 135 39 scimus
892 257 121 39 neque
973 257 135 39 ipsam,
1067 257 121 39 neque
1135 257 121 39 rectam.

232 287 87 52 Et
275 287 130 52 causa
362 287 87 52 in
405 287 101 52 hoc
463 287 116 52 est,
535 287 116 52 quia
608 287 101 52 non
665 287 159 52 debemus
781 287 174 52 iudicare
911 287 101 52 per
969 287 217 52 contrarium,
1143 287 116 52 quod
1201 287 72 52 est

231 324 170 50 primum,
354 324 139 50 super
447 324 231 50 contrarium,
632 324 123 50 quod
709 324 108 50 est
755 324 170 50 secundum.

269 363 98 47 Et
318 363 98 47 in
367 363 131 47 toto
448 363 147 47 autem
547 363 163 47 quidam
661 363 180 47 misceri
792 363 147 47 ipsam
890 363 196 47 dicunti.
1037 363 131 47 vnde
1102 363 180 47 fortassis

227 408 76 52 &
257 408 153 52 Thales
364 408 183 52 opinatus
501 408 107 52 est
562 408 137 52 omnia
654 408 122 52 esse
730 408 137 52 plena
822 408 137 52 diis.
913 408 107 52 hoc
974 408 137 52 autem
1066 408 137 52 habet
1142 408 137 52 quasdam

233 452 259 43 dubitationes.
446 452 167 43 propter
567 452 122 43 quam
643 452 122 43 enim
719 452 152 43 causam
826 452 91 43 in
871 452 122 43 aere
947 452 106 43 aut
1008 452 91 43 in
1054 452 122 43 igne
1130 452 137 43 anima
1206 452 76 43 cum

230 489 122 51 sit,
306 489 107 51 non
367 489 137 51 facit
458 489 168 51 animal,
580 489 91 51 in
626 489 152 51 mixtis
733 489 152 51 autem:
839 489 76 51 &
870 489 107 51 hoc
931 489 91 51 in
976 489 107 51 his
1037 489 152 51 melior
1144 489 122 51 esse
1205 489 76 51 pu-

226 538 134 48 tata.
316 538 164 48 Quaeret
435 538 120 48 enim
510 538 149 48 vtique
615 538 179 48 aliquis,
749 538 120 48 quam
824 538 90 48 ob
869 538 149 48 causam
973 538 120 48 quae
1048 538 90 48 in
1093 538 120 48 aere
1152 538 120 48 anima,

221 580 100 44 ea
271 580 133 44 quae
354 580 100 44 in
404 580 233 44 animalibus
587 580 166 44 melior
704 580 83 44 &
720 580 250 44 immortalior.-

282 620 122 62 Sunt
358 620 137 62 etiam
450 620 107 62 qui
511 620 92 62 in
557 620 183 62 uniuerso
694 620 153 62 mixtam
801 620 122 62 esse
877 620 107 62 eam
938 620 168 62 dicant:
1060 620 183 62 quocirca
1182 620 92 62 for-

230 669 91 46 te
275 669 137 46 etiam
367 669 152 46 Thales
473 669 152 46 cuncta
580 669 122 46 esse
656 669 137 46 plena
747 669 152 46 Deorum
854 669 183 46 putauit.
991 669 91 46 De
1036 669 107 46 quo
1082 669 198 46 quaestiones

227 723 175 55 oriuntur
359 723 204 55 nonoullae.
519 723 102 55 Cur
577 723 117 55 enim
650 723 87 55 in
693 723 117 55 Aere
766 723 102 55 aut
825 723 87 55 in
868 723 117 55 igne
941 723 87 55 si
985 723 131 55 inest
1072 723 146 55 anima,
1174 723 102 55 non
1218 723 58 55 fa

227 764 100 63 cit
284 764 157 63 Animal,
398 764 100 63 sed
455 764 85 63 in
497 764 157 63 mixtis:
611 764 142 63 idque,
711 764 100 63 cum
768 764 228 63 praestantior
953 764 85 63 in
996 764 100 63 eis
1052 764 114 63 esse
1109 764 157 63 uideatur:

226 811 163 56 Quaerat
345 811 192 56 praeterea
492 811 192 56 quispiam,
640 811 104 56 cur
699 811 133 56 Anima
788 811 118 56 quae
862 811 104 56 est
921 811 89 56 in
966 811 133 56 aere,
1054 811 89 56 ea
1099 811 118 56 quae
1173 811 104 56 est
1232 811 89 56 in

231 861 219 62 animalibus
404 861 251 62 praestantior
607 861 110 62 est
670 861 78 62 &
686 861 219 62 immortaliore

269 908 87 47 Et
312 908 173 47 dixerunt
442 908 144 47 quidam
543 908 115 47 quod
615 908 130 47 anima
701 908 101 47 est
759 908 87 47 in
802 908 130 47 toto.
889 908 72 47 &
917 908 130 47 forte
1004 908 87 47 ex
1047 908 101 47 hoc
1105 908 115 47 loco
1163 908 115 47 existi

225 951 143 44 mauit
321 951 191 44 Milesius
464 951 127 44 quod
544 951 143 44 omnia
639 951 127 44 sunt
719 951 143 44 plena
814 951 127 44 Deo.
894 951 111 44 Sed
958 951 96 44 in
1005 951 111 44 hoc
1069 951 127 44 loco
1149 951 111 44 est
1196 951 80 44 du-

226 995 182 47 bitatio.
362 995 212 47 Quaerendum
529 995 106 47 est
590 995 121 47 enim
666 995 106 47 cum
726 995 136 47 anima
817 995 167 47 existat
938 995 91 47 in
984 995 136 47 aere,
1075 995 76 47 &
1105 995 136 47 igne,
1181 995 91 47 qua-

227 1037 87 49 re
270 1037 101 49 non
328 1037 130 49 facit
415 1037 188 49 animalia,
559 1037 72 49 &
588 1037 130 49 facit
675 1037 101 49 hoc
733 1037 87 49 in
776 1037 145 49 mixto:
877 1037 130 49 licet
964 1037 101 49 sit
1022 1037 217 49 existimatum
1195 1037 116 49 quod

227 1082 152 45 anima,
333 1082 121 45 quae
409 1082 106 45 est
470 1082 91 45 in
515 1082 152 45 istis,
621 1082 106 45 sit
682 1082 197 45 nobilior.
834 1082 137 45 Etiam
925 1082 137 45 debet
1016 1082 121 45 homo
1077 1082 197 45 respondere,

224 1125 135 45 quare
314 1125 150 45 anima,
419 1125 120 45 quae
494 1125 105 45 est
555 1125 90 45 in
600 1125 135 45 aere,
690 1125 105 45 est
750 1125 150 45 melior
855 1125 150 45 anima,
960 1125 120 45 quae
1036 1125 105 45 est
1096 1125 90 45 in
1126 1125 150 45 animali-

228 1163 137 56 bus,
313 1163 85 56 &
348 1163 154 56 magis
433 1163 222 56 immortalis.

271 1204 143 47 Intendit
378 1204 71 47 vt
414 1204 95 47 mihi
473 1204 131 47 videtur
568 1204 95 47 quod
628 1204 119 47 quidam
711 1204 143 47 dixerunt
818 1204 95 47 quod
878 1204 107 47 anima
949 1204 131 47 existit
1044 1204 71 47 in
1080 1204 107 47 toto.
1151 1204 71 47 i.
1187 1204 71 47 in
1211 1204 71 47 ele-

231 1242 149 44 mentis,
340 1242 68 44 &
367 1242 81 44 in
407 1242 203 44 compositis.
570 1242 68 44 &
597 1242 81 44 ex
638 1242 95 44 hoc
692 1242 203 44 existimauit
854 1242 162 44 Milesius
976 1242 108 44 quod
1044 1242 122 44 omnia
1125 1242 108 44 sunt
1179 1242 95 44 plena

231 1285 116 39 Deo.
303 1285 116 39 D.d.
375 1285 203 39 Quaerendum
535 1285 101 39 est
592 1285 116 39 enim
665 1285 101 39 &c.
723 1285 87 39 i.
766 1285 72 39 &
795 1285 130 39 prima
882 1285 232 39 dubitationum
1056 1285 217 39 contingentium

226 1323 103 40 huic
290 1323 154 40 opinioni
406 1323 103 40 est,
470 1323 115 40 quare
547 1323 128 40 anima,
637 1323 167 40 inquantum
765 1323 90 40 est
816 1323 77 40 in
855 1323 115 40 aere,
932 1323 64 40 &
957 1323 115 40 etiam
1034 1323 77 40 in
1073 1323 115 40 igne,
1150 1323 90 40 non
1188 1323 90 40 facit

227 1359 157 44 animalia
345 1359 79 44 in
384 1359 105 44 eis.
450 1359 79 44 i,
489 1359 118 44 quare
568 1359 105 44 haec
633 1359 144 44 corpora
738 1359 170 44 simplicia
869 1359 92 44 non
922 1359 105 44 sunt
987 1359 197 44 sensibilia,
1145 1359 66 44 &
1158 1359 118 44 compre-

232 1400 201 43 hensibilia,
393 1400 161 43 quoniam,
513 1400 94 43 cum
567 1400 121 43 anima
647 1400 134 43 eandem
741 1400 215 43 proportionem
916 1400 134 43 habeat
1009 1400 80 43 ad
1050 1400 188 43 elementum,
1197 1400 67 43 &
1224 1400 80 43 ad
1251 1400 40 43 l

232 1440 214 42 compositum,
403 1440 157 42 necesse
518 1440 100 42 est
575 1440 100 42 vt,
632 1440 86 42 si
675 1440 157 42 alterum
789 1440 129 42 eorum
875 1440 143 42 fuerit
975 1440 186 42 animatum,
1118 1440 86 42 vt
1146 1440 129 42 alterum

227 1490 115 45 etiam
304 1490 90 45 sit
355 1490 166 45 animatum.
483 1490 102 45 D.d.
547 1490 115 45 licet
624 1490 90 45 sit
675 1490 192 45 existimatum
829 1490 102 45 quod
893 1490 128 45 anima,
983 1490 102 45 quae
1047 1490 102 45 est,
1111 1490 90 45 &c.
1162 1490 77 45 i.
1187 1490 90 45 licet

230 1522 192 41 existimatum
384 1522 90 41 sit
435 1522 102 41 quod
499 1522 128 41 anima,
588 1522 102 41 quae
652 1522 90 41 est
703 1522 77 41 in
742 1522 179 41 elementis,
883 1522 115 41 magis
959 1522 115 41 digna
1036 1522 90 41 est
1087 1522 77 41 vt
1126 1522 128 41 faciat
1202 1522 77 41 ele-

227 1560 126 43 menta
311 1560 112 43 esse
381 1560 168 43 animata.
507 1560 238 43 existimabitur
703 1560 140 43 igitur
800 1560 112 43 esse
870 1560 168 43 nobilior
996 1560 140 43 anima,
1094 1560 112 43 quae
1164 1560 98 43 est
1220 1560 84 43 in

224 1599 142 44 mixto
319 1599 95 44 ex
366 1599 221 44 elementis.
540 1599 174 44 D.dedit
667 1599 237 44 quaestionem
856 1599 205 44 secundam,
1014 1599 79 44 &
1046 1599 95 44 d.
1093 1599 142 44 Etiam
1172 1599 111 44 debet

221 1637 109 46 homo
290 1637 205 46 respondere,
454 1637 123 46 quare
535 1637 137 46 anima,
631 1637 109 46 quae
699 1637 96 46 est
754 1637 82 46 in
795 1637 123 46 aere,
877 1637 96 46 &c.
932 1637 82 46 i.
973 1637 68 46 &
1000 1637 178 46 contingit
1136 1637 137 46 homini
1218 1637 55 46 o-

233 1675 154 41 pinanti
345 1675 112 41 hanc
415 1675 182 41 opinionem
554 1675 196 41 respondere
708 1675 182 41 quaerenti
848 1675 98 41 qua
904 1675 84 41 de
946 1675 98 41 cam
1002 1675 140 41 anima,
1099 1675 112 41 quae
1169 1675 98 41 est
1225 1675 84 41 in

226 1722 198 45 elementis,
381 1722 99 45 est
438 1722 169 45 nobilior
564 1722 141 45 anima,
663 1722 113 45 quae
734 1722 99 45 est
790 1722 85 45 in
833 1722 212 45 animalibus.
1002 1722 127 45 anima
1086 1722 113 45 enim
1157 1722 113 45 quae
1213 1722 71 45 est

223 1756 77 42 in
262 1756 180 42 elementis,
403 1756 90 42 est
455 1756 90 42 non
506 1756 154 42 mortalis
622 1756 103 42 apud
686 1756 103 42 eos:
751 1756 64 42 &
776 1756 103 42 quae
841 1756 90 42 est
892 1756 77 42 in
931 1756 193 42 animalibus,
1085 1756 90 42 est
1124 1756 154 42 inortalis.

265 1812 177 48 Accidit
394 1812 145 48 autem
490 1812 209 48 vtrobique
652 1812 258 48 inconueniens
861 1812 81 48 &
893 1812 290 48 irrationabile.
1135 1812 81 48 &
1151 1812 129 48 nanque

216 1860 166 48 animal
333 1860 166 48 dicere
449 1860 150 48 ignem
549 1860 116 48 aut
616 1860 166 48 aerem,
732 1860 150 48 magis
832 1860 316 48 irrationabilium
1098 1860 133 48 est:
1181 1860 83 48 &
1198 1860 83 48 non

215 1900 166 40 dicere
332 1900 199 40 animalia
481 1900 116 40 cum
547 1900 149 40 anima
647 1900 166 40 insit,
763 1900 266 40 inconuenitus
962 1900 100 40 est.
