1416 2066
144 167 131 36 milis
232 167 276 36 definitionibus,
464 167 116 36 quae
536 167 116 36 sunt
609 167 131 36 quasi
696 167 203 36 principium
855 167 290 36 demonstrationis:
1087 167 131 36 defini-

167 195 96 55 tio
222 195 124 55 autem
305 195 206 55 vniuersalis
470 195 179 55 praedicta
608 195 96 55 est
663 195 151 55 similis
773 195 261 55 definitionibus,
993 195 110 55 quae
1062 195 110 55 sunt
1117 195 96 55 quasi

162 237 291 46 demonstrationis
407 237 214 46 conclusio.
575 237 107 46 Et,
636 237 107 46 cum
698 237 214 46 declarauit
866 237 122 46 hoc,
942 237 138 46 dedit
1034 237 184 46 exemplum
1157 237 61 46 de

167 276 262 40 definitionibus,
388 276 110 40 quae
457 276 110 40 sunt
526 276 124 40 quasi
608 276 193 40 conclusio,
760 276 83 40 si
801 276 152 40 fuerint
912 276 179 40 ignoratae
1050 276 110 40 esse
1118 276 83 40 in
1146 276 69 40 de-

160 315 150 48 finito:
270 315 96 48 aut
324 315 137 48 fuerit
420 315 123 48 causa
502 315 164 48 quaesita
625 315 82 48 in
666 315 109 48 eis,
735 315 68 48 &
762 315 82 48 ex
803 315 260 48 definitionibus,
1022 315 109 48 quae
1090 315 96 48 non
1131 315 82 48 sunt

169 355 121 49 quasi
249 355 174 49 conclusio
383 355 268 49 demonstrationis,
610 355 94 49 sed
664 355 121 49 sunt,
744 355 80 49 si
785 355 147 49 fuerint
892 355 187 49 manifestae
1039 355 94 49 per
1092 355 94 49 se,
1133 355 80 49 prin

163 405 124 37 cipia
246 405 275 37 demonstrationis,
479 405 69 37 &
507 405 82 37 si
548 405 151 37 fuerint
658 405 192 37 ignoratae,
809 405 110 37 tunc
877 405 206 37 impossibile
1042 405 110 37 est,
1111 405 82 37 vt
1138 405 69 37 de-

160 432 178 43 clarentur
297 432 110 43 esse
366 432 82 43 in
407 432 178 43 definito,
544 432 110 43 nisi
612 432 96 43 per
667 432 205 43 argumentum.
831 432 96 43 Et,
886 432 110 43 quia
955 432 82 43 d.
996 432 82 43 v.
1037 432 82 43 g.
1064 432 151 43 quadratu-

169 476 91 45 ra,
221 476 91 45 &c.
273 476 78 45 i.
312 476 156 45 exemplum
429 476 208 45 definitionum
598 476 221 45 vniversalium,
780 476 104 45 quae
845 476 104 45 sunt
910 476 117 45 quasi
988 476 169 45 conclusio
1105 476 104 45 demon-

164 510 208 45 strationis,
330 510 97 45 est
386 510 194 45 respondere
538 510 180 45 quaerenti
676 510 111 45 quid
745 510 97 45 est
801 510 194 45 quadratum,
953 510 111 45 quod
1022 510 97 45 est
1064 510 138 45 superfi-

159 550 120 46 cies
234 550 181 46 rectorum
370 550 211 46 angulorum,
535 550 75 46 &
565 550 196 46 aequalium
716 550 165 46 laterum
836 550 165 46 aequale
956 550 150 46 longo.
1062 550 120 46 D.d.
1122 550 90 46 exem

162 595 112 43 plum
232 595 238 43 definitionis,
428 595 112 43 quae
498 595 98 43 est
554 595 126 43 quasi
638 595 196 43 principium
793 595 280 43 demonstrationis,
1031 595 84 43 &.
1073 595 84 43 d.
1101 595 112 43 Dicens

163 628 123 39 autem
245 628 109 39 quod
313 628 204 39 quadratura,
477 628 95 39 &c.
531 628 82 39 i.
572 628 95 39 qui
627 628 123 39 autem
709 628 150 39 definit
818 628 191 39 quadratum,
968 628 109 39 quod
1036 628 95 39 est
1077 628 136 39 superfsi

161 668 125 39 cies
239 668 187 39 rectorum
380 668 203 39 angulorum
536 668 203 39 aequalium
693 668 187 39 laterum,
833 668 156 39 factum
942 668 141 39 super
1036 668 156 39 lineam
1130 668 78 39 me-

172 707 114 38 diam
243 707 85 38 in
285 707 213 38 proportione
456 707 128 38 inter
541 707 142 38 latera
640 707 170 38 oblongi,
768 707 114 38 quod
839 707 170 38 aequatur
967 707 99 38 ei,
1023 707 156 38 defiuit
1123 707 85 38 qua-

164 741 144 54 dratum
264 741 230 54 definitione,
451 741 115 54 quae
523 741 101 54 est
581 741 130 54 quasi
667 741 201 54 principium
826 741 288 54 demonstrationis,
1070 741 101 54 cum
1113 741 101 54 defi-

162 787 126 39 niat
241 787 142 39 ipsum
336 787 110 39 per
399 787 158 39 causam
509 787 236 39 propinquam.
698 787 95 39 Et
745 787 110 39 cum
808 787 95 39 d.
856 787 126 39 Modo
934 787 142 39 autem
1013 787 205 39 intentiones

165 823 219 43 definitionum
343 823 109 43 sunt
411 823 123 43 quasi
493 823 232 43 conclusiones,
685 823 96 43 non
740 823 191 43 intendebat
890 823 109 43 quod
958 823 109 43 ista
1027 823 178 43 definitio
1163 823 82 43 in

162 861 124 45 ducta
245 861 83 45 in
286 861 124 45 anima
369 861 96 45 est
424 861 179 45 conclusio
562 861 275 45 demonstrationis,
796 861 96 45 sed
851 861 193 45 intendebat
1002 861 110 45 quod
1071 861 96 45 est
1126 861 83 45 ex
1154 861 55 45 ge

172 900 93 46 nere
230 900 127 46 istarum
323 900 197 46 definitionum,
485 900 139 46 secundum
589 900 93 46 quod
647 900 104 46 tales
716 900 185 46 definitiones
867 900 93 46 sunt
925 900 197 46 vniversalies.
1087 900 58 46 &
1110 900 104 46 ideo.
1168 900 46 46 d.

163 940 109 42 sunt
232 940 123 42 quasi
313 940 232 42 conclusiones.
504 940 123 42 istae
586 940 109 42 enim
655 940 232 42 definitiones,
846 940 96 42 aut
900 940 109 42 sunt
968 940 232 42 conclusiones,
1146 940 68 42 aut

164 980 111 48 sunt
233 980 152 48 similes
344 980 262 48 definitionibus,
565 980 111 48 quae
634 980 111 48 sunt
703 980 235 48 conclusiones.
896 980 124 48 Neque
979 980 193 48 intendebat
1117 980 97 48 etiam

160 1022 108 38 quod
228 1022 189 38 definitio,
377 1022 176 38 quaerenda
512 1022 95 38 hic
566 1022 81 38 in
607 1022 176 38 vnaquaque
742 1022 149 38 partium
851 1022 149 38 animae,
959 1022 95 38 est
1013 1022 81 38 ex
1040 1022 176 38 definitioni

169 1058 107 41 bus,
236 1058 107 41 quae
302 1058 107 41 sunt
369 1058 120 41 quasi
450 1058 187 41 principium
597 1058 268 41 demonstrationis:
824 1058 94 41 ita
878 1058 107 41 quod
944 1058 107 41 sint
1011 1058 187 41 manifestae
1145 1058 67 41 per

166 1099 99 41 se,
222 1099 113 41 quia
293 1099 113 41 sunt
364 1099 184 41 ignoratae
505 1099 113 41 apud
575 1099 113 41 nos:
646 1099 71 41 &
674 1099 99 41 via
731 1099 85 41 ad
773 1099 226 41 cognoscendum
957 1099 99 41 eas
1013 1099 99 41 est
1070 1099 85 41 ex
1098 1099 113 41 poste-

169 1136 172 43 rioribus,
301 1136 119 43 sicut
380 1136 132 43 dicit:
473 1136 92 43 sed
525 1136 185 43 intendebat
671 1136 106 43 quod
737 1136 92 43 est
789 1136 79 43 ex
829 1136 132 43 genere
921 1136 145 43 illarum
1014 1136 198 43 definitionum.

175 1175 115 43 ales
246 1175 115 43 enim
318 1175 229 43 definitiones
504 1175 100 43 aut
561 1175 115 43 sunt
633 1175 200 43 principium
790 1175 286 43 demonstrationis,
1034 1175 100 43 aut
1091 1175 115 43 sunt
1148 1175 72 43 si-

169 1212 126 47 miles
253 1212 267 47 definitionibus,
478 1212 112 47 quae
548 1212 112 47 sunt
619 1212 126 47 quasi
703 1212 197 47 principium
858 1212 281 47 demonstrationis.
1097 1212 84 47 Et
1125 1212 84 47 ideo

165 1253 116 47 sermo
243 1253 104 47 eius
307 1253 91 47 ita
359 1253 116 47 debet
437 1253 116 47 legi.
514 1253 91 47 sed
566 1253 116 47 etiam
644 1253 91 47 cam
696 1253 104 47 erit
760 1253 155 47 inuenta,
877 1253 65 47 &
903 1253 168 47 manifesta
1032 1253 78 47 in
1071 1253 91 47 ea.
1122 1253 78 47 i.
1148 1253 65 47 ser

156 1303 88 42 mo
200 1303 190 42 definiens
347 1303 146 42 animam
449 1303 176 42 perfecte
581 1303 132 42 debet
669 1303 132 42 esse,
756 1303 88 42 vt
800 1303 132 42 causa
888 1303 190 42 propinqua
1034 1303 102 42 sit
1078 1303 132 42 manife-

168 1332 92 47 sta
220 1332 78 47 in
259 1332 92 47 ea.
312 1332 65 47 &
338 1332 105 47 ista
403 1332 170 47 definitio
534 1332 92 47 est
586 1332 78 47 ex
626 1332 248 47 definitionibus,
835 1332 105 47 quae
900 1332 209 47 assimilantur
1057 1332 157 47 definitio-

166 1371 146 40 nibus,
269 1371 117 40 quae
342 1371 117 40 sunt
415 1371 190 40 principia
561 1371 292 40 demonstrationis,
810 1371 190 40 inquantum
956 1371 102 40 est
1014 1371 161 40 propria
1117 1371 102 40 defi-

163 1412 147 38 nitio.
266 1412 191 38 Definitio
413 1412 147 38 autem,
516 1412 118 38 quam
589 1412 162 38 dedimus
707 1412 118 38 modo
780 1412 88 38 in
824 1412 147 38 anima,
927 1412 103 38 est
986 1412 88 38 ex
1015 1412 206 38 definitioni-

163 1451 89 41 bus,
219 1451 89 41 quae
275 1451 179 41 assimilantur
420 1451 212 41 definitionibus,
599 1451 89 41 quae
655 1451 89 41 sunt
711 1451 145 41 conclones
823 1451 224 41 demonstrationis,
1013 1451 134 41 secundum
1113 1451 89 41 quod
1158 1451 56 41 est

164 1492 180 55 generalis
303 1492 153 55 omnibus
414 1492 166 55 partibus
538 1492 153 55 animae,
649 1492 69 55 &
677 1492 97 55 non
733 1492 97 55 est
788 1492 153 55 inducta
899 1492 83 55 in
941 1492 83 55 ea
982 1492 125 55 causa
1051 1492 153 55 propinqua

196 1556 186 45 Dicamus
331 1556 169 45 igitur
450 1556 237 45 principium
635 1556 253 45 accipientes
838 1556 270 45 intentionis,
1041 1556 169 45 determi-

157 1606 134 44 nari
241 1606 202 44 animatum
392 1606 101 44 ab
443 1606 235 44 inanimato,
628 1606 101 44 in
678 1606 202 44 viuendo.
829 1606 286 44 multipliciter
1065 1606 151 44 autem
1149 1606 67 44 ip

158 1643 97 40 so
206 1643 162 40 viuere
320 1643 162 40 dicto,
434 1643 81 40 &
466 1643 97 40 si
515 1643 130 40 vnum
596 1643 178 40 aliquod
725 1643 146 40 horum
823 1643 146 40 insit
920 1643 162 40 solum,
1034 1643 162 40 viuere
1131 1643 81 40 ip-

157 1677 104 54 sum
216 1677 178 54 dicimus:
350 1677 89 54 vt
394 1677 237 54 intellectus,
587 1677 163 54 sensus,
705 1677 133 54 motus
794 1677 74 54 &
824 1677 148 54 status
928 1677 178 54 secundum
1061 1677 148 54 locum:
1150 1677 59 54 Ad

156 1724 108 47 huc
217 1724 155 47 autem,
326 1724 139 47 motus
419 1724 186 47 secundum
558 1724 217 47 alimentum,
729 1724 77 47 &
760 1724 248 47 decrementum,
961 1724 77 47 &
977 1724 201 47 augumentum,

207 1780 170 63 Dicamus
330 1780 155 63 igitur
439 1780 155 63 initio
547 1780 294 63 considerationis
794 1780 170 63 accepto
918 1780 186 63 animatum
1042 1780 170 63 distinctu

158 1844 122 43 esse
234 1844 92 43 ab
280 1844 199 43 inanimato
433 1844 122 43 ipso
509 1844 168 43 uiuere:
631 1844 107 43 cum
693 1844 138 43 autem
784 1844 183 43 pluribus
922 1844 138 43 modis
1013 1844 153 43 uiuere
1105 1844 107 43 dica
