1416 2066
165 180 159 43 tellectu,
287 180 98 43 sunt
349 180 110 43 quasi
422 180 172 43 sensibilia
557 180 74 43 de
594 180 110 43 prima
667 180 184 43 perfectione
814 180 74 43 in
851 180 110 43 sensu
925 180 147 43 scilicet
1035 180 74 43 in
1072 180 98 43 hoc,
1133 180 98 43 quod
1182 180 49 43 am

173 222 87 45 bo
216 222 159 45 mouent,
331 222 116 45 sunt
404 222 217 45 intentiones
577 222 246 45 imaginabiles:
779 222 72 45 &
808 222 130 45 istae
895 222 116 45 sunt
967 222 217 45 vuiuersales
1126 222 101 45 poten

173 268 117 39 tia,
246 268 132 39 licet
334 268 102 39 non
393 268 117 39 actu
466 268 73 39 &
495 268 117 39 ideo
568 268 146 39 dixit.
670 268 73 39 &
700 268 117 39 ista
773 268 132 39 quasi
861 268 117 39 sunt
934 268 88 39 in
977 268 146 39 anima.
1080 268 73 39 &
1109 268 102 39 non
1153 268 73 39 di-

176 299 91 45 xit
228 299 117 45 sunt,
306 299 104 45 quia
371 299 156 45 intentio
489 299 208 45 vniversalis,
658 299 104 45 alia
723 299 91 45 est
775 299 78 45 ab
814 299 182 45 intentione
957 299 182 45 imaginata.
1101 299 130 45 Deinde
1179 299 52 45 d.

179 342 87 42 Et
223 342 116 42 ideo
296 342 131 42 poent
383 342 116 42 homo
455 342 232 42 intelligere,
644 342 87 42 &c
688 342 87 42 i.
731 342 73 42 &
760 342 116 42 quia
833 342 174 42 mouentia
964 342 174 42 virtutem
1080 342 145 42 rationa-

178 379 104 42 lem
237 379 119 42 sunt
312 379 133 42 intra
400 379 163 42 animam:
519 379 74 42 &
549 379 148 42 habita
652 379 74 42 a
682 379 133 42 nobis
771 379 148 42 semper
874 379 89 42 in
919 379 133 42 actu:
1008 379 119 42 ideo
1082 379 119 42 homo
1141 379 89 42 pont

180 419 198 56 considerare
338 419 79 56 in
378 419 106 56 eis,
444 419 93 56 cum
497 419 172 56 voluerit:
629 419 66 56 &
656 419 93 56 hoc
709 419 145 56 dicitur
814 419 159 56 formare,
933 419 66 56 &
960 419 93 56 non
1013 419 132 56 potest
1092 419 132 56 sentire,

182 459 94 40 cum
235 459 175 40 voluerit:
370 459 107 40 quia
437 459 148 40 indiget
544 459 188 40 necessario
692 459 228 40 sensibilibus,
880 459 107 40 quae
947 459 107 40 sunt
1014 459 121 40 extra
1081 459 121 40 animam.

184 499 106 41 D.d.
250 499 79 41 Et
289 499 106 41 ista
355 499 185 41 dispositio
500 499 92 41 est
553 499 132 41 etiam,
646 499 92 41 &c.
698 499 79 41 i.
738 499 66 41 &
764 499 106 41 ista
830 499 185 41 dispositio
975 499 92 41 est
1028 499 119 41 etiam
1107 499 79 41 in
1134 499 92 41 nobis

175 539 81 40 in
216 539 162 40 scientia
338 539 217 40 sensibilium:
514 539 68 40 &
541 539 95 40 nos
595 539 162 40 discimus
717 539 81 40 ab
758 539 108 40 eis,
825 539 108 40 quia
893 539 162 40 existunt
1015 539 81 40 in
1056 539 176 40 sensibus.
1177 539 41 40 &

183 577 119 42 causa
262 577 79 42 in
302 577 106 42 esse
368 577 132 42 istius
460 577 224 42 dispositionis
645 577 79 42 in
685 577 119 42 nobis
764 577 79 42 in
803 577 158 42 scientia
922 577 211 42 sensibilium,
1094 577 92 42 est
1134 577 92 42 eadem

180 627 124 41 causa
263 627 83 41 in
304 627 110 41 esse
373 627 152 41 istorum
483 627 83 41 in
525 627 124 41 ipsis
607 627 234 41 sensibilibus.
800 627 83 41 Et
841 627 179 41 similiter
979 627 96 41 est
1020 627 207 41 intelligendum

173 658 102 48 quod
237 658 179 48 dispositio
377 658 153 48 existens
492 658 77 48 in
530 658 115 48 nobis
607 658 77 48 in
645 658 153 48 scientia
760 658 204 48 vniuersalium
926 658 89 48 est
977 658 77 48 in
1015 658 128 48 nobis,
1104 658 102 48 quia
1155 658 64 48 est

177 692 84 43 in
219 692 154 43 virtute
331 692 196 43 rationali,
485 692 70 43 &
513 692 112 43 quod
583 692 126 43 causa
667 692 112 43 quod
736 692 126 43 sumus
820 692 98 43 per
876 692 126 43 illam
960 692 98 43 hoc
1016 692 126 43 modo,
1100 692 98 43 est
1142 692 70 43 cau

180 732 94 47 sa,
233 732 94 47 qua
287 732 107 47 ipsa
353 732 94 47 est
407 732 107 47 illo
474 732 120 47 modo.
554 732 107 47 Sed,
621 732 107 47 quia
687 732 120 47 sermo
768 732 80 47 in
808 732 187 47 intellectu
955 732 94 47 non
1008 732 94 47 est
1062 732 94 47 hic
1102 732 120 47 manife-

177 772 124 46 stus,
260 772 193 46 transmisit
412 772 97 46 nos
467 772 83 46 ad
508 772 124 46 aliud
591 772 152 46 tempus,
702 772 69 46 &
729 772 138 46 dixit.
826 772 97 46 Sed
881 772 124 46 sermo
964 772 83 46 de
1005 772 124 46 istis
1088 772 138 46 rebus.
1171 772 55 46 i.

184 811 85 40 de
226 811 212 40 intellectu.
396 811 99 40 TEt
453 811 142 40 potest
552 811 156 40 aliquis
665 811 142 40 dicere
764 811 113 40 quod
835 811 198 40 sensibilia
991 811 99 40 non
1047 811 142 40 mouent
1132 811 85 40 sen-

173 852 104 39 sus
233 852 119 39 illo
307 852 134 39 modo,
397 852 104 39 quo
456 852 179 39 existunt
591 852 134 39 extra
680 852 164 39 animam.
799 852 149 39 mouent
904 852 119 39 enim
978 852 149 39 sensus
1068 852 149 39 secundum

179 898 107 45 quod
245 898 107 45 sunt
312 898 213 45 intentiones,
485 898 93 45 cum
538 898 80 45 in
578 898 147 45 materia
685 898 93 45 non
738 898 107 45 sint
805 898 200 45 intentiones
965 898 80 45 in
1005 898 120 45 actu,
1085 898 93 45 sed
1138 898 80 45 in
1165 898 53 45 po

175 932 146 38 tentia.
281 932 80 38 Et
321 932 93 38 non
374 932 133 38 potest
467 932 146 38 aliquis
574 932 146 38 dicere,
680 932 106 38 quod
747 932 106 38 ista
813 932 186 38 diuersitas
960 932 146 38 accidit
1066 932 93 38 per
1106 932 120 38 diuer,-

180 971 154 40 sitatem
292 971 181 40 subiecti,
431 971 98 40 ita
487 971 112 40 quod
557 971 126 40 fiant
641 971 209 40 intentione,
808 971 154 40 propter
920 971 168 40 materiam
1032 971 181 40 spiritualem

177 1009 118 42 quae
251 1009 103 42 est
310 1009 162 42 sensus,
427 1009 103 42 non
486 1009 162 42 propter
604 1009 162 42 motorem
722 1009 235 42 extrinsecum.
913 1009 147 42 melius
1016 1009 103 42 est
1075 1009 118 42 enim
1134 1009 88 42 exi-

171 1051 159 40 stiinare
290 1051 106 40 quod
357 1051 120 40 causa
436 1051 80 40 in
476 1051 199 40 diuersitate
636 1051 159 40 materiae
755 1051 93 40 est
808 1051 186 40 diuersitas
954 1051 173 40 formarum:
1087 1051 93 40 non
1140 1051 106 40 quod

176 1089 183 42 diuersitas
320 1089 157 42 materiae
438 1089 92 42 sit
490 1089 118 42 causa
569 1089 210 42 diuersitatis
739 1089 144 42 formax.
844 1089 92 42 Et,
896 1089 92 42 cum
949 1089 92 42 ita
1001 1089 105 42 sit,
1067 1089 144 42 necesse
1158 1089 66 42 est

171 1126 146 48 ponere
273 1126 160 48 motorem
390 1126 218 48 extrinsecum
565 1126 87 48 in
608 1126 175 48 sensibus
739 1126 131 48 alium
827 1126 73 48 a
856 1126 248 48 sensibilibus:
1060 1126 131 48 sicut
1133 1126 87 48 fuit

183 1172 138 45 necesse
283 1172 75 45 in
320 1172 188 45 intellectu.
470 1172 113 45 Visum
545 1172 88 45 est
595 1172 125 45 igitur
683 1172 113 45 quod,
758 1172 75 45 si
795 1172 213 45 concesserimus
970 1172 100 45 quod
1033 1172 175 45 diuersitas
1158 1172 63 45 for

179 1203 122 48 marum
261 1203 95 48 est
315 1203 122 48 causa
396 1203 217 48 diuersitatis
572 1203 176 48 materiae,
708 1203 108 48 quod
775 1203 149 48 necesse
884 1203 108 48 erit
951 1203 149 48 motorem
1046 1203 176 48 extrinsecum

179 1251 121 45 esse.
259 1251 94 45 Sed
313 1251 134 45 Arist.
406 1251 134 45 tacuit
500 1251 94 45 hoc
554 1251 80 45 in
594 1251 134 45 sensu,
688 1251 107 45 quia
755 1251 134 45 latet,
849 1251 67 45 &
876 1251 147 45 apparet
983 1251 80 45 in
1023 1251 201 45 intellectu.
1170 1251 54 45 Et

177 1284 137 40 debes
268 1284 106 40 hoc
329 1284 243 40 consyderare,
526 1284 167 40 quoniam
647 1284 167 40 indiget
753 1284 258 40 perscrutatione.

216 1332 140 55 Nunc
303 1332 157 55 autem
408 1332 175 55 tantum
530 1332 122 55 sit
600 1332 262 55 diffinitum,
809 1332 192 55 quoniam
949 1332 122 55 cum
1019 1332 122 55 non
1071 1332 157 55 simpli-

173 1380 140 46 citer
267 1380 109 46 sit
329 1380 124 46 quod
407 1380 187 46 potentia
547 1380 187 46 dicitur:
686 1380 109 46 sed
749 1380 140 46 aliud
842 1380 155 46 quidem
951 1380 140 46 sicut
1044 1380 93 46 si
1075 1380 140 46 dicamus

172 1422 157 49 puerum
282 1422 141 49 posse
376 1422 204 49 militare:
533 1422 141 49 aliud
628 1422 141 49 autem
722 1422 141 49 sicut
816 1422 94 49 in
863 1422 157 49 aetate
973 1422 235 49 existentem:
1146 1422 78 49 sic

175 1463 100 52 se
225 1463 150 52 habet
309 1463 217 52 sensitiuum.

222 1509 133 62 Verum
311 1509 104 62 hoc
370 1509 148 62 tantum
474 1509 89 62 in
518 1509 207 62 praesentia
681 1509 104 62 sit
740 1509 222 62 distinctum:
918 1509 104 62 cum
977 1509 104 62 non
1036 1509 163 62 simplex
1140 1509 74 62 sit

173 1557 91 59 id
218 1557 121 59 quod
294 1557 181 59 potentia
429 1557 181 59 dicitur,
565 1557 106 59 sed
626 1557 151 59 partim
731 1557 136 59 quasi
822 1557 166 59 dicamus
942 1557 151 59 puerum
1048 1557 136 59 posse
1123 1557 91 59 duct

181 1598 125 69 esse:
264 1598 139 69 partim
362 1598 83 69 ut
403 1598 97 69 eum
459 1598 97 69 qui
514 1598 97 69 per
570 1598 153 69 aetatem
681 1598 153 69 idoneus
792 1598 111 69 sit,
862 1598 97 69 sic
917 1598 83 69 se
959 1598 125 69 habet
1028 1598 181 69 sensitiuum.

213 1651 127 48 Nunc
292 1651 143 48 autem
388 1651 190 48 intantum
531 1651 270 48 determinetur,
753 1651 127 48 quod
832 1651 143 48 illud
927 1651 127 48 quod
1007 1651 175 48 dicitur
1118 1651 95 48 esse

172 1692 82 54 in
213 1692 177 54 potentia,
349 1692 95 54 non
404 1692 95 54 est
458 1692 218 54 simpecituer,
635 1692 95 54 sed
689 1692 82 54 de
730 1692 136 54 quodam
825 1692 163 54 dicitur,
948 1692 122 54 sicut
1030 1692 150 54 dicitur
1138 1692 109 54 quod

174 1735 121 53 puer
249 1735 151 53 potest
355 1735 196 53 gubernare
506 1735 211 53 exercitum,
672 1735 76 53 &
703 1735 91 53 de
748 1735 151 53 quodam
854 1735 181 53 dicitur,
989 1735 136 53 sicut
1065 1735 151 53 dicitur,

177 1780 95 47 de
225 1780 252 47 experimento,
430 1780 79 47 &
461 1780 205 47 similiter
619 1780 110 47 est
682 1780 95 47 de
714 1780 126 47 sensu.

202 1827 134 41 Idest
291 1827 134 41 summa
380 1827 134 41 eius,
469 1827 119 41 quod
544 1827 208 41 declaratum
707 1827 104 41 est
766 1827 89 41 ex
811 1827 104 41 hoc
870 1827 178 41 sermone,
1004 1827 74 41 &
1034 1827 89 41 in
1078 1827 104 41 hoc
1123 1827 89 41 loco

175 1866 110 48 haec
244 1866 110 48 est.
313 1866 82 48 Et
354 1866 165 48 intendit
477 1866 96 48 per
532 1866 206 48 simpliciter
697 1866 110 48 vnam
766 1866 220 48 intentionem.
944 1866 69 48 &
972 1866 124 48 dixit
1054 1866 110 48 quod
1109 1866 110 48 illud,
