1416 2066
203 176 144 60 tiuus.
303 176 86 60 in
347 176 101 60 hoc
404 176 115 60 enim
476 176 187 60 inuenitur
621 176 216 60 gibbositas,
793 176 72 60 &
822 176 216 60 concauitas:
995 176 130 60 illud
1082 176 130 60 autem
1168 176 101 60 est
1211 176 58 60 si

201 228 126 47 nis:
280 228 110 47 hoc
343 228 141 47 autem
437 228 235 47 principium.
625 228 94 47 Et
672 228 126 47 ideo
751 228 110 47 hoc
813 228 110 47 est
876 228 220 47 quiescens,
1049 228 110 47 hoc
1112 228 126 47 vero
1175 228 78 47 mo-

199 268 126 41 tum:
278 268 173 41 quamuis
403 268 94 41 in
451 268 236 41 definitione
639 268 126 41 sint
717 268 188 41 diuersa,
859 268 94 41 in
906 268 236 41 magnitudine
1094 268 141 41 autem
1188 268 110 41 non

191 313 148 41 sunt
283 313 258 41 distincta.
486 313 148 41 omne
578 313 166 41 enim,
689 313 148 41 quod
781 313 221 41 mouetur,
947 313 203 41 mouetur
1076 313 185 41 secundum

204 355 170 48 aliquam
327 355 262 48 gibbositatem.
543 355 123 48 Vnde
620 355 170 48 necesse
743 355 108 48 est
805 355 93 48 vt
851 355 108 48 res
913 355 200 48 quiescat,
1067 355 139 48 sicut
1144 355 108 48 illud

206 396 123 55 quod
283 396 108 55 est
344 396 92 55 in
390 396 185 55 circulo,
529 396 77 55 &
560 396 123 55 quod
637 396 216 55 principium
806 396 139 55 motus
898 396 108 55 sit
960 396 92 55 ex
991 396 92 55 hoc.

204 466 97 49 Cum
259 466 110 49 not:
328 466 152 49 ficauit
439 466 110 49 quod
508 466 166 49 quaerere
632 466 83 49 de
673 466 138 49 rebus,
770 466 97 49 per
825 466 110 49 quas
894 466 97 49 fit
949 466 110 49 iste
1018 466 138 49 motus,
1101 466 152 49 conuenien

204 500 102 46 tius
268 500 89 46 est
319 500 76 46 in
357 500 102 46 alio
421 500 115 46 loco,
497 500 153 46 incoepit
612 500 89 46 hic
663 500 140 46 narrare
764 500 140 46 quandam
866 500 89 46 rem
917 500 204 46 vniversalem,
1083 500 64 46 &
1108 500 76 46 d.
1146 500 76 46 Et
1172 500 89 46 dico-

207 547 96 45 modo
267 547 203 45 vniversaliter
434 547 84 45 &c.
482 547 72 45 i.
518 547 60 45 &
542 547 96 45 dico
602 547 96 45 modo
661 547 96 45 quod
721 547 120 45 corpus
805 547 131 45 mouetur
900 547 60 45 a
924 547 108 45 primo
996 547 131 45 instro,
1092 547 84 45 ita
1139 547 96 45 quod
1187 547 72 45 pri-

200 581 108 51 mum
261 581 170 51 instim,
385 581 124 51 quod
462 581 139 51 mouet
555 581 154 51 ipsum,
663 581 124 51 quod
740 581 108 51 est
802 581 201 51 subiectum
956 581 154 51 animae
1049 581 201 51 desyderati-

204 619 97 48 uae
260 619 97 48 est
315 619 83 48 in
357 619 152 48 corpore
467 619 166 48 animalis
592 619 83 48 in
634 619 97 48 vno
689 619 125 48 loco,
772 619 69 48 a
800 619 97 48 quo
855 619 208 48 expelluntur
1021 619 139 48 partes
1118 619 139 48 partis
1202 619 55 48 mo

204 667 93 32 tae
257 667 172 32 animalis,
389 667 66 32 &
415 667 79 32 ad
455 667 106 32 quam
521 667 212 32 attraliuntur
693 667 132 32 partes
786 667 132 32 illius
878 667 132 32 partis
971 667 79 32 ab
1011 667 106 32 illo
1077 667 146 32 instro.
1169 667 93 32 omnis

206 700 116 48 enim
278 700 130 48 motus
365 700 203 48 compositus
524 700 87 48 ex
567 700 217 48 attractione
741 700 72 48 &
770 700 217 48 expulsione,
944 700 159 48 necesse
1059 700 101 48 est
1117 700 87 48 vt
1146 700 116 48 princi

210 740 120 48 pium,
290 740 67 48 a
317 740 94 48 quo
370 740 94 48 est
423 740 174 48 expulsio,
557 740 94 48 sit
611 740 134 48 finis,
704 740 80 48 ad
744 740 107 48 quem
811 740 94 48 est
864 740 187 48 attractio.
1011 740 80 48 Et
1052 740 120 48 ideo.
1132 740 80 48 d.
1158 740 94 48 sicut

203 787 128 33 motus
288 787 199 33 gvratiuus.
444 787 142 33 motus.
543 787 99 33 eni
600 787 184 33 gvratiuus
742 787 199 33 compositus
898 787 99 33 est
955 787 85 33 ex
998 787 213 33 attractione
1168 787 71 33 &
1182 787 71 33 ex-

206 820 198 43 pulsione.
358 820 167 43 Quoniam
480 820 137 43 autem
571 820 137 43 motus
662 820 182 43 animalis
799 820 213 43 compositus
966 820 106 43 est
1027 820 91 43 ex
1057 820 198 43 attractione

207 856 78 43 &
239 856 235 43 expulsione,
427 856 220 43 manisestum
599 856 110 43 est
662 856 188 43 quoniam,
803 856 157 43 quando
913 856 125 43 pars
991 856 157 43 dextra
1101 856 173 43 mouetur
1211 856 47 43 a

208 896 135 43 nobis,
302 896 67 43 &
329 896 189 43 sustentati
477 896 162 43 fuerimus
599 896 121 43 super
680 896 189 43 sinistram,
828 896 108 43 tunc
896 896 148 43 quaedam
1004 896 135 43 partes
1098 896 135 43 illius
1179 896 81 43 par-

203 934 95 45 tis
258 934 123 45 erunt
340 934 163 45 expulsae
462 934 82 45 ad
503 934 177 45 interius,
639 934 68 45 &
667 934 150 45 quaedam
776 934 191 45 attractae,
925 934 68 45 &
953 934 109 45 sunt
1021 934 150 45 partes,
1130 934 109 45 quae
1184 934 82 45 sunt

205 980 182 43 posterius:
348 980 65 43 &
374 980 169 43 attractio
504 980 65 43 &
530 980 156 43 expulsio
647 980 117 43 earum
725 980 91 43 non
778 980 91 43 est
830 980 208 43 rectitudine,
999 980 91 43 sed
1051 980 156 43 secundum
1155 980 104 43 lineas

201 1016 99 43 non
258 1016 156 43 rectas,
371 1016 128 43 magis
456 1016 142 43 curuas
556 1016 114 43 quam
627 1016 156 43 rectas:
740 1016 71 43 &
769 1016 114 43 ideo
840 1016 213 43 assimilatur
1010 1016 128 43 gyro.
1095 1016 71 43 &
1109 1016 128 43 instrm,

202 1054 105 48 quod
267 1054 131 48 corpus
359 1054 170 48 desyderat
490 1054 131 48 primo,
581 1054 65 48 &
607 1054 222 48 vniversaliter
790 1054 92 48 non
843 1054 92 48 est
895 1054 157 48 cognitum
1013 1054 65 48 a
1039 1054 131 48 nobis.
1130 1054 78 48 Et
1169 1054 78 48 in
1196 1054 65 48 lo-

198 1092 92 43 co
244 1092 138 43 huius
335 1092 184 43 sermonis
473 1092 199 43 inuenimus
626 1092 92 43 in
672 1092 122 43 alia
749 1092 245 43 translatione
948 1092 184 43 sermonem
1070 1092 184 43 manifestio

204 1132 97 47 rem
260 1132 111 47 sic.
329 1132 152 47 Dicamus
440 1132 139 47 igitur
537 1132 166 47 breuiter
661 1132 111 47 quod
731 1132 125 47 motor
814 1132 97 47 est
869 1132 125 47 quasi
952 1132 139 47 habens
1049 1132 139 47 eandem
1132 1132 125 47 dispon-

202 1171 92 53 nem
255 1171 79 53 in
294 1171 92 53 suo
347 1171 184 53 principio,
492 1171 66 53 &
518 1171 92 53 suo
571 1171 119 53 fine:
650 1171 119 53 sicut
729 1171 132 53 illud,
821 1171 105 53 quod
887 1171 145 53 dicitur
992 1171 119 53 Grece
1072 1171 198 53 giggsysmus.
1216 1171 40 53 &

203 1218 108 44 enim
270 1218 81 44 in
310 1218 81 44 eo
351 1218 202 44 gibbositas,
512 1218 67 44 &
539 1218 202 44 concauitas:
700 1218 81 44 et
741 1218 108 44 vnum
808 1218 121 44 eorum
889 1218 94 44 est
943 1218 135 44 finis,
1037 1218 67 44 &
1064 1218 121 44 aliud
1131 1218 121 44 princi-

203 1252 125 49 pium.
286 1252 111 49 D.d.
356 1252 83 49 in
397 1252 97 49 hoc
453 1252 111 49 enim
522 1252 180 49 inuenitur
661 1252 208 49 gibbositas,
827 1252 69 49 &
855 1252 208 49 concauitas,
1021 1252 83 49 i.
1063 1252 83 49 in
1104 1252 111 49 omni
1174 1252 111 49 enim

199 1291 114 45 quod
270 1291 157 45 mouetur
384 1291 171 45 secundum
512 1291 213 45 expulsionem
683 1291 71 45 &
711 1291 242 45 attractionem,
910 1291 100 45 non
967 1291 128 45 recte
1053 1291 171 45 conuenit
1167 1291 85 45 esse

201 1330 237 41 concauitatem
394 1330 74 41 &
424 1330 252 41 gibbositatem,
631 1330 104 41 ita
691 1330 119 41 quod
765 1330 178 41 gibbosum
898 1330 104 41 sit
957 1330 208 41 quiescens,
1121 1330 74 41 a
1150 1330 104 41 quo
1195 1330 59 41 e-

207 1372 101 39 rit
264 1372 202 39 principium
423 1372 230 39 expulsionis,
610 1372 72 39 &
639 1372 86 39 ad
682 1372 115 39 quod
754 1372 101 39 fit
812 1372 130 39 finis
898 1372 245 39 attractionis:
1100 1372 72 39 &
1114 1372 144 39 concauum

207 1405 94 47 sit
260 1405 134 47 motum,
354 1405 121 47 sicut
435 1405 94 47 est
489 1405 188 47 dispositio
637 1405 161 47 corporis
758 1405 108 47 moti
825 1405 229 47 circulariter.
1013 1405 108 47 Omne
1081 1405 108 47 enim
1134 1405 108 47 corpus

206 1446 119 52 quod
280 1446 164 52 mouetur
399 1446 253 52 circulariter,
608 1446 134 52 motus
697 1446 119 52 eius
771 1446 208 52 componitur
935 1446 89 52 ex
979 1446 238 52 attractione,
1173 1446 74 52 &
1188 1446 74 52 ex-

215 1491 181 41 pulsione,
354 1491 125 41 sicut
437 1491 139 41 dictum
535 1491 97 41 est
590 1491 83 41 in
632 1491 153 41 Septimo
743 1491 111 41 Phy.
812 1491 111 41 D.d.
882 1491 125 41 illud
965 1491 125 41 autem
1049 1491 97 41 est
1104 1491 139 41 finis,
1188 1491 69 41 hoc

202 1526 128 44 autem
287 1526 213 44 principium,
458 1526 100 44 &c.
515 1526 85 44 i.
558 1526 71 44 &
586 1526 114 44 ista
657 1526 114 44 pars
728 1526 185 44 quiescens
871 1526 100 44 est
928 1526 100 44 per
985 1526 128 44 motum
1056 1526 199 44 attractionis

208 1564 143 40 finis,
308 1564 71 40 &
336 1564 100 40 per
393 1564 128 40 motum
479 1564 214 40 expulsionis
650 1564 214 40 principium.
821 1564 71 40 &
849 1564 114 40 ideo
920 1564 157 40 necesse
1034 1564 114 40 est,
1106 1564 86 40 vt
1134 1564 114 40 gibbo-

205 1604 112 39 sum,
275 1604 98 39 aut
331 1604 140 39 illud,
429 1604 112 39 quod
499 1604 98 39 est
555 1604 112 39 loco
625 1604 168 39 gibbosi,
751 1604 98 39 sit
807 1604 182 39 quiescens
947 1604 98 39 aut
1003 1604 182 39 concauum:
1143 1604 98 39 aut
1185 1604 70 39 il-

209 1644 113 47 lud,
280 1644 113 47 quod
350 1644 99 47 est
407 1644 113 47 loco
477 1644 170 47 concaui,
605 1644 99 47 sit
661 1644 141 47 motum:
760 1644 127 47 licet
845 1644 198 47 principium
1001 1644 71 47 &
1029 1644 127 47 finis
1114 1644 85 47 in
1156 1644 99 47 hoc
1198 1644 57 47 mo

215 1688 76 41 tu
253 1688 102 41 sint
317 1688 140 41 diuersa
419 1688 76 41 in
457 1688 203 41 definitione,
622 1688 76 41 in
660 1688 191 41 magnitudine
813 1688 114 41 autem
889 1688 102 41 idem
953 1688 114 41 sunt,
1029 1688 114 41 sicut
1105 1688 153 41 centrum.
1220 1688 64 41 &

209 1722 82 52 hoc
256 1722 82 52 est
303 1722 165 52 econtrario
433 1722 71 52 de
468 1722 94 52 motu
527 1722 106 52 recto
597 1722 141 52 scilicet
703 1722 94 52 quod
762 1722 176 52 principium,
903 1722 59 52 &
927 1722 106 52 finis
997 1722 94 52 sint
1056 1722 71 52 in
1091 1722 71 52 eo
1127 1722 129 52 diuersa
1209 1722 47 52 in

211 1763 221 40 definitione,
390 1763 69 40 &
418 1763 83 40 in
459 1763 221 40 magnitudine,
639 1763 69 40 &
666 1763 152 40 menbrum
776 1763 110 40 quod
845 1763 97 40 est
901 1763 110 40 tale
969 1763 83 40 in
1011 1763 165 40 animali,
1135 1763 97 40 est
1176 1763 83 40 cor-

209 1798 161 45 secundum
329 1798 134 45 ipsum.
423 1798 107 45 D.d.
490 1798 107 45 omne
557 1798 121 45 enim,
638 1798 107 45 quod
705 1798 161 45 mouetur,
825 1798 148 45 mouetur
933 1798 161 45 secundum
1053 1798 148 45 aliquam
1147 1798 121 45 gibbosi

208 1839 139 44 tatem.
305 1839 83 44 i.
347 1839 70 44 &
375 1839 111 44 fuit
445 1839 153 44 necesse
556 1839 83 44 vt
597 1839 83 44 in
639 1839 153 44 animali
750 1839 97 44 sit
806 1839 111 44 tale
876 1839 153 44 membrum
987 1839 195 44 quiescens:
1140 1839 111 44 quia
1195 1839 70 44 est

207 1884 194 46 principium
360 1884 125 46 motus
443 1884 222 46 expulsionis,
623 1884 69 46 &
650 1884 125 46 finis
734 1884 236 46 attractionis,
928 1884 152 46 propter
1038 1884 111 46 hoc,
1108 1884 111 46 quod
1163 1884 97 46 omne,
