1416 2066
170 155 229 56 Manifestum
349 155 163 56 igitur
463 155 114 56 est
529 155 131 56 quod
610 155 245 56 impossibile
806 155 114 56 est
872 155 98 56 vt
921 155 163 56 sensus
1018 155 229 56 instrumentum

184 205 111 46 sit
248 205 191 46 proprium
391 205 159 46 alicui
503 205 191 46 istorum,
646 205 143 46 verbi
741 205 175 46 gratia,
869 205 159 46 motui.
980 205 143 46 esset
1076 205 127 46 enim
1140 205 111 46 sicut

190 251 116 41 nos
257 251 133 41 modo
340 251 199 41 sentimus
489 251 149 41 dulce
588 251 116 41 per
654 251 166 41 visum.
770 251 83 41 &
804 251 116 41 hoc
870 251 133 41 est,
953 251 133 41 quia
1036 251 116 41 est
1102 251 99 41 in
1135 251 116 41 nobis

185 290 162 57 sensus,
303 290 88 57 in
347 290 103 57 quo
406 290 103 57 est
464 290 191 57 vtrunque:
611 290 88 57 &,
655 290 103 57 cum
714 290 118 57 sint
788 290 118 57 ambo
861 290 206 57 coniuncta,
1023 290 118 57 scit
1096 290 88 57 ea
1140 290 103 57 ut,
1184 290 59 57 si

182 344 105 44 non
242 344 135 44 esset
332 344 120 44 ita,
408 344 105 44 non
468 344 211 44 sentiremus
633 344 150 44 ipsum,
739 344 120 44 nisi
814 344 286 44 accidentaliter,
1054 344 90 44 v.
1100 344 90 44 g.
1130 344 120 44 filium

189 376 207 44 Socratis.
349 376 112 44 nos
412 376 128 44 enim
492 376 112 44 non
556 376 191 44 sentimus
700 376 160 44 silium
811 376 207 44 Socratis,
971 376 112 44 sed
1035 376 160 44 album.
1146 376 80 44 &
1162 376 80 44 com

184 419 156 48 tingit
294 419 125 48 huic
372 419 125 48 quod
450 419 125 48 fuit
528 419 156 48 filius
638 419 203 48 Socratis.
794 419 188 48 Communia
934 419 141 48 autem
1028 419 156 48 habent
1122 419 125 48 sensum

187 460 227 46 communem,
361 460 122 46 non
431 460 332 46 accidentaliter.
711 460 122 46 non
781 460 175 46 igitur
903 460 175 46 habent
1025 460 175 46 sensum
1130 460 105 46 pro-

194 499 148 56 prium.
298 499 89 56 &,
342 499 118 56 nisi
416 499 103 56 hoc
475 499 148 56 esset.
578 499 103 56 non
637 499 207 56 sentiremus
799 499 89 56 ea
844 499 162 56 omnino,
962 499 118 56 nisi
1035 499 118 56 sic,
1109 499 133 56 sicut
1183 499 59 56 di

186 549 144 46 ximus
282 549 128 46 quod
362 549 112 46 nos
426 549 176 46 videmus
554 549 160 46 filium
666 549 208 46 Socratis.
826 549 96 46 Et
874 549 160 46 sensus
986 549 160 46 quidam
1098 549 112 46 non
1146 549 96 46 sen-

189 588 111 47 tit
253 588 222 47 sensibilia
427 588 206 47 quorundam
586 588 127 47 nisi
665 588 301 47 accidentaliter.
919 588 79 47 &
951 588 111 47 non
1014 588 111 47 est
1078 588 159 47 vnius,
1173 588 79 47 cum

191 631 148 44 fensus
295 631 148 44 fuerit
399 631 163 44 insimul
517 631 89 44 in
562 631 148 44 eodem.
666 631 89 44 v.
710 631 89 44 g.
755 631 163 44 cholera
873 631 119 44 enim
947 631 104 44 est
1007 631 148 44 amara,
1111 631 74 44 &
1125 631 119 44 citri-

182 675 108 47 na,
243 675 200 47 iudicium,
397 675 123 47 quod
474 675 184 47 vtrunque
612 675 108 47 est
673 675 184 47 eiusdem,
812 675 108 47 non
873 675 108 47 est
935 675 200 47 alterius.
1088 675 77 47 &
1119 675 123 47 ideo
1181 675 61 47 ca

192 716 101 48 dit
249 716 144 48 error,
350 716 101 48 ita
408 716 115 48 quod
480 716 173 48 citrinum
610 716 216 48 existimatur
783 716 115 48 esse
841 716 144 48 cholera.

231 778 106 49 Et,
291 778 106 49 cum
352 778 212 49 declaratum
518 778 106 49 est
579 778 121 49 quod
655 778 182 49 communia
791 778 212 49 sensibilia
957 778 303 49 comprehendiuntur
1200 778 45 49 a

189 827 147 48 quinque
295 827 160 48 sensibus
416 827 240 48 essentialiter,
616 827 187 48 manifestum
763 827 93 48 est
816 827 107 48 quod
883 827 200 48 impossibile
1043 827 93 48 est
1096 827 133 48 sensum
1176 827 67 48 pro

191 868 128 44 prium
276 868 114 44 esse
348 868 171 44 alicuius
476 868 157 44 istorum
590 868 214 44 sensibilium
762 868 200 44 communium,
919 868 86 44 v.
962 868 86 44 g.
1004 868 143 44 motus,
1104 868 100 44 aut
1147 868 100 44 quam-

189 897 133 50 titas.
282 897 160 50 quoniam,
402 897 80 50 si
442 897 93 50 ita
496 897 133 50 esset,
589 897 107 50 tunc
656 897 187 50 sentiremus
803 897 133 50 motum,
896 897 93 50 aut
949 897 107 50 sibi
1016 897 147 50 similes
1123 897 80 50 de
1150 897 93 50 sensi

188 941 169 46 bilibus
311 941 231 46 communibus,
495 941 108 46 non
556 941 108 46 per
618 941 108 46 se,
679 941 108 46 sed
741 941 108 46 per
802 941 169 46 medium:
925 941 138 46 sicut
1002 941 246 46 comprehendimus

190 980 99 45 per
246 980 127 45 visum
331 980 99 45 hoc
388 980 113 45 esse
458 980 127 45 dulce
543 980 169 45 mediante
670 980 155 45 colore.
783 980 113 45 D.d.
854 980 71 45 &
882 980 99 45 hoc
938 980 113 45 est,
1009 980 113 45 quia
1080 980 99 45 est
1136 980 85 45 in
1164 980 71 45 no-

188 1020 89 39 bis
239 1020 139 39 sensus,
340 1020 89 39 &c.
391 1020 76 39 i.
429 1020 63 39 &
454 1020 139 39 accidit
555 1020 114 39 nobis
631 1020 114 39 talis
707 1020 202 39 comprehensio
871 1020 152 39 scilicet
985 1020 152 39 iudicare
1099 1020 89 39 per
1137 1020 114 39 aliquem

187 1057 131 42 sensum
278 1057 118 42 super
357 1057 170 42 sensibile
488 1057 157 42 alterius
605 1057 144 42 sensus:
710 1057 105 42 quia
775 1057 170 42 contingit
906 1057 105 42 quod
971 1057 105 42 illi
1037 1057 92 42 duo
1089 1057 131 42 sensus
1168 1057 78 42 fue-

191 1092 116 51 rint
264 1092 189 51 coniuncti
409 1092 87 51 in
453 1092 261 51 comprehendendo
670 1092 116 51 illa
743 1092 102 51 duo
801 1092 203 51 sensibilia
961 1092 87 51 ex
1004 1092 131 51 eodem
1091 1092 145 51 aliquo
1178 1092 73 51 tem

186 1139 137 46 pore.
277 1139 91 46 &,
323 1139 106 46 cum
383 1139 122 46 post
459 1139 122 46 haec
535 1139 197 46 acciderit
687 1139 91 46 vt
733 1139 273 46 comprehendamus
960 1139 106 46 per
1021 1139 167 46 alterum
1127 1139 122 46 duorum

189 1179 163 40 sensuum
308 1179 163 40 alterum
426 1179 207 40 sensibile,
589 1179 89 40 ex
633 1179 133 40 eadem
722 1179 89 40 re
766 1179 222 40 iudicabimus
943 1179 104 40 per
1003 1179 148 40 lillum
1106 1179 148 40 sensum
1195 1179 59 40 su

183 1221 102 45 per
242 1221 190 45 sensibile
388 1221 176 45 alterius
520 1221 102 45 per
579 1221 249 45 coniunctionem
784 1221 249 45 praecedentem.
988 1221 88 45 v.
1032 1221 88 45 g.
1076 1221 161 45 quoniam
1179 1221 73 45 nos

189 1260 95 46 non
244 1260 135 46 scimus
338 1260 95 46 per
392 1260 122 46 visum
473 1260 108 46 quod
541 1260 95 46 hoc
595 1260 95 46 est
649 1260 135 46 dulce,
744 1260 108 46 nisi
811 1260 122 46 prius
892 1260 176 46 acciderit
1028 1260 122 46 nobis
1109 1260 81 46 in
1136 1260 108 46 aliquo

194 1296 163 50 tempore
313 1296 118 50 quod
387 1296 266 50 comprehendimus
609 1296 104 50 per
668 1296 133 50 visum
757 1296 133 50 quod,
845 1296 104 50 mel
905 1296 104 50 est
964 1296 192 50 citrinum,
1112 1296 74 50 &
1141 1296 104 50 per
1186 1296 59 50 gu

188 1330 116 48 stum
261 1330 116 48 esse
334 1330 145 48 dulce.
435 1330 102 48 cum
493 1330 145 48 igitur
595 1330 160 48 secundo
711 1330 189 48 sentiemus
856 1330 131 48 ipsum
943 1330 102 48 per
1001 1330 131 48 solum
1088 1330 131 48 visum
1161 1330 87 48 esse

189 1372 199 46 citrinum,
342 1372 153 46 statim
449 1372 276 46 comprehendemus
679 1372 138 46 ipsum
771 1372 123 46 esse
848 1372 153 46 dulce,
955 1372 77 46 &
985 1372 123 46 mel.
1062 1372 123 46 D.d.
1139 1372 107 46 Et,
1185 1372 61 46 si

192 1419 88 39 non
243 1419 113 39 esset
318 1419 101 39 ita,
382 1419 88 39 &c.
432 1419 76 39 i.
470 1419 76 39 &,
508 1419 76 39 si
545 1419 88 39 non
596 1419 113 39 esset
672 1419 164 39 concessum
798 1419 63 39 a
823 1419 113 39 nobis
899 1419 113 39 quod,
974 1419 76 39 si
1012 1419 101 39 vnum
1075 1419 139 39 istorum
1163 1419 76 39 sen-

181 1451 191 40 sibilium
324 1451 206 40 communium
483 1451 175 40 haberet
610 1451 159 40 sensum
721 1451 206 40 proprium,
880 1451 238 40 contingeret
1070 1451 95 40 vt
1102 1451 143 40 sentire

189 1485 88 46 ea,
239 1485 113 46 esset
314 1485 113 46 sicut
389 1485 138 46 sentire
489 1485 88 46 per
539 1485 113 46 visum
614 1485 100 46 quod
676 1485 88 46 hoc
726 1485 88 46 est
776 1485 125 46 dulce,
864 1485 138 46 necesse
964 1485 113 46 esset
1039 1485 75 46 vt
1076 1485 138 46 sentire
1176 1485 75 46 ea
1201 1485 50 46 es

189 1530 93 49 set
242 1530 80 49 de
282 1530 133 49 genere
375 1530 146 49 sensus,
481 1530 93 49 qui
534 1530 146 49 proprie
641 1530 146 49 dicitur
747 1530 253 49 accidentaliter.
960 1530 80 49 v.
1000 1530 66 49 g
1026 1530 146 49 sentire
1133 1530 93 49 per
1173 1530 66 49 vi-

193 1560 92 51 sum
246 1560 105 51 quod
311 1560 105 51 iste
377 1560 92 51 est
430 1560 132 51 filius
522 1560 171 51 Socratis:
654 1560 105 51 quia
720 1560 184 51 sentiremus
865 1560 119 51 ipsum
944 1560 105 51 esse
1010 1560 132 51 album:
1102 1560 105 51 quia
1155 1560 92 51 acci-

190 1605 105 46 dit
250 1605 120 46 quod
325 1605 149 46 filius
429 1605 179 46 Soeratis
564 1605 120 46 fuit
638 1605 149 46 albus:
743 1605 120 46 D.d.
818 1605 179 46 Communia
952 1605 134 46 autem
1042 1605 149 46 habent
1131 1605 120 46 sensum

192 1644 190 40 communem,
338 1644 102 40 &c.
397 1644 73 40 i
426 1644 87 40 &,
469 1644 102 40 cum
528 1644 204 40 declaratum
688 1644 102 40 est
746 1644 131 40 quod,
834 1644 87 40 si
878 1644 160 40 aliquod
994 1644 219 40 sensibilium
1155 1644 87 40 com-

186 1683 153 44 munium
293 1683 169 44 haberet
416 1683 153 44 sensum
523 1683 199 44 proprium,
676 1683 123 44 tunc
753 1683 215 44 sentiretur
921 1683 77 44 a
952 1683 138 44 hobis
1028 1683 215 44 accidentali-

187 1723 121 51 ter:
262 1723 227 51 quemadmodum
444 1723 181 51 sentimus
580 1723 106 51 per
640 1723 151 51 visum,
746 1723 136 51 istum
836 1723 121 51 esse
912 1723 151 51 filium
1017 1723 196 51 Soeraris,
1153 1723 91 51 quia

191 1768 102 45 est
250 1768 146 45 albus:
352 1768 102 45 aut
410 1768 219 45 quemadmodum
586 1768 190 45 iudicamus
732 1768 102 45 hoc
790 1768 117 45 esse
863 1768 146 45 dulce,
965 1768 117 45 quia
1039 1768 102 45 est
1082 1768 161 45 citrinum:

193 1801 112 39 Haec
263 1801 112 39 enim
333 1801 98 39 duo
390 1801 112 39 sunt
460 1801 98 39 duo
516 1801 112 39 modi
586 1801 267 39 accidentaliter:
811 1801 70 39 &
839 1801 98 39 iam
895 1801 197 39 declaratum
1049 1801 98 39 est
1106 1801 112 39 quod
1162 1801 84 39 sen-

188 1841 169 43 sibilia
311 1841 184 43 communia
449 1841 292 43 comprehenduntur
695 1841 277 43 essentialiter:
925 1841 123 43 ergo
1002 1841 154 43 nullum
1094 1841 154 43 sensibi.
