1416 2066
112 165 93 45 sine
170 165 163 45 receptione
298 165 93 45 vera
356 165 128 45 speciei
449 165 70 45 in
484 165 81 45 sua
519 165 116 45 substan-

123 204 77 32 tia
167 204 110 32 facta.
244 204 99 32 Vnde,
310 204 66 32 vt
343 204 143 32 dicebatur
452 204 66 32 ex
485 204 132 32 sentetia
573 204 55 32 Phi

114 234 126 33 losophi.
209 234 63 33 2.
241 234 63 33 de
272 234 105 33 anima.
346 234 84 33 tex.
399 234 84 33 com.
451 234 84 33 130.
493 234 137 33 intelligere

118 268 65 30 &
144 268 129 30 sapere
234 268 142 30 videtur
338 268 142 30 tanquam
441 268 142 30 quoddam
532 268 103 30 senti-

113 301 68 35 re
147 301 102 35 esse:
215 301 148 35 propterea
329 301 91 35 quia
385 301 68 35 in
419 301 136 35 vtrisque
522 301 102 35 anima
579 301 45 35 it

119 327 109 35 dicat
191 327 145 35 aliquid,
300 327 60 35 &
325 327 157 35 cognoscit
446 327 133 35 aliquid
530 327 97 35 eorum,

122 363 89 36 quae
177 363 100 36 sunt.
244 363 78 36 Hoc
289 363 89 36 enim
344 363 144 36 argumento
455 363 122 36 decepti
544 363 89 36 sunt
589 363 44 36 An

120 394 113 32 tiqui,
199 394 147 32 arguentes
312 394 68 32 in
346 394 125 32 secunda
437 394 113 32 figura
516 394 68 32 ex
538 394 91 32 duabus

114 422 198 38 affirmatiuis.
277 422 82 38 Non
324 422 82 38 est
371 422 117 38 igitur
452 422 163 38 similitudo
569 422 58 38 pe-

117 453 89 30 nes
168 453 152 30 formalem
282 453 190 30 receptionem
435 453 165 30 specierum
549 453 76 30 vtro

114 482 116 32 bique,
196 482 81 32 sed
242 482 104 32 penes
312 482 151 32 iudicium,
428 482 104 32 sicut
497 482 116 32 vides.
567 482 58 32 Sed

123 514 126 32 lliffert
218 514 126 32 iudicium
313 514 158 32 intellectus
439 514 53 32 a
460 514 116 32 iudicio
533 514 95 32 sensus.

118 548 96 31 quia
178 548 120 31 sensus
262 548 72 31 ad
298 548 84 31 hoc
346 548 72 31 vt
382 548 132 31 iudicet
466 548 168 31 praesupponit

119 577 72 33 in
155 577 143 33 sensorio
262 577 155 33 passionem
382 577 60 33 a
405 577 155 33 sensibili
513 577 119 33 respectu

115 607 120 36 speciei
203 607 87 36 sine
257 607 131 36 materia.
356 607 77 36 sed
399 607 164 36 intellectus
531 607 77 36 hoc
574 607 77 36 non

117 642 108 32 requit
193 642 75 32 it:
236 642 86 32 ideo
289 642 108 32 potest
365 642 151 32 diiudicare
483 642 86 32 sine
526 642 108 32 receptio

118 670 66 31 ne
151 670 121 31 speciei
239 670 66 31 in
272 670 77 31 sua
316 670 165 31 substantia,
447 670 77 31 sed
491 670 66 31 in
524 670 99 31 parte
579 670 55 31 sen

117 702 123 36 fitiua,
206 702 67 36 in
240 702 78 36 qua
285 702 168 36 recipiuntur
419 702 179 36 phantasmata.
565 702 56 36 &
576 702 56 36 sic

123 733 140 30 alteratio
231 733 75 30 est
274 733 64 30 in
306 733 97 30 parte
370 733 183 30 intellectiua,
521 733 75 30 non
553 733 75 30 ratio

115 762 68 32 ne
149 762 146 32 subiecti,
261 762 79 32 sed
306 762 124 32 ratione
396 762 135 32 virtutis
486 762 135 32 sensitiuae

119 792 89 38 quae
175 792 78 38 est
219 792 145 38 coniuncta
331 792 78 38 ei,
375 792 78 38 cui
420 792 123 38 accidit
509 792 67 38 vt
543 792 89 38 sic,
587 792 45 38 vt

121 820 94 38 tangat
186 820 75 38 eam,
234 820 56 38 ex
262 820 85 38 parte
318 820 113 38 scilicet
403 820 66 38 qua
441 820 141 38 intellectus
554 820 75 38 est.
591 820 38 38 Et

122 856 72 34 hoc
163 856 83 34 fuit
215 856 62 34 in
246 856 93 34 causa
308 856 83 34 quod
359 856 103 34 Arist.
432 856 72 34 in.
473 856 62 34 2.
504 856 62 34 de
535 856 93 34 anima
587 856 41 34 lo

117 893 123 35 euturus
206 893 67 35 de
240 893 123 35 virtute
329 893 145 35 sensitiua
441 893 67 35 in
475 893 123 35 genere,
553 893 78 35 prae-

112 916 111 38 misit
186 916 136 38 sentire
285 916 74 38 in
322 916 124 38 quodam
408 916 99 38 pari
470 916 62 38 &
495 916 124 38 moueri
569 916 62 38 com

118 949 120 36 sistere,
208 949 60 36 in
238 949 80 36 tex.
288 949 80 36 com.
338 949 70 36 Si.
378 949 90 36 sicut
438 949 70 36 iam
478 949 130 36 concessum
568 949 60 36 erat

119 981 63 36 ab
151 981 137 36 Antiquis,
256 981 63 36 vt
288 981 105 36 patet.
361 981 63 36 I.
393 981 63 36 de
425 981 105 36 anima.
498 981 84 36 tex.
551 981 84 36 com.
593 981 42 36 7S

119 1013 73 30 Et
155 1013 110 30 ideo,
229 1013 98 30 quia
290 1013 98 30 mens
351 1013 98 30 eius
413 1013 86 30 non
462 1013 98 30 erat
523 1013 86 30 hoc
560 1013 73 30 sane

116 1045 122 30 dictum
201 1045 196 30 simpliciter,
360 1045 122 30 sensum
446 1045 98 30 pati
507 1045 61 30 &
519 1045 110 30 moueri,

120 1073 53 33 &
142 1073 64 33 ab
174 1073 85 33 alio
227 1073 107 33 agere,
302 1073 75 33 seu
345 1073 64 33 in
377 1073 85 33 actu
430 1073 96 33 esse,
494 1073 85 33 ideo
548 1073 75 33 ibi
590 1073 64 33 in

119 1105 91 35 tex.
176 1105 91 35 com.
232 1105 80 35 34.
278 1105 125 35 apponit
369 1105 159 35 corrigendo
494 1105 80 35 hoc
529 1105 102 35 dictum,

109 1133 146 42 primum
211 1133 146 42 quidem
313 1133 160 42 tanquam
430 1133 117 42 idem
503 1133 102 42 sit
547 1133 87 42 moue

123 1170 77 32 ri,
167 1170 55 32 &
189 1170 99 32 pati,
255 1170 55 32 &
278 1170 99 32 agere
344 1170 133 32 dicimus.
443 1170 55 32 &
465 1170 99 32 motus
532 1170 77 32 est
565 1170 66 32 acto

120 1204 136 34 quidam,
218 1204 185 34 imperfectus
367 1204 124 34 tamen.
453 1204 99 34 Vbi,
515 1204 74 34 vt
540 1204 86 34 notat

117 1229 190 37 lucidissimus
271 1229 107 37 Them.
342 1229 119 37 innuit
425 1229 190 37 differentiam
568 1229 59 37 in-

116 1259 87 43 ter
165 1259 124 43 moueri
252 1259 62 43 &
277 1259 124 43 agere,
364 1259 62 43 &
388 1259 112 43 inter
463 1259 99 43 pari
525 1259 62 43 &
537 1259 87 43 agere

118 1291 99 31 licet
184 1291 88 31 enim
239 1291 110 31 sensus
315 1291 131 31 patiatur
414 1291 55 31 &
436 1291 131 31 moueatur
534 1291 55 31 a
545 1291 88 31 sensi-

115 1322 102 32 bili,
183 1322 68 32 vt
217 1322 113 32 dictum
296 1322 102 32 fuit,
364 1322 79 32 non
410 1322 102 32 tamen
478 1322 91 32 agit
523 1322 102 32 ratione

116 1353 155 34 sensibilis
237 1353 66 34 in
271 1353 88 34 hoc,
326 1353 88 34 quod
381 1353 133 34 iudicium
480 1353 99 34 sumit
547 1353 66 34 de
569 1353 55 34 sen

119 1382 121 36 sibili,
207 1382 77 36 sed
251 1382 77 36 hoc
295 1382 99 36 habet
361 1382 66 36 ex
395 1382 66 36 se
428 1382 55 36 &
450 1382 77 36 sua
494 1382 121 36 ratione
571 1382 55 36 for

115 1414 97 36 mali.
180 1414 64 36 in
212 1414 86 36 plus
266 1414 86 36 enim
319 1414 75 36 est
362 1414 107 36 agere,
438 1414 75 36 vel
481 1414 64 36 in
513 1414 86 36 actu
556 1414 75 36 esse,

126 1452 88 33 quam
181 1452 77 33 sit
225 1452 110 33 mouis,
302 1452 77 33 aut
346 1452 121 33 passio.
433 1452 77 33 nam
477 1452 66 33 vt
510 1452 99 33 dicit
565 1452 66 33 The-

114 1476 102 37 mist.
182 1476 91 37 ibi,
239 1476 80 37 ita
284 1476 102 37 actus
353 1476 125 37 excedit
444 1476 114 37 motum,
524 1476 102 37 sicut
580 1476 46 37 ge

117 1508 88 33 nus
168 1508 138 33 excedit
268 1508 151 33 speciem,
381 1508 88 33 nam
431 1508 113 33 motus
507 1508 88 33 est
544 1508 88 33 actus

120 1539 108 37 quidam
196 1539 130 37 scilicet
293 1539 173 37 imperfectus:
434 1539 97 37 ratio
498 1539 97 37 autem
552 1539 76 37 actus

115 1571 152 38 generalior
234 1571 87 38 est.
288 1571 76 38 Et,
332 1571 65 38 si
364 1571 130 38 instetur
462 1571 108 38 contra
537 1571 76 38 hoc
570 1571 54 38 au-

117 1600 147 35 thoritate
230 1600 159 35 Philosophi
355 1600 68 35 in
389 1600 91 35 lib.
446 1600 68 35 de
480 1600 102 35 fensu
548 1600 57 35 &
559 1600 68 35 sen-

119 1632 74 34 si.
162 1632 74 34 vbi
204 1632 95 34 habet
267 1632 85 34 quod
320 1632 137 34 sensibile
426 1632 106 34 sensum
500 1632 95 34 agere
553 1632 85 34 facit:

116 1665 53 37 &
138 1665 74 37 in.
180 1665 63 37 2.
211 1665 63 37 de
243 1665 106 37 anima.
317 1665 84 37 tex.
370 1665 84 37 com.
422 1665 74 37 39.
465 1665 74 37 vbi
507 1665 106 37 dicit,
570 1665 53 37 qui

116 1695 113 35 actiua
195 1695 169 35 operationis
330 1695 158 35 sensibilis
454 1695 90 35 sunt
511 1695 113 35 extra.
579 1695 56 35 Dic

115 1724 90 41 quod
171 1724 101 41 facit
238 1724 101 41 ipsum
306 1724 90 41 esse
362 1724 67 41 in
395 1724 101 41 actu,
463 1724 79 41 quo
508 1724 67 41 ad
530 1724 101 41 speciei

116 1755 190 41 receptionem,
271 1755 83 41 pro
318 1755 119 41 quanto
402 1755 119 41 sensus
485 1755 131 41 patitur
568 1755 60 41 ali

109 1787 102 33 quid
173 1787 153 33 patiente
287 1787 140 33 organo,
389 1787 76 33 vt
427 1787 127 33 dictum
516 1787 102 33 est:
567 1787 64 33 sed

112 1817 75 35 non
155 1817 96 35 facit
219 1817 96 35 ipsum
283 1817 96 35 agere
347 1817 64 35 in
379 1817 85 35 hoc,
432 1817 85 35 quod
486 1817 149 35 discernit,
603 1817 53 35 &

118 1850 152 32 fiuidicat,
238 1850 87 32 quia
292 1850 76 32 hoc
336 1850 98 32 habet
401 1850 65 32 ex
433 1850 76 32 sua
477 1850 152 32 intrinseca
586 1850 43 32 ra

117 1884 103 30 tione.
189 1884 103 30 sensus
261 1884 82 30 enim
312 1884 51 30 &
333 1884 154 30 intellectus
456 1884 82 30 sunt
508 1884 62 30 ex
528 1884 103 30 virtuti

649 172 84 38 bus
697 172 132 38 animae,
793 172 96 38 quae
853 172 253 38 habentidiscernere
1070 172 60 38 &
1082 172 84 38 iudi-

648 206 108 36 care,
720 206 84 36 sed
768 206 156 36 sensibile
888 206 108 36 solum
959 206 84 36 quo
1007 206 72 36 ad
1043 206 84 36 hoc
1079 206 84 36 habet

652 235 137 31 virtutem
754 235 160 31 sensitiuam
880 235 148 31 excitare,
994 235 57 31 &
1017 235 80 31 est
1062 235 91 31 sibi
1108 235 57 31 oc-

651 268 67 38 ca
684 268 78 38 sio
729 268 78 38 non
773 268 100 38 causa
839 268 166 38 principalis
972 268 122 38 ferendi
1050 268 111 38 iudicil-

653 297 119 34 organum
740 297 97 34 etiam
804 297 76 34 non
848 297 119 34 patitur
934 297 54 34 a
956 297 140 34 sensibili
1053 297 108 34 secundum

651 334 141 34 passionem
760 334 174 34 corruptiuam,
901 334 98 34 neque
966 334 130 34 passiue:
1064 334 76 34 non
1097 334 65 34 enim

654 364 140 38 albescit,
762 364 75 38 nec
805 364 151 38 nigrescit,
924 364 65 38 vt
956 364 140 38 patiuntur
1053 364 108 38 corpora:

648 393 98 33 immo
709 393 110 33 talis
782 393 159 33 alteratio
904 393 73 33 in
940 393 195 33 perfectionem
1087 393 73 33 ter-

647 420 146 38 minatur,
756 420 97 38 quia
817 420 85 38 est
865 420 146 38 receptio
975 420 158 38 specierum
1084 420 73 38 fine

651 460 149 31 materia,
762 460 62 31 &
787 460 174 31 sensitiuum
923 460 112 31 etiam
998 460 149 31 operatur
1097 460 62 31 non

647 484 64 39 vt
679 484 139 39 potentiae
786 484 139 39 factiuae,
893 484 75 39 sed
936 484 128 39 secundum
1032 484 128 39 iudicium
1128 484 53 39 &

630 517 196 35 cognitionem.

679 545 105 34 Tertia
753 545 137 34 contradi.
858 545 74 34 est
900 545 95 34 super
963 545 84 34 com.
1016 545 63 34 4.
1047 545 63 34 &.
1079 545 63 34 3.
1100 545 63 34 Com.

649 576 110 31 tener
722 576 183 31 intellectum
868 576 171 31 materialem
1002 576 98 31 esse
1051 576 110 31 abstra-

649 607 116 35 ctum,
727 607 65 35 &
752 607 194 35 immortalem.
908 607 90 35 Sed
959 607 116 35 huius
1024 607 142 35 oppositum

656 639 121 35 habetur
744 639 77 35 in.
788 639 66 35 3.
820 639 66 35 de
853 639 110 35 anima.
930 639 88 35 tex.
985 639 88 35 com.
1040 639 77 35 10.
1083 639 77 35 vbi
1116 639 55 35 io-

654 669 97 40 quens
719 669 64 40 de
751 669 150 40 intellectu
869 669 107 40 agente
944 669 97 40 dicit
1008 669 86 40 quod
1062 669 86 40 ipse
1105 669 64 40 solu

652 700 81 38 est
699 700 174 38 immortalis.
838 700 58 38 &
862 700 105 38 patet
931 700 93 38 quod
990 700 81 38 hoc
1036 700 81 38 non
1071 700 93 38 potest

651 733 131 31 absolute
749 733 153 31 intelligi.
870 733 87 31 quia
924 733 98 31 vltra
990 733 153 31 intellectu
1099 733 66 31 agen

649 765 90 40 tem
701 765 116 40 etiam
778 765 232 40 intelligentiae
971 765 154 40 mouentes
1074 765 90 40 orbes

645 797 100 29 sunt
708 797 188 29 abstractae,
859 797 63 29 &
884 797 188 29 immortales.
1034 797 125 29 igitur
1109 797 63 29 hoc

645 825 190 32 intelligitur
799 825 190 32 comparatiue,
954 825 71 32 in
989 825 119 32 ordine
1060 825 107 32 videli-

650 856 79 34 cet
695 856 68 34 ad
729 856 135 34 caeteras
830 856 113 34 animae
909 856 135 34 virtutes
1011 856 56 34 &
1022 856 147 34 potestates.

656 889 57 33 &
678 889 80 33 ita
724 889 172 33 intellectus
862 889 161 33 possibilis
988 889 80 33 non
1034 889 80 33 est
1068 889 92 33 immor-

646 920 118 29 talis.
729 920 153 29 Soluitur.
846 920 106 29 inter
917 920 141 29 virtutes
1023 920 118 29 animae
1093 920 71 29 sunt

651 949 108 37 duae,
723 949 120 37 quarum
806 949 84 37 vna
854 949 84 37 est
902 949 108 37 omnia
974 949 120 37 fieri,
1057 949 96 37 alia
1105 949 60 37 est

651 980 101 33 omnia
718 980 124 33 facere:
808 980 79 33 sed
854 980 101 33 illa,
921 980 90 33 quae
977 980 79 33 est
1023 980 101 33 omnia
1079 980 90 33 facere

649 1012 73 43 est
690 1012 168 43 praestantior
827 1012 73 43 ea,
869 1012 84 43 quae
921 1012 73 43 est
963 1012 94 43 omnia
1026 1012 105 43 fieri,
1099 1012 52 43 &
1110 1012 52 43 sic

646 1041 72 33 in
682 1041 133 33 supremo
779 1041 109 33 gradu
851 1041 205 33 abstractionis
1020 1041 97 33 sola
1068 1041 97 33 essen-

654 1073 76 36 tia
697 1073 162 36 intellectus
827 1073 119 36 agentis
914 1073 141 36 peruenit:
1022 1073 97 36 sicut
1087 1073 65 36 si
1108 1073 65 36 quis

648 1108 119 40 dicat
727 1108 119 40 Solem
806 1108 105 40 esse
872 1108 119 40 magis
951 1108 198 40 abstractum,
1096 1108 79 40 quam

650 1137 119 33 lucem.
733 1137 71 33 Ex
769 1137 83 33 hoc
816 1137 107 33 tamen
888 1137 83 33 non
935 1137 143 33 sequitur
1042 1137 95 33 quin
1102 1137 83 33 in

656 1168 137 37 tellectus
762 1168 148 37 potestatis
878 1168 95 37 etiam
941 1168 148 37 abstractus
1057 1168 84 37 sit,
1100 1168 63 37 quia

645 1198 168 37 abstractio
777 1198 60 37 &
801 1198 192 37 immortalitas
957 1198 84 37 non
1005 1198 156 37 consistit
1125 1198 72 37 in

654 1232 155 34 ptincto,
771 1232 91 34 sed
822 1232 117 34 habet
900 1232 194 34 latitudinem
1042 1232 117 34 magnam.

648 1267 93 30 quia
706 1267 162 30 distantiae
834 1267 116 30 entium
915 1267 93 30 sunt
973 1267 104 30 valde
1031 1267 127 30 diuersae,

654 1293 65 32 2.
687 1293 108 32 coeli.
763 1293 87 32 com.
817 1293 76 32 64.
860 1293 87 32 vnde
914 1293 163 32 intellectus
1034 1293 130 32 materialis

656 1322 79 32 est
701 1322 67 32 in
734 1322 112 32 insimo
813 1322 101 32 gradu
880 1322 191 32 abstractorum.
1038 1322 67 32 3.
1071 1322 67 32 de
1094 1322 67 32 ani-

652 1356 87 30 ma.
701 1356 99 30 com.
763 1356 87 30 19.
813 1356 161 30 concordat
937 1356 112 30 Them.
1011 1356 74 30 3.
1048 1356 74 30 de
1073 1356 87 30 anima

654 1383 78 35 ca.
698 1383 78 35 36.
743 1383 56 35 &
765 1383 78 35 sic
810 1383 111 35 elicio
888 1383 156 35 solutionem
1010 1383 111 35 istam.
1077 1383 89 35 aliter

653 1416 98 34 etiam
719 1416 87 34 dici
773 1416 120 34 potest,
861 1416 66 34 vt
893 1416 109 34 notaui
970 1416 66 34 in
992 1416 109 34 tabulis.

696 1445 104 41 Quarta
768 1445 135 41 contradi.
872 1445 73 41 est
914 1445 62 41 in
945 1445 83 41 com.
997 1445 62 41 3.
1028 1445 93 41 Auer.
1090 1445 73 41 vbi
1121 1445 42 41 re

656 1481 150 37 prehendit
772 1481 139 37 Alexand,
876 1481 92 37 qui,
934 1481 104 37 sicut
1003 1481 92 37 sibi
1049 1481 116 37 imponit,

649 1516 129 28 posuit
740 1516 194 28 intellectum
895 1516 194 28 inaterialem
1038 1516 129 28 causatum

645 1540 77 33 ex
684 1540 154 33 mixtione
799 1540 205 33 elementorum,
966 1540 64 33 &
979 1540 192 33 vniuersalirer

651 1569 97 33 omnes
716 1569 97 33 alias
780 1569 129 33 virtutes
876 1569 118 33 animae,
962 1569 97 33 dicit
1027 1569 86 33 quod
1080 1569 75 33 hoc
1112 1569 54 33 est

652 1600 109 42 contra
728 1600 120 42 Aristo.
816 1600 87 42 quia
870 1600 142 42 sententia
979 1600 109 42 Arist.
1056 1600 87 42 fuit
1100 1600 65 42 pri-

647 1636 86 30 mas
696 1636 197 30 perfectiones
856 1636 123 30 animae
943 1636 99 30 esse
1005 1636 62 30 a
1029 1636 123 30 motore
1103 1636 62 30 ex-

647 1668 149 30 trinseco.
761 1668 80 30 Sed
807 1668 92 30 ipse
865 1668 80 30 non
911 1668 161 30 recordatur
1037 1668 115 30 suimet
1106 1668 57 30 su.

660 1696 83 30 per.
712 1696 63 30 7.
743 1696 94 30 meta.
806 1696 83 30 com.
858 1696 73 30 32.
899 1696 73 30 vbi
941 1696 156 30 reprehendit
1066 1696 94 30 Auic.
1118 1696 42 30 po

649 1726 136 37 nentem
745 1726 150 37 datorem
854 1726 177 37 formarum,
990 1726 68 37 &
1004 1726 163 37 Themistium

653 1757 160 30 ponentem
773 1757 147 30 motorem
880 1757 200 30 extrinsecum
1026 1757 134 30 respectu

647 1785 168 42 animalium
777 1785 78 42 ex
815 1785 220 42 putrefactione
984 1785 181 42 generatorum.

650 1820 154 31 Soluitur.
768 1820 118 31 memini
851 1820 71 31 me
887 1820 130 31 diffuse
982 1820 130 31 dixisse
1076 1820 71 31 de
1100 1820 59 31 hac

650 1851 130 31 materia
745 1851 107 31 super
816 1851 166 31 quaestione
946 1851 118 31 nostra
1029 1851 71 31 de
1053 1851 107 31 specie-

650 1881 78 39 bus
694 1881 234 39 intelligibilibus.
895 1881 78 39 sed
939 1881 78 39 pro
984 1881 89 39 nunc
1040 1881 89 39 dico
1095 1881 89 39 quod
