1416 2066
244 195 142 64 sensus
343 195 199 64 participes
499 195 128 64 sint:
584 195 142 64 necnon
684 195 184 64 animalium
825 195 170 64 complura
953 195 170 64 rationem
1081 195 99 64 non
1123 195 128 64 hapere.

292 248 104 51 Et
344 248 156 51 omnes
447 248 225 51 facientes
621 248 173 51 animam
742 248 104 51 ex
794 248 225 51 elementis
967 248 121 51 per
1036 248 277 51 cognitionem,
1261 248 87 51 &

239 289 179 42 sensum,
369 289 81 42 &
401 289 114 42 per
466 289 146 42 motum
564 289 114 42 non
629 289 211 42 loquuntur
791 289 97 42 de
840 289 130 42 omni
921 289 162 42 anima.
1035 289 114 42 Non
1100 289 130 42 enim
1165 289 146 42 videmus

247 330 135 48 omnia
337 330 210 48 sensibilia
502 330 165 48 moueri,
621 330 105 48 cum
681 330 165 48 quaedam
801 330 180 48 animalia
936 330 195 48 videantur
1085 330 225 48 permanentia
1250 330 60 48 in

256 371 116 48 eodem
333 371 116 48 loco:
410 371 116 48 licet
487 371 154 48 videatur
603 371 103 48 quod
667 371 103 48 illo
731 371 103 48 solo
795 371 103 48 motu
860 371 116 48 mouet
937 371 116 48 anima
1014 371 167 48 animalia.
1142 371 77 48 Et
1168 371 141 48 similiter

242 416 147 43 etiam
340 416 114 43 est
405 416 228 43 dispositio
584 416 212 43 ponentium
747 416 261 43 intellectum,
959 416 82 43 &
992 416 196 43 virtutem
1139 416 163 43 sensus
1237 416 65 43 ex

250 457 232 43 elementis.
432 457 182 43 plantae
565 457 132 43 enim
647 457 198 43 videntur
796 457 182 43 viuere:
929 457 116 43 sed
995 457 165 43 nullam
1111 457 165 43 habent
1210 457 99 43 por-

247 500 164 47 tionem
362 500 99 47 de
411 500 131 47 motu
493 500 181 47 locali.
625 500 82 47 &
657 500 148 47 plura
756 500 197 47 animalia
904 500 148 47 etiam
1003 500 115 47 non
1052 500 230 47 intelligunt,

288 546 130 49 Dicit
374 546 72 49 &
403 546 130 49 omnes
490 546 174 49 ponentes
620 546 217 49 substantiam
794 546 145 49 animae
895 546 87 49 ex
939 546 203 49 elementis,
1098 546 116 49 quia
1156 546 159 49 cognoscit

254 577 66 49 &
280 577 106 49 quia
347 577 146 49 mouetur
453 577 80 49 ex
492 577 93 49 se.
545 577 93 49 non
598 577 172 49 loquuntur
731 577 80 49 de
771 577 186 49 substantia
917 577 146 49 animae,
1023 577 106 49 nisi
1076 577 225 49 particulariter,

254 627 84 41 non
302 627 203 41 vniversaliter
469 627 108 41 sicut
541 627 108 41 debet
613 627 120 41 facere
696 627 108 41 ille,
768 627 84 41 qui
816 627 96 41 vult
876 627 179 41 naturaliter
1019 627 108 41 loqui
1091 627 72 41 de
1127 627 84 41 ea.
1163 627 143 41 D.incoepit

248 664 184 43 declarare
389 664 113 43 hoc,
460 664 71 43 &
488 664 85 43 d.
531 664 99 43 Non
587 664 113 43 enim
658 664 155 43 videmus
771 664 127 43 omnia
856 664 198 43 sensibilia
1011 664 155 43 moueri.
1124 664 85 43 i.
1167 664 71 43 &
1181 664 127 43 defini-

251 705 97 40 tio
307 705 139 40 eorum,
404 705 97 40 qui
459 705 208 40 definierunt
626 705 97 40 eam
681 705 97 40 per
736 705 139 40 motum,
834 705 97 40 est
889 705 180 40 diminuta.
1028 705 125 40 multa
1111 705 111 40 enim
1166 705 139 40 sensibi-

256 745 114 42 sia,
327 745 71 42 &
355 745 157 42 animata
469 745 100 42 non
526 745 171 42 mouentur
655 745 85 42 in
697 745 128 42 loco,
783 745 85 42 vt
826 745 157 42 spongia
940 745 142 42 maris:
1039 745 157 42 quamuis
1153 745 114 42 iste
1210 745 100 42 motus

251 786 101 41 apud
315 786 89 41 eos
365 786 152 41 proprius
479 786 89 41 est
530 786 139 41 animae.
631 786 76 41 &,
669 786 76 41 si
707 786 89 41 ita
758 786 127 41 esset,
847 786 89 41 one
898 786 152 41 animatum
1012 786 165 41 moueretur
1138 786 76 41 in
1176 786 114 41 loco.
1240 786 63 41 Er-

254 823 92 50 ror
307 823 132 50 igitur
399 823 145 50 accidit
504 823 105 50 eis,
570 823 92 50 qui
623 823 185 50 existimant
768 823 105 50 quod
834 823 105 50 iste
900 823 119 50 motus
979 823 92 50 est
1031 823 158 50 proprius
1150 823 132 50 animae
1229 823 66 50 sen

249 862 166 45 sibili.
370 862 106 45 Et,
430 862 106 45 cum
491 862 181 45 narrauit
626 862 242 45 diminutionem
823 862 242 45 contingentem
1019 862 257 45 definientibus
1215 862 91 45 ani-

254 902 110 52 mam
317 902 110 52 per
380 902 157 52 motum,
489 902 188 52 incoepit
630 902 203 52 declarare
787 902 250 52 diminutionem
990 902 235 52 laccidentem
1162 902 141 52 ponenti

248 939 100 41 bus
305 939 100 41 eam
362 939 85 41 ex
404 939 185 41 elementis
547 939 100 41 per
604 939 228 41 cognitionem,
789 939 71 41 &
817 939 142 41 dicit.
917 939 85 41 Et
959 939 185 41 similiter
1102 939 128 41 etiam
1187 939 100 41 est
1230 939 71 41 di-

247 980 165 39 spositio
371 980 179 39 ponentium
509 980 221 39 intellectum,
688 980 97 39 &c.
744 980 138 39 idest,
840 980 69 39 &
868 980 179 39 similiter
1006 980 97 39 est
1061 980 221 39 deponentibus
1240 980 97 39 in

250 1019 196 40 tellectum,
404 1019 70 40 &
432 1019 210 40 substantiam
600 1019 140 40 animae
698 1019 84 40 ex
740 1019 196 40 elementis,
895 1019 112 40 quia
965 1019 196 40 cognoscit.
1119 1019 154 40 plantae
1217 1019 84 40 enim

253 1059 186 41 videntur
393 1059 155 41 habere
502 1059 155 41 vitam,
610 1059 78 41 &
641 1059 109 41 non
703 1059 171 41 sensum,
827 1059 140 41 neque
920 1059 140 41 motum
1013 1059 93 41 in
1060 1059 140 41 loco.
1153 1059 78 41 &
1168 1059 140 41 videmus

247 1100 101 47 quod
310 1100 113 47 multa
386 1100 151 47 animalia
499 1100 176 47 sensibilia
637 1100 88 47 non
687 1100 201 47 intelligunt.
851 1100 88 47 Et,
901 1100 75 47 si
939 1100 88 47 ita
989 1100 126 47 esset,
1077 1100 138 47 uecesse
1177 1100 126 47 esset,
1253 1100 50 47 vt

250 1136 111 42 omne
320 1136 125 42 viuum
403 1136 125 42 esset
486 1136 194 42 sensibile:
639 1136 69 42 &
667 1136 111 42 omne
736 1136 180 42 sensibile
875 1136 125 42 esset
958 1136 222 42 intelligens,
1138 1136 125 42 sicut
1208 1136 97 42 opina

248 1176 140 43 bantur
346 1176 140 43 plures
444 1176 168 43 Antiqui.
571 1176 98 43 sed
627 1176 98 43 non
683 1176 98 43 est
739 1176 112 43 ita.
809 1176 126 43 omnes
893 1176 112 43 enim
963 1176 210 43 definientes
1118 1176 182 43 substantiam

250 1217 153 51 animae
357 1217 107 51 per
418 1217 244 51 cognitionem,
616 1217 107 51 aut
677 1217 153 51 motum,
784 1217 107 51 non
845 1217 183 51 incedunt
982 1217 107 51 via
1044 1217 168 51 ducenti
1166 1217 92 51 ad
1196 1217 107 51 cogni

246 1256 152 43 tionem
352 1256 227 43 substantiae
519 1256 136 43 animae.

293 1292 90 47 Si
338 1292 135 47 autem
428 1292 165 47 aliquis
548 1292 75 47 &
578 1292 120 47 haec
653 1292 255 47 segregauerit,
863 1292 225 47 posueritque
1043 1292 225 47 intellectum
1208 1292 90 47 par-

245 1340 105 47 tem
305 1340 165 47 aliquam
425 1340 165 47 animae.
544 1340 194 47 Similiter
694 1340 135 47 autem
784 1340 75 47 &
813 1340 224 47 sensitiuum,
993 1340 135 47 neque
1083 1340 150 47 vtique
1187 1340 105 47 sic
1232 1340 75 47 di-

247 1386 113 49 cet
311 1386 96 49 de
359 1386 129 49 omni
440 1386 161 49 anima,
552 1386 145 49 neque
649 1386 96 49 de
697 1386 129 49 tota
777 1386 113 49 vel
842 1386 129 49 vna:
922 1386 129 49 Haec
1003 1386 145 49 autem
1099 1386 209 49 sustinuit
1260 1386 80 49 &

248 1426 128 49 quae
328 1426 112 49 est
392 1426 96 49 in
441 1426 209 49 orpheicis
601 1426 177 49 vocatis
730 1426 225 49 carminibus
906 1426 161 49 ratio.
1019 1426 145 49 Dicit
1115 1426 128 49 enim
1180 1426 128 49 animam

249 1464 95 44 ex
297 1464 127 44 toto
376 1464 191 44 ingredi,
519 1464 270 44 respirantium,
741 1464 127 44 quae
821 1464 159 44 fertur
932 1464 79 44 a
964 1464 175 44 ventis:
1091 1464 111 44 non
1138 1464 175 44 possibile

245 1507 164 47 itaque
360 1507 181 47 plantis
491 1507 115 47 hoc
557 1507 214 47 accidere,
721 1507 148 47 neque
820 1507 214 47 animalium
984 1507 230 47 quibusdam,
1149 1507 164 47 siquidem

245 1551 122 52 non
314 1551 157 52 omnia
402 1551 209 52 respirant.

296 1588 108 57 Quod
363 1588 81 57 si
403 1588 108 57 quis
471 1588 108 57 haec
538 1588 148 57 quoque,
646 1588 216 57 concesserit,
821 1588 202 57 posueritque
983 1588 202 57 intellectum
1144 1588 135 57 partem
1225 1588 81 57 ali-

249 1641 119 58 quam
323 1641 163 58 animae,
442 1641 163 58 itemque
561 1641 223 58 sensitiuum,
739 1641 89 58 ne
784 1641 104 58 sic
843 1641 149 58 quidem
947 1641 149 58 dicent
1051 1641 178 58 uniuerse
1185 1641 89 58 de
1215 1641 89 58 omni

245 1707 159 40 Anima:
356 1707 127 40 immo
436 1707 95 40 ne
483 1707 95 40 de
531 1707 111 40 una
594 1707 159 40 quidem
706 1707 143 40 tota.
801 1707 111 40 Hoc
864 1707 143 40 etiam
960 1707 143 40 ipsum
1055 1707 175 40 accidit
1182 1707 95 40 ei
1214 1707 95 40 sen-

253 1738 189 49 tentiae,
395 1738 126 49 quae
474 1738 252 49 circumfertur
679 1738 95 49 in
726 1738 189 49 Orphicis
868 1738 236 49 carminibus.
1057 1738 142 49 Dicit
1151 1738 126 49 enim
1214 1738 95 49 ani-

251 1788 111 47 mam
315 1788 95 47 ex
362 1788 191 47 uniuerso
505 1788 191 47 ingredi,
648 1788 111 47 cum
712 1788 191 47 spiritum
854 1788 206 47 trabimus,
1013 1788 175 47 delatam
1140 1788 79 47 a
1156 1788 143 47 uentis.

249 1843 118 57 quae
323 1843 103 57 res
382 1843 103 57 nec
441 1843 177 57 plantis,
573 1843 103 57 nec
632 1843 192 57 animalium
780 1843 192 57 quibusdam
927 1843 206 57 contingere
1089 1843 162 57 potest,
1207 1843 88 57 si
1236 1843 74 57 qui

243 1883 109 73 dem
306 1883 109 73 non
368 1883 140 73 omnia
461 1883 187 73 spirant:
602 1883 125 73 Quod
679 1883 140 73 tamen
773 1883 140 73 fugit
866 1883 109 73 eos
929 1883 109 73 qui
991 1883 109 73 ita
1038 1883 202 73 existimant.
