1416 2066
473 171 343 40 SVMMA
664 171 381 40 SECVNDA-

427 220 80 44 De
467 220 187 44 antiquorum
614 220 201 44 opinionibus
775 220 120 44 circa
855 220 134 44 Animae
935 220 161 44 essentiam.

405 275 231 49 Ntendentes
586 275 148 49 autem
685 275 99 49 de
734 275 165 49 anima,
849 275 181 49 necesse
981 275 115 49 est
1047 275 148 49 simul
1129 275 165 49 dubitan-

401 324 117 38 tes
468 324 101 38 de
519 324 168 38 quibus
636 324 201 38 abundare
787 324 201 38 oportet,
937 324 302 38 pertranseuntes
1172 324 117 38 prio-

399 364 119 54 rum
467 364 221 54 opiniones
637 364 306 54 comprehendere,
893 364 221 54 quicunque
1063 364 102 54 de
1114 364 136 54 ipsa
1182 364 102 54 ali-

391 394 148 57 lquid
489 394 263 57 enuntiarunt:
703 394 99 57 vt
752 394 131 57 bene
834 394 164 57 quidem
949 394 148 57 dicta
1048 394 246 57 accipiamus,
1228 394 66 57 si

241 451 137 40 vero
326 451 188 40 aliquid
463 451 120 40 non
532 451 154 40 bene,
635 451 120 40 hoc
703 451 223 40 vereamur.
874 451 240 40 Principium
1062 451 154 40 autem
1165 451 154 40 quae¬

245 491 195 39 stionis,
391 491 195 39 apponere
538 491 130 39 quae
619 491 163 39 maxime
733 491 195 39 videntur
880 491 130 39 ipsi
961 491 163 39 inesse
1075 491 195 39 secundum
1206 491 81 39 na-

245 531 180 47 turam.
371 531 216 47 Animatum
533 531 180 47 igitur
659 531 108 47 ab
713 531 234 47 inanimato
893 531 108 47 in
947 531 180 47 duobus
1073 531 180 47 maxime
1181 531 108 47 dif-

238 575 152 42 ferre
339 575 202 42 videtur,
491 575 135 42 motu
575 575 84 42 &
609 575 168 42 sensu.
726 575 219 42 Accepimus
895 575 152 42 autem
996 575 84 42 &
1029 575 84 42 a
1046 575 236 42 progenitori-

239 616 115 43 bus
304 616 132 43 fere
387 616 132 43 haec
469 616 115 43 duo
535 616 99 43 de
568 616 132 43 anima.

296 662 249 54 Considerantes
502 662 132 54 autem
589 662 88 54 de
633 662 147 54 anima,
736 662 161 54 necesse
853 662 103 54 est
912 662 132 54 prius
1000 662 132 54 quasi
1088 662 88 54 in
1132 662 147 54 inopia
1220 662 73 54 si-

245 714 127 54 mus,
324 714 111 54 dum
388 714 95 54 de
435 714 95 54 us
483 714 222 54 dubitamus.
657 714 158 54 quorum
768 714 158 54 copiam
879 714 190 54 habituri
1022 714 158 54 sumus,
1133 714 143 54 atque
1228 714 95 54 in

241 757 198 56 orationis
393 757 198 56 prooressu
545 757 198 56 opiniones
697 757 137 56 etiam
788 757 198 56 priscorum
940 757 228 56 adhibeamus,
1108 757 167 56 quicunque

244 804 90 48 de
289 804 90 48 ea
334 804 166 48 aliquid
455 804 241 48 enuntiarunt,
651 804 90 48 vt
696 804 120 48 quae
771 804 151 48 quidem
876 804 136 48 recte
967 804 136 48 dicta
1057 804 136 48 sunt,
1132 804 151 48 sumamus,

247 851 84 51 si
289 851 113 51 quid
360 851 113 51 vero
430 851 99 51 non
486 851 141 51 recte,
585 851 84 51 id
627 851 169 51 vitemus.
754 851 197 51 Principium
909 851 127 51 autem
993 851 127 51 huius
1064 851 225 51 inquisitionis,

247 911 134 52 erit,
336 911 89 52 ea
381 911 134 52 prius
470 911 149 52 ponere
575 911 119 52 quae
649 911 149 52 maxime
753 911 89 52 ei
798 911 179 52 videntur
932 911 149 52 inesse
1036 911 164 52 secudum
1140 911 149 52 naturam.

242 960 202 53 Animatum
394 960 168 53 igitur
511 960 101 53 ab
562 960 219 53 inanimato
730 960 168 53 duobus
848 960 235 53 potissimum
1033 960 202 53 differre
1167 960 118 53 vtde-

243 996 122 63 tur,
319 996 122 63 motu
395 996 76 63 &
425 996 152 63 sensu.
532 996 198 63 Accepimus
684 996 137 63 etiam
775 996 76 63 a
805 996 213 63 superioris
973 996 167 63 aetatis
1079 996 213 63 philosophis,

242 1044 128 55 haec
322 1044 112 55 duo
386 1044 128 55 fere
466 1044 96 55 de
498 1044 128 55 Anima.

285 1091 97 48 Et
333 1091 178 48 necesse
462 1091 113 48 est
527 1091 145 48 nobis
624 1091 97 48 in
672 1091 210 48 quaerendo
834 1091 97 48 de
882 1091 145 48 anima
979 1091 226 48 praedicere
1141 1091 145 48 opinio-

237 1136 115 48 nes
302 1136 246 48 Antiquorum:
499 1136 82 48 &
532 1136 214 48 iuuabimur
697 1136 115 48 per
762 1136 131 48 eas,
844 1136 82 48 &
877 1136 246 48 retinebimus
1074 1136 164 48 illud,
1189 1136 131 48 quod

249 1179 170 49 dictum
368 1179 119 49 est
436 1179 153 49 vere,
537 1179 85 49 &
571 1179 203 49 secundum
724 1179 136 49 quod
808 1179 203 49 oportet:
961 1179 85 49 &
995 1179 220 49 vitabimus
1147 1179 136 49 illud,

244 1220 135 45 quod
328 1220 168 45 dictum
446 1220 135 45 est,
530 1220 84 45 &
564 1220 202 45 secundum
716 1220 135 45 quod
800 1220 118 45 non
867 1220 202 45 oportet.
1019 1220 101 45 Et
1069 1220 185 45 debemus
1187 1220 101 45 prae

246 1267 156 48 dicere
355 1267 140 48 etiam
449 1267 109 48 ea,
511 1267 124 48 quae
589 1267 218 48 reputantur
760 1267 171 48 proprie
884 1267 124 48 esse
962 1267 218 48 naturalia:
1133 1267 78 48 &
1165 1267 109 48 hoc
1211 1267 78 48 po-

241 1303 151 51 nemus
342 1303 252 51 principium,
544 1303 185 51 dicendo
678 1303 135 51 quod
763 1303 168 51 habens
880 1303 168 51 animam
998 1303 185 51 videtur
1116 1303 168 51 disferre

242 1347 88 43 ab
286 1347 191 43 inanimato
433 1347 103 43 his
492 1347 147 43 duobus
595 1347 162 43 proprie
713 1347 177 43 scilicet
845 1347 132 43 motu,
934 1347 74 43 &
963 1347 147 43 sensu.
1066 1347 88 43 Et
1110 1347 118 43 haec
1184 1347 103 43 duo
1242 1347 88 43 ac
1272 1347 44 43 T

239 1396 193 39 cepimus
380 1396 105 39 ab
433 1396 211 39 Antiquis
590 1396 105 39 de
626 1396 140 39 anima.

250 1427 114 52 Cum
315 1427 228 52 declaratum
494 1427 114 52 est
560 1427 98 52 in
609 1427 277 52 Posterioribus
837 1427 131 52 quod
919 1427 261 52 consyderatio
1131 1427 163 52 ducens
1229 1427 65 52 ad

249 1476 232 31 ertitudinem
434 1476 201 31 perfectam
589 1476 93 31 in
635 1476 139 31 rebus
728 1476 201 31 quaesitis
882 1476 93 31 in
929 1476 201 31 vnoquoque
1083 1476 170 31 generum
1207 1476 108 31 non

246 1506 99 41 fit
303 1506 114 41 nisi
374 1506 227 41 consyderando
558 1506 85 41 in
601 1506 199 41 principiis
757 1506 170 41 propriis
885 1506 114 41 illi
956 1506 156 41 generi,
1070 1506 170 41 incoepit
1183 1506 114 41 demon-

254 1544 147 42 strare
357 1544 117 42 quod
430 1544 161 42 necesse
547 1544 103 42 est
606 1544 220 42 consyderare
782 1544 88 42 de
826 1544 132 42 anima
914 1544 103 42 hoc
973 1544 117 42 modo
1046 1544 249 42 principiorum,
1251 1544 73 42 &

246 1587 144 39 dixit.
347 1587 87 39 Et
390 1587 159 39 debemus
505 1587 217 39 praedicere,
679 1587 87 39 in
722 1587 188 39 quaerendo
866 1587 87 39 de
910 1587 144 39 anima,
1011 1587 274 39 prompositiones,
1242 1587 72 39 &

260 1628 202 46 principia,
419 1628 116 46 quae
491 1628 173 46 videntur
621 1628 116 46 esse
693 1628 159 46 propria
809 1628 159 46 animae,
925 1628 173 46 secundum
1055 1628 116 46 quod
1127 1628 101 46 est
1170 1628 116 46 anima:

251 1660 75 47 &
281 1660 136 47 illas
372 1660 256 47 propositiones
583 1660 166 47 ponamus
703 1660 211 47 principium
869 1660 301 47 consyderationis.
1125 1660 90 47 Et
1155 1660 136 47 notifi-

247 1700 113 47 cauit
323 1700 100 47 quod
386 1700 88 47 ea,
436 1700 100 47 quae
499 1700 126 47 habent
587 1700 75 47 de
624 1700 113 47 anima
700 1700 113 47 talem
775 1700 226 47 dispositionem,
963 1700 100 47 sunt
1026 1700 100 47 duo,
1089 1700 126 47 sensus
1164 1700 126 47 scilicet

247 1739 77 40 &
277 1739 153 40 motus.
385 1739 184 40 animatum
523 1739 123 40 enim
600 1739 107 40 non
661 1739 169 40 differt
784 1739 92 40 ab
830 1739 215 40 inanimato,
998 1739 123 40 nisi
1075 1739 153 40 sensu,
1183 1739 77 40 &
1198 1739 92 40 motu

248 1780 153 39 locali.
359 1780 70 39 &
387 1780 125 39 dixit
471 1780 111 39 quod
540 1780 139 39 habens
637 1780 139 39 animam
735 1780 97 39 &c.
790 1780 83 39 Et
832 1780 167 39 intendit
957 1780 97 39 hic
1013 1780 97 39 per
1069 1780 153 39 videtur
1166 1780 125 39 certitu

252 1815 133 43 dinem:
345 1815 146 43 quoniam
451 1815 106 43 ipse
517 1815 133 43 vtitur
610 1815 146 43 talibus
716 1815 133 43 verbis
809 1815 106 43 loco
875 1815 212 43 certitudinis
1047 1815 80 43 in
1087 1815 133 43 locis,
1180 1815 80 43 in
1206 1815 80 43 qui-

253 1857 99 42 bus
310 1857 185 42 certitudo
452 1857 99 42 est
509 1857 156 42 famosa.
622 1857 71 42 &
651 1857 170 42 residuus
778 1857 128 42 sermo
864 1857 99 42 est
906 1857 185 42 manifestus.
