1416 2066
184 190 121 45 eius
260 190 212 45 diuersarum
426 190 91 45 in
472 190 167 45 genere:
593 190 152 45 deinde
699 190 136 45 vtrum
790 190 136 45 omnes
881 190 212 45 proueniant
1048 190 91 45 ab
1093 190 106 45 vna
1139 190 106 45 vir

191 230 119 49 tute,
270 230 159 49 scilicet
389 230 79 49 ab
429 230 132 49 anima,
522 230 93 49 aut
575 230 106 49 agit
641 230 199 49 vnamquanque
800 230 159 49 actionem
919 230 106 49 eius
986 230 185 49 diuersarum
1131 230 79 49 in
1158 230 66 49 ge-

191 276 96 39 nere
251 276 84 39 per
299 276 145 39 virtutes
408 276 157 39 diuersas,
528 276 84 39 aut
576 276 145 39 secundum
685 276 193 39 definitionem
841 276 60 39 &
866 276 169 39 subiectum,
998 276 84 39 aut
1046 276 145 39 secundum
1143 276 84 39 defi-

185 308 169 48 nitionem
312 308 155 48 tantum.
424 308 84 48 Et
467 308 84 48 d.
509 308 99 48 Et,
565 308 113 48 quia
636 308 141 48 anima,
734 308 99 48 &c.
790 308 84 48 i.
833 308 84 48 &,
875 308 113 48 quia
945 308 127 48 anima
1030 308 127 48 habet
1100 308 127 48 quinque

186 348 179 47 actiones,
324 348 97 47 aut
379 348 179 47 passiones
517 348 165 47 diuersas
641 348 83 47 in
683 348 152 47 genere.
793 348 138 47 Quarum
889 348 97 47 vna
944 348 97 47 est
1000 348 138 47 scire,
1096 348 69 47 &
1110 348 124 47 existi-

189 387 126 40 mare:
273 387 154 40 Secunda
386 387 168 40 sentire:
512 387 140 40 Tertia
610 387 211 40 desyderare,
779 387 70 40 &
807 387 140 40 velle:
905 387 140 40 Quarta
1003 387 140 40 moueri
1102 387 84 40 in
1130 387 98 40 loco:

188 426 146 46 Quinta
291 426 161 46 augeri,
407 426 73 46 &
437 426 146 46 minui,
539 426 73 46 &
568 426 175 46 nutriri:
699 426 131 46 vtrum
787 426 190 46 quaelibet
933 426 161 46 istarum
1050 426 175 46 actionum
1167 426 58 46 di

187 466 161 49 uersarum
307 466 80 49 in
347 466 134 49 genere
441 466 94 49 sit
495 466 134 49 totius
589 466 147 49 animae,
696 466 94 49 ita
750 466 107 49 quod
817 466 94 49 per
870 466 134 49 eandem
964 466 147 49 naturam
1058 466 174 49 intelligit,

188 503 69 48 &
216 503 151 48 sentit,
326 503 69 48 &
353 503 151 48 mouetur
463 503 82 48 in
504 503 124 48 loco,
587 503 69 48 &
614 503 192 48 desyderat,
766 503 69 48 &
793 503 179 48 nutritur,
931 503 69 48 &
958 503 234 48 vniuersaliter
1137 503 96 48 agit,

185 544 73 43 &
215 544 160 43 patitur
331 544 189 43 vnoquoque
476 544 160 43 illorum
593 544 160 43 motuum:
709 544 102 43 aut
767 544 102 43 non
826 544 131 43 agit,
913 544 102 43 aut
971 544 160 43 patitur
1073 544 160 43 vnoquoque

184 589 153 40 eorum,
291 589 122 40 nisi
367 589 107 40 per
428 589 183 40 virtutes
565 589 198 40 diuersas,
718 589 76 40 &
748 589 153 40 membra
855 589 183 40 diuersa,
992 589 76 40 &
1023 589 153 40 membra
1114 589 122 40 commu-

189 624 101 43 nia
246 624 101 43 eis
304 624 259 43 Tconuenientia.
520 624 115 43 Haec
592 624 144 43 igitur
693 624 101 43 est
751 624 144 43 opinio
851 624 158 43 Aristo.
967 624 101 43 non
1024 624 115 43 enim
1082 624 144 43 opinatur

194 659 109 51 quod
263 659 123 51 facit
345 659 164 51 diuersas
467 659 164 51 actiones
590 659 96 51 per
645 659 164 51 virtutes
768 659 177 51 diuersas,
904 659 68 51 &
932 659 123 51 vnica
1014 659 137 51 membra
1109 659 150 51 tantum:

188 709 128 43 neque
273 709 99 43 per
330 709 142 43 vnicas
429 709 185 43 virtutes,
571 709 71 43 &
600 709 142 43 membra
699 709 156 43 diuersa
813 709 156 43 tantum:
927 709 99 43 nec
983 709 128 43 etiam
1069 709 99 43 per
1111 709 114 43 virtu-

187 740 95 39 tes
242 740 176 39 diuersas,
377 740 68 39 &
404 740 135 39 membra
499 740 149 39 diuersa
607 740 149 39 tantum:
715 740 95 39 sed
769 740 162 39 opinatur
891 740 108 39 quod
958 740 135 39 faciat
1053 740 95 39 per
1094 740 135 39 virtutes

193 781 170 50 diuersas,
324 781 65 50 &
350 781 131 50 membra
441 781 131 50 vnica,
533 781 157 50 scilicet
650 781 209 50 principalia,
820 781 65 50 &
846 781 131 50 membra
938 781 157 50 diuersa.
1055 781 65 50 &
1081 781 91 50 hoc
1120 781 105 50 inten-

191 819 136 40 debat,
286 819 95 40 cum
341 819 81 40 d.
382 819 95 40 per
436 819 163 40 virtutes
558 819 177 40 diuersas,
694 819 68 40 &
721 819 136 40 menbra
816 819 163 40 diuersa,
938 819 81 40 i.
979 819 95 40 cum
1033 819 109 40 hoc,
1101 819 109 40 quod
1156 819 81 40 agit

189 860 94 52 cum
242 860 147 52 membris
349 860 254 52 conuenientibus.
564 860 161 52 quoniam,
684 860 80 52 si
724 860 94 52 sic
778 860 94 52 non
831 860 254 52 intelligeretur,
1046 860 107 52 erit
1112 860 107 52 idem
1166 860 67 52 cum

193 896 155 43 sermone
305 896 183 43 Platonis.
446 896 113 43 D.d.
517 896 84 43 Et
559 896 127 43 vtrum
643 896 113 43 vita
713 896 98 43 est
770 896 84 43 in
812 896 98 43 vna
868 896 169 43 istarum,
995 896 98 43 &c.
1051 896 84 43 i.
1093 896 70 43 &
1107 896 127 43 perseru

189 936 138 43 tandum
286 936 96 43 est
341 936 96 43 cum
396 936 110 43 hoc,
464 936 124 43 vtrum
547 936 138 43 illud,
643 936 110 43 quod
712 936 151 43 dicitur
822 936 124 43 vita,
905 936 96 43 est
960 936 83 43 in
1001 936 96 43 vna
1056 936 138 43 aliqua
1139 936 96 43 ista-

184 980 102 40 rum
243 980 174 40 virtutum
373 980 174 40 quinque,
504 980 102 40 aut
562 980 87 40 in
605 980 174 40 pluribus
736 980 116 40 vna,
809 980 102 40 aut
867 980 87 40 in
896 980 145 40 omnibus.

228 1028 161 47 Dicunt
341 1028 161 47 itaque
454 1028 161 47 quidam
567 1028 226 47 partibilem
744 1028 161 47 ipsam:
857 1028 81 47 &
889 1028 129 47 alio
970 1028 161 47 quidem
1067 1028 161 47 intelli-

187 1075 140 53 gere,
281 1075 125 53 alio
359 1075 140 53 autem
452 1075 265 53 concupiscere.
671 1075 125 53 Quid
749 1075 156 53 igitur
858 1075 187 53 continet
998 1075 156 53 animam
1107 1075 94 53 si
1138 1075 94 53 par-

185 1117 166 46 tibilis
306 1117 106 46 est
366 1117 121 46 apta
441 1117 181 46 natacnon
577 1117 121 46 enim
652 1117 151 46 vtique
758 1117 166 46 corpus:
878 1117 166 46 videtur
999 1117 121 46 enim
1059 1117 181 46 contrarium

184 1162 156 41 magis,
294 1162 141 41 anima
388 1162 156 41 corpus
497 1162 219 41 continere:
669 1162 219 41 egrediente
841 1162 125 41 enim
919 1162 156 41 spirat
1029 1162 78 41 &
1044 1162 188 41 marcescit.

235 1200 159 51 Equidem
350 1200 116 51 sunt
422 1200 101 51 qui
480 1200 101 51 eam
538 1200 173 51 asserant
668 1200 116 51 esse
740 1200 217 51 partibilem,
913 1200 130 51 atque
1000 1200 116 51 alia
1072 1200 130 51 parte
1159 1200 101 51 in

186 1250 207 57 telligere,
349 1250 118 57 alia
423 1250 163 57 cupere.
541 1250 118 57 ergo
615 1250 118 57 quid
689 1250 148 57 tandem
793 1250 104 57 est
852 1250 118 57 quod
926 1250 148 57 animam
1030 1250 207 57 contineat,
1178 1250 59 57 si

186 1300 198 59 partibilis
341 1300 113 59 ests
412 1300 169 59 profecto
539 1300 99 59 non
595 1300 155 59 corpus:
708 1300 155 59 uidetur
821 1300 113 59 enim
891 1300 141 59 contra
990 1300 141 59 potius
1089 1300 127 59 anima
1159 1300 71 59 cor

186 1348 97 62 pus
242 1348 194 62 continere:
394 1348 152 62 egressa
504 1348 111 62 enim
574 1348 97 62 ea,
629 1348 180 62 euanescit
753 1348 208 62 putrescitque.

230 1396 83 46 Et
272 1396 138 46 quidam
368 1396 138 46 dicunt
464 1396 110 46 quod
533 1396 124 46 anima
616 1396 96 46 est
671 1396 220 46 diuisibilis,
850 1396 69 46 &
877 1396 110 46 quod
946 1396 110 46 ipsa
1015 1396 193 46 intelligit
1166 1396 96 46 per

182 1435 129 47 hoc,
263 1435 81 47 &
295 1435 210 47 desyderat
457 1435 113 47 per
521 1435 162 47 aliud.
635 1435 129 47 Quid
716 1435 162 47 igitur
829 1435 210 47 continuat
990 1435 178 47 animam,
1120 1435 97 47 si
1152 1435 81 47 na-

180 1483 212 40 turaliter
343 1483 114 40 est
408 1483 245 40 diuisibilis
604 1483 114 40 Hoc
670 1483 131 40 enim
751 1483 114 40 non
817 1483 114 40 est
882 1483 180 40 corpus.
996 1483 229 40 existimandum

186 1524 107 47 est
247 1524 123 47 enim
324 1524 230 47 contrarium,
508 1524 184 47 scilicet
646 1524 123 47 quod
723 1524 138 47 anima
815 1524 184 47 continet
953 1524 169 47 corpus.
1076 1524 77 47 &
1106 1524 107 47 hoc
1152 1524 77 47 de-

188 1577 230 42 monstratur,
372 1577 138 42 quia,
463 1577 107 42 cum
525 1577 169 42 exierit
647 1577 92 42 ab
693 1577 107 42 eo,
739 1577 184 42 putrefiet.

228 1605 139 45 Innuit
325 1605 181 45 Platonem,
464 1605 97 45 qui
520 1605 167 45 opinatur
645 1605 111 45 quod
714 1605 125 45 anima
797 1605 236 45 essentialiter
992 1605 181 45 diuiditur
1131 1605 83 45 in
1159 1605 69 45 cor

188 1645 104 52 pore
253 1645 157 52 secundum
371 1645 183 52 diuisiones
514 1645 183 52 membrorum,
658 1645 131 52 quibus
749 1645 104 52 agit
814 1645 104 52 suas
880 1645 157 52 actiones
997 1645 170 52 diuersas,
1128 1645 65 52 &
1154 1645 104 52 quod

187 1687 100 43 non
244 1687 242 43 communicantur
443 1687 85 43 in
485 1687 142 43 aliquo
585 1687 156 43 membro,
699 1687 100 43 ita
756 1687 114 43 quod
827 1687 114 43 pars
898 1687 213 43 intelligens
1069 1687 100 43 est
1125 1687 85 43 in
1154 1687 71 43 ce-

182 1724 129 44 rebro
268 1724 157 44 tantum,
382 1724 72 44 &
411 1724 200 44 desyderans
568 1724 86 44 in
611 1724 129 44 corde
697 1724 157 44 tantum,
811 1724 72 44 &
840 1724 172 44 nutriens
968 1724 86 44 in
1011 1724 157 44 hepate.
1126 1724 86 44 Et
1154 1724 72 44 di-

188 1763 98 41 xit
244 1763 70 41 &
272 1763 139 41 quidam
369 1763 153 41 dicunt,
481 1763 98 41 &c.
537 1763 84 41 i.
579 1763 70 41 &
606 1763 139 41 quidam
704 1763 139 41 dicunt
802 1763 112 41 quod
871 1763 126 41 anima
955 1763 181 41 diuiditur
1081 1763 153 41 essentia-

186 1803 128 47 liter
271 1803 99 47 per
328 1803 199 47 diuisionem
484 1803 185 47 membrorum
626 1803 185 47 corporis,
768 1803 99 47 ita
825 1803 114 47 quod
896 1803 199 47 intelligit
1052 1803 99 47 per
1094 1803 128 47 membrum

187 1843 73 39 &
217 1843 176 39 virtutem
349 1843 117 39 alia
422 1843 73 39 a
451 1843 161 39 membro,
568 1843 73 39 &
598 1843 73 39 a
627 1843 176 39 virtute,
759 1843 147 39 quibus
862 1843 205 39 desyderat.
1023 1843 147 39 Deinde
1111 1843 117 39 dicit:

188 1884 112 47 Quid
258 1884 140 47 igitur
356 1884 182 47 continuat
497 1884 154 47 animam,
609 1884 98 47 &c.
665 1884 126 47 idest
749 1884 112 47 sed,
819 1884 84 47 si
861 1884 196 47 posuerimus
1016 1884 112 47 quod
1086 1884 126 47 anima
1156 1884 70 47 di
