1416 2066
170 213 74 34 &
200 213 148 34 facere
303 213 103 34 ea:
362 213 207 34 Intellecta
525 213 133 34 autem
598 213 89 34 duo-

180 247 94 43 bus
233 247 121 43 modis
314 247 121 43 siunt
394 247 80 43 in
434 247 134 43 nobis,
528 247 94 43 aut
568 247 121 43 natura-

174 281 142 49 liter,
273 281 71 49 &
302 281 114 49 sunt
373 281 142 49 primae
458 281 228 49 propositiones,

167 320 128 50 quas
247 320 192 50 nescimus
391 320 160 50 quando
488 320 208 50 extiterunt,

171 362 76 49 &
201 362 136 49 vnde,
292 362 106 49 aut
352 362 181 49 quomodo:
488 362 106 49 aut
534 362 151 49 volunta-

171 405 103 37 rie,
235 405 64 37 &
261 405 103 37 sunt
325 405 180 37 intellecta
467 405 167 37 acquisita
595 405 77 37 ex
621 405 64 37 pri

174 437 97 51 mis
229 437 276 51 propositionibus:
464 437 83 51 Et
506 437 110 51 fuit
561 437 124 51 declara

171 478 89 49 tum
222 478 102 49 quod
286 478 140 49 necesse
387 478 89 49 est
438 478 76 49 vt
476 478 178 49 intelleeta
603 478 89 49 habi-

174 516 81 50 ta
214 516 67 50 a
241 516 121 50 nobis
322 516 202 50 naturaliter
483 516 108 50 sint
550 516 81 50 ab
577 516 108 50 aliquo

171 554 106 50 quod
237 554 93 50 est
290 554 80 50 in
330 554 80 50 se
370 554 199 50 intellectus
530 554 173 50 liberatus
649 554 40 50 a

175 597 162 40 materia,
297 597 68 40 &
324 597 95 40 est
378 597 203 40 intellectus
540 597 135 40 agens:
621 597 68 40 Et,

172 637 100 38 cum
229 637 100 38 hoc
286 637 200 38 declaratum
443 637 114 38 est,
515 637 157 38 necesse
615 637 71 38 est

176 675 80 52 vt
216 675 199 52 intellecta,
375 675 133 52 habita
468 675 66 52 a
494 675 119 52 nobis
574 675 66 52 a
587 675 106 52 primis

174 711 270 51 propositionibus
401 711 114 51 sint
473 711 157 51 aliquod
572 711 114 51 factum

169 757 94 37 ex
216 757 218 37 congregato
388 757 94 37 ex
419 757 265 37 propositionibus

164 791 137 44 notis,
260 791 69 44 &
288 791 206 44 intellectum
453 791 151 44 agente.
562 791 96 44 Nom
604 791 82 44 enim

176 831 149 54 possumus
287 831 124 54 dicere
374 831 99 54 quod
437 831 62 54 ,
461 831 211 54 propositiones
623 831 62 54 non

174 876 138 39 habent
271 876 179 39 introitum
408 876 83 39 in
449 876 110 39 esse
504 876 179 39 intellecto-

174 906 119 53 rum
242 906 290 53 acquisitorum.
481 906 154 53 Neque
567 906 119 53 etiam

174 948 163 46 possumus
297 948 136 46 dicere
392 948 109 46 quod
459 948 231 46 propositiones
636 948 54 46 ip

176 987 90 52 sae
228 987 116 52 solae
305 987 103 52 sint
369 987 141 52 agentes
472 987 103 52 eas,
536 987 90 52 iam
587 987 103 52 enim
639 987 51 52 de

168 1022 168 45 claratum
294 1022 98 45 est
350 1022 126 45 agens
434 1022 112 45 esse
504 1022 126 45 vnum,
574 1022 112 45 &aeter

173 1063 124 43 num,
250 1063 93 43 vt
297 1063 233 43 intendebant
483 1063 155 43 quidam
576 1063 109 43 Anti-

169 1100 177 55 quorum,
298 1100 80 55 &
330 1100 177 55 opinati
459 1100 129 55 sunt
539 1100 129 55 quod
604 1100 80 55 eas

174 1141 205 53 intendebat
335 1141 161 53 Aristo.
453 1141 103 53 per
497 1141 190 53 intellectum

150 1188 181 47 agentem.

213 1340 79 37 Et,
258 1340 79 37 cum
303 1340 79 37 ita
347 1340 90 37 sit,
404 1340 135 37 uecaesse
504 1340 79 37 est
549 1340 67 37 vt
572 1340 112 37 intelle-

177 1380 106 51 etus
243 1380 211 51 speculatiuus
415 1380 92 51 sit
467 1380 145 51 aliquid
560 1380 132 51 gneratum

169 1417 79 50 ab
208 1417 185 50 intellectu
354 1417 146 50 agente,
460 1417 66 50 &
486 1417 79 50 in
526 1417 132 50 primis
606 1417 79 50 pro-

171 1456 219 49 positionibus.
351 1456 64 49 &
377 1456 167 49 continoit
506 1456 103 49 quod
570 1456 103 49 iste
622 1456 64 49 mo-

182 1495 89 43 lus
233 1495 217 43 intelleciorum
412 1495 89 43 sit
463 1495 192 43 voluntarie:
604 1495 89 43 ecom-

174 1534 123 44 uerso
256 1534 205 44 intellectus
420 1534 136 44 primis
516 1534 177 44 namlibus.
638 1534 55 44 Et

173 1573 120 56 omnis
252 1573 120 56 actio
332 1573 120 56 facta
412 1573 80 56 ex
452 1573 186 56 congregato
585 1573 106 56 duorum

175 1613 192 36 diuersorum,
329 1613 141 36 necesse
431 1613 90 36 est
482 1613 77 36 vt
521 1613 141 36 alterum
610 1613 77 36 duo-

173 1653 98 48 rum
229 1653 154 48 illorum
341 1653 98 48 sit
397 1653 126 48 quasi
481 1653 154 48 materia
593 1653 70 48 &
621 1653 98 48 in

179 1692 208 42 strumentum,
345 1692 69 42 &
373 1692 125 42 aliud
456 1692 97 42 sit
511 1692 125 42 quasi
580 1692 111 42 forma,

169 1734 94 48 aut
222 1734 134 48 agens.
316 1734 201 48 Intellectus
477 1734 148 48 igitur,
585 1734 94 48 qui
625 1734 67 48 est

169 1769 77 41 in
208 1769 129 41 nobis,
298 1769 181 41 componitur
440 1769 77 41 ex
479 1769 193 41 intellectu,
621 1769 64 41 qui

169 1807 91 51 est
221 1807 78 51 in
260 1807 143 51 habitu,
364 1807 65 51 &
390 1807 182 51 intellectu
532 1807 143 51 agente:
623 1807 65 51 aut

170 1845 103 45 ita,
234 1845 103 45 quod
299 1845 154 45 propones
414 1845 167 45 sintquasi
543 1845 154 45 materia,
658 1845 64 45 &

715 197 146 61 gibilia:
824 197 109 61 Eiunt
897 197 109 61 autem
970 197 73 61 in
1006 197 109 61 nobis
1079 197 97 61 ipsa
1128 197 97 61 intel-

708 242 168 40 licibilia
837 242 168 40 bifariam:
966 242 103 40 nepe
1031 242 90 40 uel
1082 242 90 40 na,
1134 242 64 40 &
1147 242 77 40 sunt

701 281 131 50 illae
789 281 145 50 primae
890 281 232 50 proponessseu
1079 281 131 50 prima
1151 281 73 50 pri

715 321 163 52 cipia,quae
844 321 117 52 quidem
925 321 82 52 sut
972 321 105 52 nobis
1042 321 140 52 ignotae,
1136 321 93 52 quando

713 360 128 42 scilicet
810 360 54 42 &
831 360 150 42 vniversal,
949 360 75 42 vel
992 360 75 42 qua
1034 360 118 42 ratione
1120 360 96 42 nobis
1173 360 54 42 ene

706 397 143 46 nerint:
810 397 91 46 aut
862 397 104 46 sunt
927 397 234 46 intelligibilia
1110 397 117 46 volunta

711 437 69 46 te
745 437 160 46 acquisita,
871 437 91 46 quae
928 437 114 46 quidem
1008 437 91 46 sunt
1065 437 91 46 illa
1111 437 114 46 intelli-

704 476 148 50 gibilia,
815 476 99 50 quae
876 476 74 50 ex
913 476 111 50 illis
988 476 123 50 primis
1062 476 160 50 proponibus,

708 513 96 55 ten
763 513 191 55 principiis
913 513 218 55 acquiruntur:
1091 513 96 55 Iam
1131 513 96 55 autem

703 557 102 51 fuit
767 557 153 51 probatum
882 557 102 51 ipsa
946 557 243 51 intelligibilia,
1150 557 102 51 quae

700 591 140 52 natura
798 591 224 52 adipiscimur,
979 591 112 52 esse
1035 591 196 52 necessarium,

709 634 80 47 vt
749 634 200 47 reperiantur
909 634 67 47 &
935 634 187 47 proueniant
1082 634 67 47 a
1109 634 93 47 re,
1149 634 80 47 quae

700 671 100 43 est
757 671 86 43 de
800 671 143 43 seipsa
899 671 214 43 intellectus
1056 671 171 43 denudatus,

706 709 60 53 &
730 709 169 53 abstractus
863 709 60 53 a
887 709 145 53 materia,
995 709 84 53 qui
1043 709 120 53 quidem
1128 709 84 53 est
1164 709 60 53 ip-

704 747 78 56 se
743 747 196 56 intellectus
900 747 131 56 agens:
992 747 92 56 Cum
1044 747 105 56 ergo
1109 747 92 56 sit
1149 747 78 56 pro-

708 788 113 47 batum
784 788 101 47 ipsa
847 788 239 47 intelligibilia,
1049 788 101 47 quae
1112 788 101 47 sunt
1175 788 76 47 in

704 829 131 53 nobis
792 829 145 53 adepta
894 829 87 53 ex
937 829 145 53 primis
1024 829 204 53 propositioni

707 868 111 50 bus,
777 868 97 50 seu
832 868 139 50 primis
930 868 209 50 principiis,
1083 868 139 50 oportere

709 909 116 51 esse
781 909 116 51 quid
853 909 145 51 factum
954 909 202 51 aggregatum
1113 909 87 51 ex
1142 909 87 51 pro-

715 949 213 46 positionibus
888 949 120 46 veris
967 949 93 46 per
1021 949 80 46 se
1060 949 133 46 notis,
1154 949 66 46 &
1167 949 53 46 ex

701 989 196 48 intellectu
855 989 154 48 agente,
967 989 98 48 non
1022 989 168 48 possumus
1134 989 84 48 igi-

711 1024 101 43 tur
768 1024 144 43 dicere
869 1024 144 43 primas
970 1024 173 43 propones
1100 1024 130 43 nihil
1172 1024 58 43 fa

709 1070 115 47 cere
780 1070 86 47 ad
823 1070 215 47 inuentionem
981 1070 244 47 intelligibilium

702 1102 253 44 acquisitorum
908 1102 79 44 &
939 1102 190 44 adeptox.
1082 1102 111 44 Sed
1145 1102 111 44 non

710 1142 154 52 possumus
826 1142 128 52 quoque
915 1142 128 52 dicere
1005 1142 115 52 illas
1082 1142 128 52 tamedu
1159 1142 64 52 pro

705 1180 176 54 positiones
844 1180 151 54 efficere
956 1180 100 54 illa
1007 1180 213 54 intelligibilia:

710 1221 92 54 nam
762 1221 92 54 iam
815 1221 158 54 probatum
934 1221 105 54 fuit
999 1221 118 54 ipsum
1078 1221 118 54 agens
1144 1221 79 54 esse

714 1260 109 44 vnum,
787 1260 61 44 &
811 1260 158 44 aeternum,
933 1260 73 44 vt
969 1260 134 44 opinati
1066 1260 97 44 sunt
1115 1260 97 44 aliqui

711 1299 200 40 Antiquorum.
871 1299 93 40 qui
924 1299 134 40 quidem
1018 1299 160 40 putarunt
1125 1299 93 40 Aris.

702 1340 155 39 innuere
814 1340 112 39 eas,
885 1340 98 39 dum
941 1340 155 39 dicebat
1039 1340 183 39 intellectum

709 1388 173 47 agentem.
838 1388 158 47 Oportet
953 1388 144 47 itaque
1040 1388 187 47 intellectum

707 1415 209 53 speculatiuum
877 1415 105 53 esse
942 1415 105 53 quid
1008 1415 144 53 genitum
1112 1415 78 53 ex
1138 1415 92 53 intel

711 1453 114 46 lectu
787 1453 139 46 agente,
888 1453 63 46 &
914 1453 139 46 primis,
1015 1453 190 46 proponibus,
1154 1453 76 46 opor

707 1500 127 45 tetque
796 1500 89 45 hoc
847 1500 114 45 genus
923 1500 241 45 intelligibilium
1126 1500 101 45 esse
1176 1500 51 45 vo

715 1533 170 53 untarium:
845 1533 235 53 intelligibilia
1041 1533 104 53 vero
1107 1533 117 53 prima
1172 1533 52 53 na

711 1572 134 50 turalia
808 1572 159 50 contrario
930 1572 98 50 modo
991 1572 73 50 se
1028 1572 134 50 habent.
1113 1572 110 50 Quaeli-

713 1612 92 54 pet
765 1612 118 54 autem
844 1612 132 54 actio,
937 1612 105 54 quae
1002 1612 79 54 ex
1042 1612 171 54 aggregato
1160 1612 66 54 dua

710 1649 97 55 rum
765 1649 97 55 rex
821 1649 194 55 diuersarum
973 1649 180 55 resultat,
1098 1649 125 55 oportet

710 1693 123 37 vtique
796 1693 74 37 vt
833 1693 86 37 vna
882 1693 123 37 illaae
968 1693 111 37 duaxe
1042 1693 86 37 rex
1091 1693 74 37 se
1115 1693 111 37 habetat

713 1732 120 35 veluti
797 1732 144 35 materia,
905 1732 60 35 &
929 1732 144 35 instiem:
1037 1732 120 35 altera
1121 1732 96 35 vero
1169 1732 60 35 ve-

706 1770 105 41 luti
772 1770 132 41 forma,
864 1770 92 41 aut
916 1770 132 41 agens.
1008 1770 197 41 Intellectus
1153 1770 66 41 er-

702 1808 83 48 go,
750 1808 95 48 quid
809 1808 71 48 in
844 1808 107 48 nobis
915 1808 142 48 existit,
1022 1808 154 48 constabit
1128 1808 95 48 vtique

703 1845 84 46 ex
745 1845 195 46 intellectu
898 1845 153 46 adepto,
1009 1845 70 46 &
1037 1845 84 46 ex
1065 1845 167 46 intellectu
