1416 2066
223 157 162 42 substantiam.
354 157 101 42 igitur
425 157 111 42 videtur
506 157 81 42 quod
557 157 71 42 non
597 157 121 42 secundum
678 157 61 42 vul-

220 193 92 41 gus.
278 193 92 41 immo
336 193 104 41 etiam
405 193 138 41 secundum
509 193 173 41 Philosophos
635 193 104 41 indiui-

219 229 101 39 dua,
282 229 63 39 &
308 229 139 39 corpora
408 229 164 39 naturalia
534 229 164 39 composita
648 229 88 39 dicun

227 260 78 38 tur
271 260 178 38 substantiae.
416 260 145 38 Soluitur.
527 260 100 38 Auer.
594 260 134 38 comparat
683 260 56 38 ibi

220 287 69 35 ad
255 287 219 35 significationes
440 287 173 35 substantiae
578 287 104 35 alias
636 287 104 35 positas

223 324 68 37 ab
257 324 68 37 eo
291 324 91 37 ibi,
348 324 148 37 videlicet
461 324 68 37 ad
495 324 170 37 praedicata,
631 324 91 37 quae
677 324 68 37 sunt

225 351 117 41 genera.
310 351 53 41 &
332 351 128 41 species,
427 351 74 41 vel
470 351 170 41 differentia,
608 351 85 41 quae
651 351 85 41 notifi

224 388 102 29 cant
288 388 179 29 quiditatem
429 388 166 29 indiuidui
543 388 192 29 praedicamenti

219 414 186 36 substantiae,
371 414 58 36 &
394 414 70 36 ad
429 414 105 36 aliam
499 414 233 36 significationem,
685 414 58 36 vbi

219 443 173 38 substantia
355 443 136 38 capitur
454 443 87 38 pro
504 443 112 38 omni,
578 443 99 38 quod
627 443 112 38 iudicat

223 476 141 39 quaelibet
331 476 151 39 definitio,
450 476 86 39 siue
504 476 76 39 sit
547 476 141 39 definitio
645 476 97 39 substan

221 508 101 31 tiae,
288 508 90 31 siue
344 508 180 31 accidentium.
491 508 56 31 &
513 508 90 31 illa
569 508 124 31 ratione
648 508 90 31 Philo-

220 540 105 31 sophi
291 540 141 31 iudicant
396 540 105 31 solum
466 540 141 31 iudicium
572 540 152 31 praedicam
677 540 59 31 est

225 572 74 30 ti
262 572 184 30 substantiae
409 572 74 30 ex
446 572 111 30 rebus
520 572 74 30 ad
544 572 197 30 praedicamentum

221 603 208 31 substanitae,
390 603 65 31 &
416 603 143 31 aliorum
507 603 234 31 praedicamentorum

227 636 92 31 esse
285 636 173 31 substantiam
423 636 69 31 in
458 636 150 31 relatione
573 636 69 31 ad
596 636 138 31 praedicata

224 665 180 33 vniuersalia,
370 665 90 33 quae
426 665 90 33 sunt
482 665 67 33 in
516 665 202 33 praedicamentis
674 665 67 33 qui-

216 692 153 37 buslibet.
334 692 94 37 quia
393 692 153 37 voluerunt
510 692 71 37 ex
546 692 106 37 mente
616 692 118 37 Arist.
687 692 47 37 7.

223 728 112 34 meta.
297 728 100 34 tex.
359 728 100 34 com.
422 728 87 34 4A.
472 728 62 34 &
496 728 112 34 intra
571 728 137 34 numerum
658 728 75 34 vni-

218 758 143 30 uersalem
325 758 178 30 substantiam
468 758 107 30 esse.
539 758 107 30 Vvnde
610 758 131 30 Commen.
693 758 48 30 i.

225 790 90 38 meta.
285 790 80 38 com.
335 790 50 38 4
355 790 60 38 9.
385 790 90 38 dicit
445 790 100 38 Arist.
514 790 140 38 opinabatur
624 790 80 38 quod
664 790 70 38 intel

217 816 106 34 lecta
288 816 106 34 rerum
358 816 188 34 notificantia
511 816 164 34 notificant
628 816 106 34 substan

225 853 94 30 tias
284 853 118 30 rerum,
367 853 83 30 sed
414 853 83 30 non
461 853 94 30 sunt
520 853 177 30 substantiae
650 853 83 30 earum

213 884 79 35 Et
252 884 106 35 ista
319 884 238 35 consyderatione
517 884 185 35 substantia
649 884 93 35 etiam

223 915 96 31 apud
283 915 180 31 Philosophos
427 915 96 31 vere
488 915 84 31 non
536 915 132 31 dicitur
632 915 72 31 de
656 915 72 31 ali-

228 947 80 36 quo
273 947 172 36 vniuersali,
411 947 80 36 sed
457 947 69 36 de
492 947 218 36 particularibus,
664 947 69 36 quia

222 975 104 35 verus
291 975 150 35 respectus
406 975 81 35 est
452 975 196 35 particularis,
613 975 58 35 &
636 975 81 35 non
670 975 69 35 vni-

222 1005 147 37 uersalis.
335 1005 79 37 12.
380 1005 102 37 meta.
447 1005 90 37 tex.
504 1005 90 37 com.
560 1005 79 37 17.
594 1005 147 37 authoritate

227 1035 117 39 Alexan.
312 1035 64 39 &.
344 1035 64 39 I.
376 1035 64 39 de
408 1035 85 39 gene
461 1035 53 39 &
482 1035 106 39 cortu.
557 1035 85 39 tex.
610 1035 85 39 com.
663 1035 74 39 39.
695 1035 42 39 me

220 1068 76 38 lius
268 1068 67 38 est
306 1068 76 38 esse
354 1068 115 38 secundum
440 1068 143 38 indiuiduum,
555 1068 76 38 quam
602 1068 115 38 secundum
679 1068 57 38 spe-

214 1100 108 34 ciem.
286 1100 96 34 Sed,
346 1100 72 34 si
382 1100 168 34 comparatio
514 1100 204 34 Philosophorum
670 1100 72 34 fiat

220 1129 80 34 ad
260 1129 134 34 partes
353 1129 201 34 componentes
514 1129 120 34 islud
581 1129 160 34 indiuiduum

217 1161 192 34 compositum
368 1161 82 34 ex
409 1161 151 34 materia
519 1161 69 34 &
547 1161 137 34 forma,
643 1161 82 34 in
670 1161 69 34 hoc

222 1196 82 30 est
269 1196 151 30 discordia
385 1196 93 30 apud
444 1196 117 30 vulgus
525 1196 58 30 &
549 1196 163 30 sapientes,
665 1196 70 30 quia

228 1223 135 42 vulgus
322 1223 148 42 ignorat
429 1223 162 42 materiam
551 1223 67 42 &
577 1223 148 42 formam.
672 1223 67 42 Vn-

224 1253 72 37 de
260 1253 120 37 Commen
344 1253 181 37 authoritate
489 1253 133 37 Alexam.
585 1253 108 37 dicit
658 1253 84 37 in.
694 1253 36 37 3

226 1292 93 31 phy.
284 1292 93 31 com.
342 1292 69 31 v.
377 1292 58 31 &
400 1292 127 31 habetur
493 1292 69 31 in
528 1292 104 31 primo
597 1292 104 31 meta.
655 1292 81 31 genus

223 1316 108 41 causa
295 1316 143 41 formalis
402 1316 120 41 latuit
486 1316 108 41 vsque
558 1316 72 41 ad
594 1316 131 41 tempora
677 1316 60 41 So-

220 1346 139 32 eratis.
321 1346 88 32 nam
372 1346 139 32 Antiqui
472 1346 164 32 credebant
598 1346 113 32 omnes
661 1346 76 32 for-

215 1378 85 31 mas
264 1378 98 31 esse
325 1378 183 31 accidentia.
471 1378 158 31 Similiter
593 1378 122 31 natura
666 1378 73 31 pri-

221 1413 90 30 mae
273 1413 154 30 materiae
388 1413 129 30 latuit
479 1413 103 30 vere
543 1413 116 30 omnes
620 1413 116 30 vsque
685 1413 51 30 ad

223 1440 130 34 tempora
318 1440 142 34 Platonis
425 1440 59 34 &
448 1440 130 34 Aristo.
543 1440 178 34 praesertim.
674 1440 59 34 Pla

224 1472 66 43 to
257 1472 99 43 enim,
323 1472 66 43 vt
356 1472 110 43 inquit
432 1472 121 43 Commen.
520 1472 66 43 3.
553 1472 99 43 coeli
618 1472 99 43 nihil
673 1472 66 43 sci-

219 1505 84 38 uit
267 1505 72 38 de
303 1505 108 38 prima
374 1505 143 38 materia.
482 1505 84 38 sic
530 1505 120 38 igitur
613 1505 96 38 apud
661 1505 72 38 vul-

224 1535 91 38 gus
276 1535 129 38 maxime
366 1535 142 38 famosum
470 1535 91 38 est
522 1535 194 38 substantiam
664 1535 65 38 di-

227 1566 74 41 ci
264 1566 74 41 de
301 1566 172 41 corporibus
436 1566 172 41 compositis
559 1566 172 41 naturalibus,

222 1597 98 36 quae
283 1597 98 36 sunt
344 1597 159 36 indiuidua
467 1597 208 36 praedicamenti
626 1597 110 36 substan

225 1631 101 29 tiae.
292 1631 79 29 sed
337 1631 157 29 Philosophi
461 1631 112 29 dicunt
539 1631 90 29 quod
595 1631 101 29 etiam
651 1631 79 29 causa

224 1659 126 35 istorum
315 1659 91 35 sunt
372 1659 183 35 substantiae,
520 1659 68 35 vt
554 1659 137 35 materia,
657 1659 57 35 &
669 1659 68 35 for-

216 1692 83 37 ma.
263 1692 83 37 sed
311 1692 71 37 an
346 1692 106 37 magis
417 1692 118 37 forma,
500 1692 71 37 in
535 1692 83 37 hoc
582 1692 83 37 est
618 1692 118 37 quaestio

223 1725 108 35 etiam
295 1725 96 35 apud
355 1725 169 35 sapientes.
488 1725 96 35 quia
548 1725 96 35 Com.
608 1725 60 35 &
621 1725 120 35 sequaces

219 1754 125 32 tenent
306 1754 138 32 formam.
406 1754 63 32 &
431 1754 150 32 Albertus
544 1754 113 32 etiam
619 1754 100 32 hic:
669 1754 63 32 sed

224 1783 99 35 Alex.
290 1783 55 35 &
312 1783 175 35 Simiplicius.
454 1783 66 35 i.
487 1783 110 35 physi.
564 1783 110 35 tenent
629 1783 110 35 composi-

226 1818 89 32 tum.
282 1818 78 32 sed
326 1818 67 32 de
360 1818 78 32 hoc
405 1818 101 32 alibi
461 1818 78 32 dixi-

254 1845 116 37 Quarta
336 1845 151 37 contradi.
451 1845 81 37 est
498 1845 104 37 super
567 1845 93 37 eod.
625 1845 93 37 tex.
671 1845 70 37 Ari.

220 1878 55 38 &
242 1878 88 38 Com.
297 1878 110 38 dicunt
375 1878 88 38 quod
430 1878 99 38 illud
496 1878 121 38 dicitur
584 1878 110 38 habere
651 1878 88 38 vitam,

752 156 93 45 quod
810 156 104 45 habet
880 156 81 45 per
926 156 81 45 se,
973 156 81 45 seu
1019 156 197 45 essentialiter
1170 156 104 45 alimen-

758 197 84 32 um
800 197 70 32 &
828 197 196 32 augmentum.
982 197 98 32 Sed
1038 197 126 32 huius
1108 197 154 32 oppositum

758 233 131 34 habetur.
856 233 65 34 I.
889 233 65 34 de
922 233 98 34 anima
987 233 87 34 tex.
1042 233 76 34 com
1085 233 76 34 39.
1129 233 76 34 vbi
1162 233 109 34 dicitur,

758 261 105 30 nihil
828 261 94 30 esse
887 261 199 30 essentialiter
1051 261 105 30 motum
1121 261 70 30 ex
1156 261 70 30 se
1191 261 70 30 in
1215 261 58 30 mo-

750 288 75 41 tu
787 288 149 41 augmenti
899 288 62 41 &
924 288 211 41 alterationis:
1098 288 100 41 quia
1160 288 112 41 motum
1222 288 50 41 ex

758 319 68 35 se
792 319 79 35 non
837 319 79 35 est
882 319 91 35 nisi
939 319 68 35 in
973 319 102 35 loco,
1041 319 68 35 vt
1075 319 125 35 habetur
1166 319 113 35 etiam.
1234 319 45 35 S.

759 356 73 39 phy.
805 356 73 39 com.
851 356 64 39 So.
887 356 46 39 &
906 356 64 39 in.
942 356 55 39 2.
970 356 55 39 de
998 356 83 39 anima
1053 356 73 39 com.
1099 356 73 39 36c.
1144 356 73 39 Item
1181 356 92 39 secundum

754 382 86 36 hoc
803 382 148 36 sequitur
914 382 74 36 vt
951 382 123 36 embryo
1037 382 86 36 non
1086 382 86 36 sit
1136 382 111 36 vnus,
1197 382 74 36 quia

752 414 81 33 non
799 414 139 33 nutritur
903 414 81 33 per
949 414 139 33 seipsum,
1053 414 69 33 i.
1088 414 81 33 per
1134 414 81 33 sua
1169 414 104 33 organa,

755 443 75 35 sed
798 443 75 35 per
841 443 86 35 vena
894 443 171 35 vmbilicalem.
1034 443 86 35 Nisi
1087 443 96 35 esset
1151 443 86 35 quod
1194 443 75 35 primo

754 473 72 33 de
790 473 108 33 anima
862 473 132 33 onditur
958 473 120 33 animam
1042 473 84 33 non
1090 473 120 33 mouere
1162 473 108 33 seipsam

759 506 175 42 essentialctus
903 506 93 42 neque
964 506 82 42 motu
1016 506 175 42 alterationis,
1160 506 93 42 neque
1211 506 62 42 nio-

753 539 70 34 tu
788 539 163 34 augmienti:
917 539 93 34 quia
975 539 105 34 motus
1045 539 187 34 alterationis
1185 539 82 34 attri

755 570 102 32 buitur
826 570 112 32 corpori
908 570 71 32 per
949 570 71 32 se,
989 570 51 32 &
1010 570 102 32 formae
1081 570 71 32 non
1122 570 82 32 nisi
1173 570 71 32 per
1204 570 71 32 acci-

753 605 109 35 dens:
826 605 61 35 &
850 605 158 35 similiter
971 605 182 35 augmentatio
1105 605 170 35 attribuitur.

750 629 104 38 toti,
820 629 127 38 rationi
912 629 139 38 partium.
1016 629 58 38 &
1039 629 81 38 hoc
1085 629 139 38 suffecit
1178 629 92 38 Arist.

754 664 132 34 contra
846 664 159 34 Antiquos
965 664 92 34 ibi
1018 664 79 34 ab
1058 664 159 34 probadum
1163 664 106 34 animam

753 699 81 31 non
800 699 104 31 posse
869 699 116 31 mouere
950 699 70 31 se
985 699 209 31 essentialiter,
1159 699 104 31 neque
1217 699 58 31 mo-

760 726 61 35 tu
790 726 174 35 alterationis,
934 726 92 35 neque
995 726 154 35 augnienti,.
1118 726 72 35 hic
1159 726 82 35 vero
1200 726 72 35 illud

750 762 107 30 dicit
821 762 95 30 vnum
881 762 83 30 per
928 762 83 30 se,
975 762 95 30 quod
1035 762 107 30 habet
1106 762 83 30 per
1153 762 71 30 se
1177 762 95 30 nutri-

749 789 134 29 mentum
843 789 67 29 &
870 789 188 29 augmentum,
1018 789 81 29 i.
1058 789 108 29 quod
1125 789 121 29 habet
1206 789 94 29 in

751 820 169 37 trinsecum
881 820 182 37 principium
1024 820 143 37 istorum
1128 820 130 37 motuum
1219 820 78 37 in

748 847 159 35 quantum
863 847 130 35 rale.
950 847 159 35 Quomodo
1066 847 130 35 autem
1152 847 87 35 in
1181 847 87 35 motu

756 885 109 33 tocali
832 885 76 33 sit
876 885 98 33 motum
941 885 65 33 ex
974 885 65 33 se
1006 885 98 33 vere,
1071 885 54 33 &
1093 885 120 33 quomodo
1180 885 65 33 in
1202 885 76 33 aliis

752 916 141 30 motibus
855 916 128 30 aliquo
944 916 115 30 modo,
1021 916 64 30 &
1047 916 128 30 potest
1136 916 102 30 esse
1187 916 90 30 motum

755 940 66 41 ex
788 940 77 41 se,
832 940 122 41 dicemus
921 940 100 41 infra
987 940 77 41 in.
1032 940 66 41 2.
1065 940 66 41 de
1098 940 111 41 anima.
1175 940 89 41 com.
1220 940 55 41 1o.

750 975 79 35 Ad
789 975 79 35 id
829 975 132 35 autem,
921 975 105 35 quod
987 975 79 35 de
1027 975 158 35 embryone
1132 975 145 35 dicebatur

756 1004 172 42 respondetur
893 1004 92 42 quod
950 1004 115 42 viuit,
1030 1004 92 42 quia
1088 1004 80 42 non
1134 1004 115 42 potest
1202 1004 69 42 esse

752 1044 179 30 augmentum
890 1044 110 30 sine
959 1044 110 30 vita
1027 1044 69 30 &
1055 1044 206 30 nutritione.
1206 1044 69 30 cum

756 1069 121 36 igitur
840 1069 157 36 augeatur,
961 1069 145 36 nutritur
1070 1069 169 36 necessario
1191 1069 85 36 Tamen

755 1100 133 39 dicamus,
854 1100 88 39 quod
910 1100 77 39 cum
954 1100 77 39 sit
998 1100 144 39 alligatus
1108 1100 133 39 matrici,
1197 1100 77 39 nutri

753 1130 82 33 tur
800 1130 141 33 mediante
906 1130 94 33 vena
965 1130 177 33 vmbilicali,
1106 1130 94 33 quae
1153 1130 118 33 attrahit

754 1161 161 36 sanguinem
877 1161 62 36 a
902 1161 148 36 matrice,
1013 1161 62 36 &
1038 1161 148 36 defertur
1149 1161 74 36 ad
1174 1161 99 36 menbra

754 1191 121 35 eius.
834 1191 81 35 in
875 1191 135 35 quibus
969 1191 175 35 digeritur
1104 1191 67 35 &
1117 1191 162 35 demandatur

748 1224 83 34 ad
790 1224 152 34 reliqua
900 1224 152 34 membra.
1011 1224 110 34 Vnde
1080 1224 138 34 membra
1163 1224 110 34 mitri-

760 1254 81 36 ris
806 1254 161 36 praeparant
932 1254 92 36 sibi
990 1254 184 36 nutrimentum,
1139 1254 104 36 sicut
1197 1254 81 36 etiam

753 1287 120 35 matres
837 1287 168 35 infantibus
969 1287 156 35 masticant
1089 1287 120 35 cibum,
1173 1287 84 35 tam
1209 1287 60 35 est

749 1324 143 33 nutritio
857 1324 84 33 fit
904 1324 84 33 per
952 1324 72 33 se
988 1324 72 33 in
1024 1324 131 33 membris
1120 1324 143 33 propriis
1215 1324 60 33 in-

750 1346 147 34 fantibus,
863 1346 57 34 &
886 1346 57 34 a
908 1346 136 34 propriis
1010 1346 170 34 virtutibus.
1146 1346 57 34 &
1169 1346 79 34 hoc
1203 1346 68 34 suf-

748 1378 124 33 ficit.
834 1378 112 33 vtrum
909 1378 112 33 autem
983 1378 124 33 embryo
1070 1378 74 33 in
1107 1378 99 33 illo
1169 1378 99 33 casu
1219 1378 62 33 sit

748 1409 138 41 animal,
849 1409 125 41 dubium
937 1409 100 41 est.
999 1409 100 41 quia
1062 1409 100 41 quae
1125 1409 125 41 habent
1200 1409 75 41 sor-

757 1448 85 31 lum
806 1448 122 31 sensum
891 1448 134 31 tactus,
989 1448 110 31 prius
1062 1448 146 31 dicuntur
1159 1448 110 31 xoophy-

751 1471 88 39 ta,
802 1471 100 39 quam
864 1471 163 39 animalia.
989 1471 138 39 Amplius
1089 1471 125 39 animal
1177 1471 88 39 est
1214 1471 63 39 sub

758 1503 132 35 stantia
854 1503 132 35 animata
950 1503 168 35 sensitiua:
1083 1503 84 35 sed
1131 1503 120 35 foerus
1215 1503 84 35 non

753 1534 88 36 est
803 1534 75 36 in
840 1534 113 36 vtero
915 1534 113 36 aptus
990 1534 113 36 exire
1065 1534 75 36 in
1103 1534 100 36 vsum
1153 1534 113 36 omniuni

750 1566 146 36 sensuum,
859 1566 73 36 vt
896 1566 121 36 clarum
981 1566 97 36 est.
1041 1566 121 36 igitur
1126 1566 85 36 non
1163 1566 109 36 videtur

754 1595 137 40 proprie
853 1595 124 40 animal
940 1595 112 40 esse.
1014 1595 74 40 Et
1052 1595 199 40 confirmatur,
1201 1595 74 40 quia

751 1634 176 33 animalium
887 1634 149 33 propium
996 1634 149 33 videtur
1104 1634 122 33 posse
1172 1634 95 33 moue-

757 1658 61 35 re
787 1658 111 35 seipsum
868 1658 61 35 in
899 1658 81 35 loco
949 1658 121 35 secundum
1040 1658 101 35 totum,
1111 1658 51 35 &
1131 1658 132 35 quiescere
1222 1658 51 35 se,

757 1689 58 33 vt
786 1689 115 33 dicitur.
873 1689 58 33 7.
902 1689 77 33 phy.
950 1689 77 33 tex.
998 1689 77 33 com.
1046 1689 67 33 29.
1084 1689 67 33 sed
1123 1689 96 33 foerus
1180 1689 87 33 alliga-

752 1724 76 31 ti
790 1724 76 31 in
829 1724 152 31 matrice,
943 1724 76 31 si
981 1724 165 31 mouentur,
1108 1724 89 31 non
1146 1724 127 31 mouentur

754 1755 70 32 ex
789 1755 82 32 se,
836 1755 94 32 quia
895 1755 94 32 sunt
954 1755 153 32 coniuncti
1071 1755 82 32 cum
1118 1755 141 32 matrice,
1212 1755 59 32 si-

753 1784 87 34 cut
802 1784 136 34 fructus
901 1784 87 34 cum
951 1784 136 34 arbore.
1050 1784 99 34 Vnde
1112 1784 112 34 sicut
1174 1784 87 34 anim-

758 1812 77 38 lia
802 1812 142 38 ostreacei
911 1812 120 38 generis
999 1812 109 38 affixa
1075 1812 120 38 petris,
1163 1812 98 38 licet
1217 1812 55 38 dum

755 1850 160 34 pungantur,
881 1850 160 34 moueantur,
1007 1850 80 34 non
1052 1850 103 34 tamen
1121 1850 126 34 proprie
1201 1850 69 34 ani-

751 1885 104 37 malia
820 1885 104 37 sunt,
889 1885 81 37 sed
935 1885 150 37 xoophita.
1050 1885 69 37 i.
1084 1885 150 37 ancipitis
1188 1885 81 37 natu
