1416 2066
538 131 210 63 MA.
628 131 240 63 lanuae

185 203 217 48 Secundum
348 203 181 48 quoque
474 203 126 48 non
546 203 181 48 vrget.
673 203 289 48 quandoquidem
908 203 108 48 in
962 203 181 48 libris
1088 203 108 48 de
1125 203 108 48 Ani-

185 252 96 47 ma
233 252 176 47 naturae
361 252 176 47 ordinem
489 252 208 47 obseruare
649 252 176 47 uoluit,
776 252 176 47 acturus
904 252 96 47 de
952 252 128 47 eius
1032 252 208 47 partibus:
1176 252 64 47 ea

182 293 165 55 ratione
302 293 90 55 de
347 293 211 55 vegeratiua
513 293 135 55 prius
603 293 211 55 egitiquae,
769 293 196 55 sensitiua
919 293 165 55 posita,
1039 293 120 55 ipsa
1100 293 135 55 necessa

188 331 113 48 rio
253 331 194 48 ponitur.
398 331 97 48 At
447 331 162 48 contra
560 331 113 48 non
625 331 227 48 contingit.
803 331 113 48 Hic
868 331 130 48 uero
949 331 243 48 cognitionis
1127 331 113 48 ordi-

177 381 112 45 nem
241 381 241 45 obseruandum
434 381 128 45 esse
514 381 177 45 voluit,
643 381 128 45 quia
723 381 112 45 sic
787 381 161 45 melius
900 381 128 45 esse
980 381 209 45 cognouit,
1141 381 96 45 ut
1173 381 64 45 ex

186 413 198 45 Auerrois
334 413 264 45 distinctione
548 413 165 45 posita
664 413 231 45 manifestum
845 413 132 45 est.
928 413 181 45 Secunda
1060 413 148 45 etiam
1142 413 99 45 pro-

189 460 170 52 positio
312 460 201 52 manifesta
467 460 124 52 est.
545 460 108 52 Nam
606 460 124 52 quae
684 460 93 52 in
730 460 170 52 musica,
854 460 93 52 v.
900 460 93 52 g.
947 460 93 52 vt
993 460 124 52 quia
1071 460 124 52 sunt
1133 460 108 52 haben

186 506 133 41 tur,
270 506 100 41 in
320 506 250 41 Arithmetica
520 506 183 41 propter
653 506 133 41 quid
737 506 150 41 sunt,
837 506 300 41 demonstrantur:
1087 506 117 41 sic
1154 506 83 41 &
1170 506 67 41 de

189 543 213 44 Oeometria
352 543 147 44 atque
450 543 229 44 Astrologia
630 543 98 44 in
679 543 196 44 pluribus
826 543 196 44 apparet.
973 543 114 44 Hac
1039 543 180 44 ratione
1153 543 82 44 sub

185 595 276 42 alternationem
412 595 260 42 scientiarum,
623 595 130 42 quae
704 595 114 42 sic
769 595 97 42 se
817 595 178 42 habent,
947 595 243 42 posteriorum
1125 595 114 42 primo

188 628 227 47 Aristoteles
369 628 121 47 esse
445 628 166 47 voluit.
565 628 91 47 At
611 628 91 47 si
656 628 106 47 duo
716 628 121 47 haec
792 628 196 47 quaesita,
943 628 121 47 Quia
1018 628 181 47 scilicet
1154 628 76 47 &
1169 628 76 47 Pro

190 669 123 54 pter
267 669 139 54 quid,
359 669 185 54 diuersas
498 669 139 54 inter
590 669 93 54 se
637 669 200 54 scientias
791 669 154 54 facere
899 669 185 54 possunt,
1038 669 108 54 cur
1099 669 77 54 &
1130 669 93 54 in
1161 669 77 54 ea-

185 724 114 38 dem
250 724 196 38 scientia
397 724 163 38 genere
511 724 196 38 diuersas
658 724 163 38 partes
773 724 163 38 minime
887 724 163 38 facere
985 724 245 38 possunteprae-

182 755 163 41 sertim
296 755 114 41 cum
361 755 114 41 sic
426 755 195 41 requirat
572 755 163 41 noster
686 755 244 41 cognoscendi
882 755 163 41 modus:
996 755 163 41 qualis
1110 755 98 41 in
1142 755 98 41 ani-

182 795 166 47 malibus
302 795 241 47 conspicitur,
498 795 105 47 vbi
558 795 90 47 ea
604 795 136 47 prius
694 795 120 47 esse
769 795 211 47 cognoscere
935 795 196 47 oportuit,
1085 795 90 47 ut
1131 795 90 47 in
1161 795 75 47 li-

186 837 120 54 bris
261 837 90 54 de
306 837 180 54 historia
441 837 150 54 factum
546 837 120 54 est:
621 837 105 54 mox
681 837 90 54 ex
725 837 150 54 quibus
830 837 255 54 essentialiter
1025 837 210 54 componantur,

188 882 123 46 quod
265 882 108 46 cum
326 882 170 46 scimus,
450 882 139 46 prper
543 882 123 46 quid
620 882 123 46 ipsa
697 882 123 46 sunt
774 882 247 46 cognoscimus.
975 882 139 46 Neque
1052 882 185 46 impedimen-

189 924 93 47 to
235 924 124 47 esse
312 924 154 47 potest
420 924 93 47 si
467 924 185 47 quispiam
606 924 170 47 dixerit
729 924 93 47 in
776 924 139 47 eadem
868 924 139 47 parte
961 924 216 47 scientiae,
1131 924 77 47 &
1146 924 93 47 quia

181 965 84 45 &
215 965 186 45 propter
350 965 135 45 quid
434 965 186 45 eiusdem
569 965 203 45 effectus
721 965 152 45 esse:
823 965 270 45 quandoquidem
1025 965 203 45 particula-

181 1003 96 55 re
229 1003 177 55 aliquod
358 1003 209 55 quaesitum
518 1003 112 55 hoc
582 1003 128 55 modo
663 1003 145 55 sciri
759 1003 225 55 contingit,
936 1003 96 55 vt
984 1003 112 55 vbi
1048 1003 96 55 de
1080 1003 161 55 composi-

186 1051 117 41 tis
253 1051 200 41 omnibus,
403 1051 100 41 vt
453 1051 100 41 de
503 1051 250 41 animalibus,
703 1051 117 41 cum
770 1051 150 41 eorum
870 1051 317 41 proprietatibus,
1120 1051 117 41 dein-

182 1092 102 47 de
233 1092 102 47 de
284 1092 186 47 illorum
419 1092 170 47 causis
538 1092 186 47 agendum
674 1092 186 47 fuerit,
809 1092 119 47 non
877 1092 186 47 eandem,
1013 1092 119 47 sed
1063 1092 170 47 diuersas

181 1135 169 52 partes
300 1135 237 52 requirunt.
486 1135 254 52 confirmatur
689 1135 254 52 Aristotelis
892 1135 271 52 auctoritate,
1096 1135 135 52 secun-

156 1177 88 42 n
192 1177 106 42 do
245 1177 106 42 de
298 1177 212 42 partibus
456 1177 229 42 animalium
633 1177 141 42 cap.
721 1177 177 42 primo.
845 1177 106 42 Ex
898 1177 177 42 quibus
1021 1177 88 42 &
1057 1177 141 42 quot
1127 1177 106 42 nume

152 1220 105 52 ro
204 1220 192 52 membris
344 1220 192 52 singula
483 1220 210 52 animalia
640 1220 244 52 constarent
832 1220 175 52 libris
955 1220 262 52 historiarum
1147 1220 87 52 qui

116 1257 87 35 n

193 1259 92 45 de
239 1259 107 45 his
300 1259 169 45 scripti
423 1259 77 45 a
453 1259 138 45 nobis
546 1259 123 45 sunt
622 1259 169 45 planius
745 1259 261 45 explicauimus,
960 1259 123 45 nunc
1037 1259 123 45 quas
1113 1259 92 45 ob
1144 1259 92 45 cau

136 1303 60 45 as

185 1304 105 44 sas
245 1304 105 44 ita
305 1304 90 44 se
349 1304 149 44 habent
454 1304 254 44 consideremus.
663 1304 120 44 Idem
738 1304 90 44 in
783 1304 164 44 libello
902 1304 90 44 de
947 1304 179 44 incessu.
1082 1304 120 44 Quod
1141 1304 90 44 enim

148 1344 44 49 v-

187 1345 119 50 hoc
255 1345 220 50 contingat
424 1345 135 50 modo
509 1345 102 50 ex
560 1345 203 50 naturali
712 1345 152 50 palam
814 1345 119 50 est
881 1345 220 50 historia.
1051 1345 135 50 Quam
1118 1345 119 50 autem

133 1387 66 32 S-

191 1387 99 48 ob
240 1387 181 48 causam,
372 1387 132 48 nunc
454 1387 115 48 est
520 1387 296 48 inuestigandum.
767 1387 165 48 Tertia
882 1387 247 48 propositio,
1080 1387 82 48 &
1096 1387 132 48 ratio-

190 1431 103 43 ne
241 1431 86 43 &
276 1431 258 43 auctoritate
482 1431 275 43 confirmatur.
705 1431 103 43 At
756 1431 223 43 priusquam
928 1431 103 43 in
979 1431 137 43 hanc
1048 1431 189 43 descenda-

186 1478 140 37 mus,
274 1478 211 37 notandum
432 1478 263 37 proponimus,
643 1478 140 37 quod
731 1478 211 37 uniuersa
889 1478 105 37 de
941 1478 246 37 animalibus
1117 1478 123 37 disci

193 1516 157 50 plina,
303 1516 157 50 tribus
413 1516 188 50 cognitis
555 1516 236 50 absoluitur,
743 1516 314 50 atqueperficitur:
1010 1516 157 50 quorum
1104 1516 126 50 primum

188 1557 116 46 est
255 1557 199 46 essentia
404 1557 215 46 animalium
569 1557 116 46 cum
636 1557 133 46 sibi
719 1557 199 46 propriis
868 1557 298 46 operationibus.
1099 1557 133 46 Secun-

186 1598 134 45 dum
262 1598 248 45 animalium
453 1598 267 45 generatio,
663 1598 134 45 qua
739 1598 191 45 animal
873 1598 305 45 vnumquodque,
1121 1598 95 45 &
1140 1598 95 45 gi-

190 1644 177 48 gnitur,
319 1644 81 48 &
351 1644 226 48 successiua
528 1644 226 48 perennique
705 1644 242 48 generatione
899 1644 258 48 conseruatur:
1092 1644 145 48 tertium

184 1690 154 50 vita,
286 1690 85 50 &
320 1690 154 50 mors.
423 1690 222 50 Antecedit
594 1690 137 50 enim
679 1690 222 50 animalium
849 1690 222 50 essentia,
1020 1690 119 50 mox
1071 1690 171 50 sequitur

190 1726 226 51 generatio,
367 1726 194 51 postremo
513 1726 129 51 vita
593 1726 81 51 &
626 1726 145 51 mors.
723 1726 129 51 Tria
803 1726 145 51 plane
900 1726 145 51 haec,
997 1726 178 51 confusa
1110 1726 129 51 quadam

188 1769 167 43 ratione
309 1769 91 43 in
355 1769 152 43 libris
461 1769 91 43 de
507 1769 182 43 historia
644 1769 152 43 docuit
750 1769 182 43 Aristot.
887 1769 152 43 Etenim
993 1769 137 43 inter
1084 1769 152 43 initia
1175 1769 61 43 ad

190 1812 168 47 quintum
312 1812 137 47 vsque
403 1812 152 47 librum
510 1812 122 47 quid
586 1812 107 47 sit
647 1812 183 47 essentia
784 1812 107 47 cum
845 1812 290 47 proprietatibus:
1089 1812 91 47 in
1119 1812 107 47 quin-

186 1853 95 54 to
234 1853 191 54 secundum
377 1853 175 54 posuit,
504 1853 95 54 de
552 1853 238 54 generatione
742 1853 207 54 scilicet:
901 1853 95 54 in
949 1853 159 54 octauo
1044 1853 191 54 postremum,

189 1897 131 57 quae
271 1897 98 57 ad
320 1897 147 57 vitam
418 1897 197 57 attinent
565 1897 82 57 &
598 1897 180 57 mortem,
729 1897 213 57 perfecit.
893 1897 115 57 His
959 1897 262 57 respondentes
1155 1897 82 57 es

1034 1939 177 47 sentiales
