1416 2066
227 224 147 50 ratur
325 224 98 50 ab
374 224 180 50 omnibus
504 224 196 50 illorum.
651 224 131 50 Quo¬

229 265 128 42 niam,
314 265 85 42 si
356 265 213 42 continuatio
526 265 156 42 illorum
626 265 128 42 indiui-

229 306 149 40 duorum
333 306 104 40 est
393 306 164 40 propter
497 306 253 40 continuationem,

233 340 209 50 intellectus
400 340 195 50 materialis
554 340 98 50 cum
610 340 112 50 eis,
665 340 84 50 quem

228 382 180 36 admodum
358 382 245 36 continuatio
555 382 180 36 hominis
669 382 82 36 cum

235 421 194 39 intentione
387 421 180 39 sensibili
526 421 97 39 est
581 421 152 39 propter
678 421 69 39 con

230 457 211 50 tinuationem
399 457 141 50 primae
498 457 225 50 perfectionis
667 457 85 50 sen-

230 497 86 50 sus
279 497 86 50 cum
328 497 86 50 eo,
376 497 86 50 qui
425 497 86 50 est
474 497 159 50 recipiens
584 497 159 50 intentionem

230 536 213 42 sensibilem:
401 536 213 42 continuatio
571 536 128 42 autem
642 536 100 42 intel

230 576 147 39 lectus
333 576 191 39 materials
480 576 103 39 cum
539 576 162 39 omnibus
642 576 103 39 homi-

230 613 125 49 nibus
313 613 221 49 existentibus
493 613 83 49 in
535 613 111 49 actu
604 613 83 49 in
631 613 111 49 aliquo

227 660 173 44 tempore
353 660 94 44 in
400 660 235 44 perfectione
588 660 141 44 eorum
667 660 78 44 po-

227 693 150 46 strema
332 693 135 46 debet
422 693 120 46 esse
498 693 135 46 eadem
573 693 165 46 continua-

229 730 112 48 tio.
299 730 127 48 uihil
384 730 112 48 enim
454 730 127 48 facit
538 730 183 48 alietatem
665 730 84 48 pro-

232 780 184 37 portionis
373 780 255 37 continuationis
585 780 127 37 inter
656 780 85 37 haec

229 808 98 44 duo
285 808 182 44 continua,
425 808 140 44 quare,
523 808 84 44 si
565 808 98 44 hoc
621 808 98 44 ita
663 808 84 44 est,

231 845 142 56 necesse
334 845 103 56 est,
399 845 90 56 cum
450 845 77 56 tu
489 845 193 56 acquisieris
631 845 116 56 aliquid

229 889 236 50 intellectum,
421 889 89 50 vt
465 889 103 50 ego
525 889 133 50 etiam
598 889 148 50 acquiram

226 924 118 55 illud
305 924 210 55 intellectum.
475 924 105 55 quod
541 924 92 55 est
580 924 171 55 impossibie.

274 1005 75 41 Et
312 1005 226 41 indifferenter,
500 1005 100 41 siue
563 1005 150 41 posueris
676 1005 100 41 quod

237 1045 174 45 postrema
368 1045 189 45 perfectio
514 1045 174 45 generata
644 1045 87 45 in
673 1045 73 45 vno

241 1085 134 45 quoque
335 1085 175 45 indiuiduo
469 1085 161 45 subiecta
590 1085 108 45 isti
644 1085 94 45 intel

233 1120 149 40 lectui,
342 1120 162 40 scilicet
463 1120 95 40 per
517 1120 108 40 quam
571 1120 176 40 intellectus

230 1159 182 51 materialis
373 1159 182 51 copulatur,
515 1159 65 51 &
541 1159 91 51 est
593 1159 78 51 ex
632 1159 78 51 ea
658 1159 91 51 quasi

230 1198 123 45 forma
313 1198 206 45 separabilis
477 1198 69 45 a
504 1198 164 45 subiecto
628 1198 110 45 suo,
682 1198 69 45 cum

233 1245 95 39 quo
288 1245 218 39 continuatur,
465 1245 82 39 si
505 1245 150 39 aliquid
614 1245 95 39 est
655 1245 95 39 tale:

240 1275 67 56 &
266 1275 108 56 siue
334 1275 162 56 posueris
455 1275 94 56 eam
509 1275 216 56 perfectionem
671 1275 81 56 esse

233 1317 181 38 virtutem
369 1317 181 38 uirtutum
505 1317 151 38 animae
611 1317 106 38 aut
656 1317 91 38 vir-

234 1365 127 41 turum
319 1365 184 41 corporis,
460 1365 113 41 idem
531 1365 99 41 est
587 1365 85 41 in
616 1365 127 41 sequen-

230 1395 89 53 do
260 1395 207 53 impossibile.

269 1429 80 58 Et
309 1429 107 58 ideo
375 1429 173 58 opinandum
509 1429 93 58 est
562 1429 120 58 quod,
642 1429 80 58 si
669 1429 80 58 sunt

225 1473 151 51 aliqua
331 1473 181 51 animata,
466 1473 151 51 quorum
572 1473 136 51 prima
647 1473 91 51 per-

232 1511 135 43 fectio
327 1511 95 43 est
381 1511 190 43 substantia
530 1511 162 43 separata
652 1511 68 43 a
666 1511 81 43 suis

225 1555 191 40 subiectis,
375 1555 82 40 vt
416 1555 204 40 existimatur
580 1555 82 40 de
607 1555 136 40 corpori-

231 1589 89 53 bus
282 1589 203 53 coelestibus,
447 1589 102 53 quod
511 1589 191 53 impossibile
663 1589 89 53 est
701 1589 51 53 vt

225 1628 204 55 inueniatur
385 1628 87 55 ex
429 1628 102 55 vna
487 1628 145 55 specie
589 1628 131 55 eorum
662 1628 87 55 plus

231 1668 102 46 vno
290 1668 205 46 indiuiduo.
451 1668 175 46 quoniam,
582 1668 88 46 si
626 1668 88 46 ex
655 1668 88 46 eis,

229 1709 165 51 scilicet
353 1709 83 51 ex
395 1709 124 51 eadem
477 1709 138 51 specie
560 1709 179 51 inueniretur

234 1745 192 49 plusquam
378 1745 128 49 vnum
458 1745 240 49 indiuiduum,
651 1745 96 49 v.
683 1745 64 49 g.

228 1787 99 39 de
278 1787 182 39 corpore
410 1787 132 39 moto
493 1787 99 39 ab
543 1787 149 39 eodem
625 1787 116 39 moto-

231 1821 97 46 re,
287 1821 111 46 tunc
356 1821 111 46 esse
425 1821 125 46 eorum
508 1821 125 46 esset
591 1821 166 46 ociosum,
702 1821 42 46 &

218 1861 248 45 superssuum:
417 1861 116 45 cum
483 1861 149 45 motus
582 1861 149 45 eorum
664 1861 83 45 es

758 221 143 46 scitur
858 221 128 46 illud
943 221 214 46 indiuiduum,
1100 221 171 46 obtineatur

771 262 75 44 et
808 262 62 44 a
833 262 137 44 cunctis
932 262 187 44 indiuiduis.
1082 262 100 44 Qam,
1144 262 75 44 si
1169 262 112 44 assidui

761 302 105 43 tas,
827 302 66 43 &
853 302 92 43 per
906 302 185 43 seuerantia
1051 302 119 43 illox
1117 302 158 43 indiuiduo-

761 344 82 49 rum
808 344 82 49 sit
855 344 117 49 perper
937 344 187 49 assiduitatem
1088 344 140 49 intellus
1182 344 105 49 materia

761 380 93 50 lis
814 380 93 50 cum
867 380 106 50 eis,
933 380 199 50 quemadmodum
1092 380 199 50 coniunctio,
1238 380 40 50 &

768 421 175 47 adherentia
905 421 113 47 homis
980 421 88 47 cum
1030 421 100 47 ipso
1093 421 163 47 conceptu,
1205 421 75 47 sseu

766 458 173 40 intentione,
905 458 150 40 sensibili
1020 458 81 40 est
1066 458 115 40 quidem
1147 458 115 40 perper
1216 458 58 40 con

766 499 176 39 iunctionem
905 499 113 39 primi
980 499 113 39 actus
1055 499 126 39 ipsius
1143 499 126 39 sensus
1218 499 63 39 cum

766 536 108 54 ipso,
838 536 84 54 qui
886 536 120 54 quidem
971 536 133 54 recipit
1067 536 84 54 ipm
1115 536 157 54 conceptum
1224 536 60 54 seu

765 575 177 53 intentionem
906 575 177 53 Sensibilem:
1048 575 94 53 ergo
1106 575 165 53 assiduitas
1224 575 59 53 ip-

765 612 85 54 sius
819 612 138 54 intellus,
925 612 96 54 atque
989 612 85 54 eius
1042 612 181 54 communiunctio
1191 612 75 54 cum
1223 612 64 54 omni

761 652 88 46 bus
812 652 189 46 indiuiduis,
963 652 101 46 quae
1026 652 101 46 actu
1089 652 189 46 reperiuntur
1228 652 50 46 in

767 693 134 49 aliquo
860 693 107 49 tpre
927 693 80 49 in
968 693 94 49 suo
1021 693 134 49 vltimo
1115 693 121 49 actu,
1182 693 94 49 debet

762 733 117 50 vtique
844 733 93 50 esse
902 733 105 50 eadem
972 733 175 50 coniunctio.
1112 733 105 50 nihil
1182 733 93 50 enim
1229 733 58 50 re-

770 772 124 46 peritur
860 772 90 46 hic,
916 772 90 46 quid
972 772 112 46 faciat
1050 772 191 46 diuersitatem,
1208 772 56 46 &
1219 772 56 46 di-

761 812 181 40 stinctionem
906 812 72 40 in
942 812 133 40 ratione
1038 812 120 40 siseu,
1110 812 169 40 proportionel

768 851 109 46 ipsius
844 851 196 46 comnrunctionis
1008 851 98 46 inter
1073 851 87 46 illa
1128 851 76 46 duo
1160 851 120 46 communium

768 888 100 50 eta,
831 888 63 50 &
856 888 88 50 sic
906 888 163 50 oporteret
1032 888 88 50 vt,
1082 888 88 50 cum
1132 888 75 50 tu
1157 888 125 50 acquisie

764 924 80 55 ris
809 924 126 55 aliquid
901 924 205 55 intelligibile,
1072 924 68 55 vt
1106 924 80 55 ego
1152 924 103 55 etiam
1209 924 68 55 adi-

769 964 149 46 pisceret
881 964 149 46 illudmet
993 964 212 46 itelligibile,
1167 964 100 46 quod
1217 964 62 46 est

761 1005 189 49 impossibie.
912 1005 75 49 Et
950 1005 113 49 nihil
1026 1005 151 49 differt,
1139 1005 101 49 siue
1189 1005 88 49 ponas

762 1045 107 50 illum
834 1045 131 50 vltimum
929 1045 119 50 actum,
1013 1045 84 50 qui
1060 1045 72 50 in
1096 1045 131 50 cunctis
1180 1045 95 50 indiui

763 1084 77 51 duis
812 1084 116 51 gneatur,
898 1084 77 51 esse
946 1084 125 51 subiectum
1043 1084 77 51 illi
1091 1084 125 51 Titellsu,
1178 1084 96 51 scilicet

761 1125 87 49 cum
810 1125 87 49 quo
860 1125 223 49 communiungitur
1045 1125 149 49 intellus
1144 1125 124 49 materia:

764 1162 83 41 lis
812 1162 107 41 atque
883 1162 166 41 copulatur,
1014 1162 59 41 &
1037 1162 119 41 perper
1121 1162 107 41 ipsum
1192 1162 83 41 est
1227 1162 48 41 ve

767 1199 105 44 luti
833 1199 105 44 fora
899 1199 158 44 separata
1017 1199 66 44 a
1044 1199 92 44 suo
1096 1199 171 44 subiecto,
1215 1199 66 44 cum

764 1238 99 54 quo
820 1238 198 54 copulatur,
976 1238 85 54 si
1018 1238 127 54 datur
1103 1238 155 54 aliquid
1201 1238 85 54 tale

768 1276 82 54 ita
815 1276 70 54 se
850 1276 129 54 habens:
944 1276 94 54 siue
1002 1276 105 54 illum
1072 1276 117 54 actun&
1143 1276 140 54 perfectio-

769 1325 81 37 nem
816 1325 93 37 esse
874 1325 128 37 aliquam
967 1325 139 37 virtutem
1071 1325 128 37 animae,
1164 1325 81 37 aut
1199 1325 81 37 corpo

768 1364 88 31 ris
819 1364 163 31 virtutem,
944 1364 113 31 nihil
1019 1364 126 31 vtique
1107 1364 126 31 refert
1195 1364 75 31 ad
1220 1364 63 31 hoc

770 1400 64 45 vt
802 1400 128 45 sequatur
899 1400 96 45 illud
963 1400 171 45 impossibile,
1102 1400 53 45 &
1123 1400 171 45 inconueniens

784 1437 80 37 Et
824 1437 147 37 idcirco
930 1437 213 37 consentaneum
1104 1437 93 37 est
1144 1437 133 37 existima

772 1476 65 47 re
805 1476 97 47 quod,
870 1476 65 47 si
902 1476 162 47 reperiantur
1032 1476 108 47 aliqua
1108 1476 130 47 animata,
1194 1476 87 47 quorum

773 1515 131 39 primus
864 1515 117 39 actus
943 1515 91 39 sit
995 1515 183 39 substantia
1138 1515 157 39 separata
1243 1515 39 39 a

763 1549 107 45 suis
829 1549 187 45 subiectis,
976 1549 80 45 vt
1016 1549 200 45 existimatur
1176 1549 80 45 de
1203 1549 80 45 cor-

770 1589 130 53 poribus
865 1589 190 53 coelestibus,
1019 1589 95 53 quod
1078 1589 178 53 impossibile
1209 1589 71 53 erit

771 1630 77 53 vt
810 1630 77 53 in
848 1630 90 53 vna
899 1630 90 53 spe
950 1630 115 53 eorum
1027 1630 179 53 reperiatur
1155 1630 115 53 plusque

765 1668 104 38 vnum
830 1668 182 38 indiuidum,
973 1668 104 38 nam,
1038 1668 78 38 si
1077 1668 91 38 vna
1129 1668 130 38 specie
1207 1668 65 38 eo-

761 1708 108 47 rum
822 1708 338 47 reperirenturiplura
1099 1708 184 47 indiuidua,

767 1756 152 43 exempli
877 1756 138 43 gratia
974 1756 83 43 vt
1015 1756 124 43 detur
1098 1756 152 43 aliquod
1194 1756 83 43 cor-

767 1788 133 38 pus,
851 1788 133 38 quod
934 1788 200 38 moueatur
1084 1788 100 38 ab
1117 1788 167 38 eodemmet

762 1824 163 43 motore,
881 1824 119 43 tunc
955 1824 133 43 eorum
1044 1824 119 43 esse
1118 1824 133 43 esset
1192 1824 89 43 fru-

760 1863 120 43 stra
835 1863 75 43 &
865 1863 164 43 temere,
984 1863 105 43 cum
1044 1863 134 43 eorum
1134 1863 134 43 motus
1208 1863 75 43 sit
