1416 2066
224 172 108 63 per
285 172 139 63 aliud
378 172 200 63 sentiendo
532 172 154 63 sensum
640 172 216 63 efficiunt,
809 172 77 63 &
840 172 108 63 per
902 172 231 63 intermedia.
1087 172 92 63 at
1133 172 154 63 tactus
1225 172 62 63 in

237 230 191 55 tangendo
380 230 95 55 ea
428 230 223 55 consistit.
603 230 207 55 quamobrem
762 230 143 55 etiam
857 230 143 55 nomen
953 230 111 55 hoc
1017 230 159 55 habet.
1128 230 95 55 at
1176 230 111 55 qui
1223 230 64 55 et

238 278 114 53 alia
309 278 170 53 sensoria
437 278 128 53 tactu
522 278 185 53 sentiunt,
664 278 99 53 sed
721 278 99 53 per
778 278 128 53 alia:
863 278 99 53 hic
920 278 99 53 aut
976 278 156 53 uidetur
1090 278 128 53 solus
1175 278 99 53 per
1218 278 71 53 se.

246 315 135 57 Quare
336 315 150 57 nullum
440 315 179 57 eiusmodi
575 315 224 57 elementorum
755 315 150 57 fuerit
859 315 150 57 corpus
964 315 194 57 animalis.
1114 315 150 57 Neque,
1203 315 90 57 uero

243 371 167 56 terreum.
368 371 139 56 tactus
466 371 111 56 enim
535 371 125 56 quasi
619 371 209 56 mediocritas
785 371 97 56 est
841 371 139 56 omnium
938 371 195 56 tactilium.
1091 371 139 56 atque,
1175 371 111 56 senso-

238 412 122 62 rium
314 412 122 62 hoc,
390 412 106 62 non
450 412 137 62 solum
542 412 289 62 differentiarum,
785 412 122 62 quae
861 412 152 62 terrae
967 412 122 62 sunt
1043 412 213 62 receptiuum
1195 412 91 62 est,

238 459 143 54 uerum
334 459 143 54 etiam
429 459 159 54 calidi
541 459 80 54 &
572 459 191 54 frigidi,
716 459 96 54 ac
764 459 223 54 reliquorum
939 459 159 54 omnium
1050 459 223 54 tactilium.
1209 459 80 54 quo

241 516 101 50 fit
298 516 87 50 ut
342 516 101 50 nec
400 516 159 50 ossibus
515 516 101 50 nec
573 516 130 50 pilis
660 516 101 50 nec
718 516 87 50 id
761 516 130 50 genus
848 516 130 50 aliis
935 516 174 50 partibus
1065 516 202 50 sentiamus,
1209 516 87 50 quia

244 560 139 43 terrae
342 560 125 43 sunt.
425 560 70 43 &
453 560 167 43 plantae,
578 560 181 43 propterea
718 560 139 43 nullum
815 560 139 43 habent
913 560 153 43 sensum,
1024 560 111 43 quia
1094 560 139 43 terrae
1191 560 125 43 sunt:

240 603 79 56 at
279 603 105 56 sine
345 603 131 56 tactu,
437 603 131 56 nullus
529 603 118 56 alius
608 603 105 56 esse
673 603 145 56 potest.
779 603 92 56 hoc
831 603 118 56 autem
910 603 171 56 sensorium
1041 603 131 56 neque,
1133 603 131 56 terrae
1212 603 79 56 est,

242 651 140 65 neque,
340 651 140 65 ullius
438 651 168 65 alterius
550 651 196 65 elementorum.

287 706 214 49 Manifestum
455 706 107 49 est
516 706 153 49 igitur
623 706 122 49 quod
700 706 229 49 impossibile
883 706 107 49 est
944 706 92 49 vt
990 706 153 49 corpus
1097 706 184 49 animalis
1220 706 76 49 sit

242 740 172 55 simplex,
371 740 129 55 sicut
457 740 144 55 ignis,
558 740 101 55 aut
615 740 115 55 aer.
687 740 215 55 Impossibile
859 740 101 55 est
917 740 115 55 enim
988 740 86 55 vt
1032 740 144 55 habeat
1132 740 115 55 vnum
1189 740 101 55 alium

236 788 133 55 sensum
329 788 146 55 praeter
435 788 146 55 tactum.
541 788 106 55 omne
608 788 106 55 enim
674 788 133 55 corpus
767 788 159 55 animatum
887 788 93 55 est
940 788 186 55 tangibile,
1086 788 159 55 secundum
1205 788 106 55 quod

242 836 173 39 diximus.
371 836 87 39 Et
415 836 115 39 illa
487 836 115 39 alia
559 836 115 39 sunt
631 836 216 39 instrumenta
804 836 144 39 sensus
905 836 159 39 praeter
1020 836 159 39 terram.
1135 836 130 39 omnia
1208 836 87 39 enim

242 870 162 53 faciunt
360 870 162 53 sensus,
478 870 118 53 quia
551 870 176 53 sentiunt
683 870 103 53 per
742 870 147 53 aliud,
845 870 74 53 &
874 870 103 53 per
933 870 162 53 medium.
1051 870 147 53 tactus
1154 870 118 53 enim
1213 870 74 53 fit

239 916 198 47 tangendo:
391 916 76 47 &
422 916 122 47 ideo
498 916 168 47 vocatur
620 916 107 47 hoc
681 916 168 47 nomine.
804 916 92 47 Et
849 916 107 47 hoc
910 916 122 47 est,
987 916 122 47 quod
1063 916 122 47 alia
1124 916 168 47 instrumen

248 963 89 47 ta
293 963 148 47 sensus
396 963 104 47 non
456 963 193 47 sentiant,
604 963 119 47 nisi
678 963 178 47 mediante
812 963 148 47 tactu.
915 963 104 47 sed
975 963 104 47 hoc
1034 963 104 47 est
1093 963 104 47 per
1153 963 119 47 alia
1212 963 74 47 me-

238 1003 124 41 dia:
316 1003 140 41 illud
409 1003 140 41 autem
502 1003 233 41 existimatur
689 1003 202 41 contentum
844 1003 109 41 per
906 1003 109 41 se.
968 1003 93 41 Et
1015 1003 124 41 ideo
1092 1003 155 41 nullum
1185 1003 109 41 isto-

242 1037 105 45 rum
302 1037 225 45 elementorum
482 1037 105 45 est
542 1037 150 45 corpus
647 1037 195 45 animalis.
796 1037 135 45 Neque
886 1037 150 45 terra.
991 1037 150 45 tactus
1096 1037 120 45 enim
1171 1037 105 45 est
1216 1037 75 45 qua

240 1081 89 56 si
285 1081 148 56 medium
388 1081 133 56 aliis
477 1081 251 56 sensibilibus.
683 1081 74 56 &
713 1081 207 56 insteundum
875 1081 192 56 recipiens
1023 1081 103 56 non
1082 1081 192 56 congregat
1215 1081 74 56 tam

244 1123 107 48 tum
305 1123 213 48 mutationes
472 1123 228 48 terrestres,
655 1123 107 48 sed
716 1123 137 48 etiam
807 1123 183 48 calidum,
944 1123 76 48 &
974 1123 198 48 frigidum,
1127 1123 76 48 &
1157 1123 122 48 alia
1218 1123 76 48 tan

243 1168 182 50 gibilia.
379 1168 91 50 Et
425 1168 121 50 ideo
501 1168 106 50 non
562 1168 182 50 sentimus
698 1168 106 50 per
759 1168 137 50 ossa,
850 1168 76 50 &
880 1168 152 50 pilos,
986 1168 76 50 &
1017 1168 106 50 per
1078 1168 137 50 tales
1153 1168 137 50 partes.

245 1208 95 51 Et
293 1208 127 51 ideo
372 1208 238 51 vegetabilia
563 1208 111 51 non
627 1208 159 51 habent
738 1208 175 51 aliquem
865 1208 175 51 istorum
992 1208 191 51 sensuum,
1135 1208 127 51 quia
1199 1208 95 51 sunt

244 1248 86 44 ex
287 1248 144 44 terra.
387 1248 215 44 Impossibile
560 1248 101 44 est
617 1248 115 44 enim
689 1248 86 44 vt
732 1248 129 44 alius
818 1248 144 44 sensus
919 1248 101 44 sit
976 1248 115 44 sine
1048 1248 144 44 tactu.
1148 1248 72 44 &
1177 1248 101 44 hoc
1220 1248 72 44 in-

223 1293 228 46 strumentum,
406 1293 122 46 quod
482 1293 107 46 est
543 1293 168 46 sensui,
664 1293 107 46 non
725 1293 107 46 est
786 1293 91 46 ex
832 1293 137 46 igne.
923 1293 137 46 neque
1015 1293 91 46 ex
1061 1293 152 46 aliquo
1152 1293 137 46 illorum

237 1338 205 41 aliorum
368 1338 260 41 elementorum.

240 1376 251 59 D.Impossibile
447 1376 103 59 est
506 1376 89 59 vt
550 1376 148 59 corpus
653 1376 177 59 animalis
786 1376 103 59 sit
845 1376 177 59 simplex.
978 1376 221 59 impossibile
1155 1376 103 59 est
1199 1376 89 59 enim

244 1423 92 44 vt
290 1423 153 44 animal
397 1423 153 44 habeat
504 1423 169 44 aliquem
627 1423 138 44 trium
719 1423 169 44 sensuum
842 1423 123 44 sine
919 1423 153 44 tactu.
1026 1423 123 44 omne
1103 1423 123 44 enim
1164 1423 123 44 anima-

244 1459 91 45 tum
296 1459 117 45 debet
374 1459 104 45 esse
439 1459 156 45 tangens.
556 1459 104 45 D.d.
621 1459 78 45 Et
660 1459 104 45 illa
725 1459 117 45 alia,
803 1459 91 45 &c.
855 1459 78 45 i.
894 1459 65 45 &
920 1459 143 45 corpora
1024 1459 169 45 simplicia
1154 1459 104 45 sunt
1219 1459 91 45 in

241 1499 189 41 strumenta
387 1499 131 41 trium
474 1499 175 41 sensuum,
606 1499 160 41 praeter
722 1499 160 41 terram,
839 1499 117 41 quae
911 1499 102 41 non
970 1499 102 41 est
1028 1499 233 41 instrumentum
1203 1499 87 41 ali-

248 1539 113 48 cuius
324 1539 138 48 sensus.
424 1539 63 48 &
449 1539 88 48 hoc
499 1539 113 48 fuit,
574 1539 100 48 quia
637 1539 113 48 omnes
712 1539 100 48 isti
775 1539 125 48 sensus
863 1539 150 48 scilicet
976 1539 113 48 tres,
1051 1539 113 48 agunt
1126 1539 138 48 sensum,
1214 1539 75 48 quia

243 1580 168 39 indigent
369 1580 210 39 simplicibus
537 1580 238 39 instrumentis,
733 1580 70 39 &
761 1580 126 39 medio
844 1580 210 39 extrinseco.
1012 1580 84 39 I.
1054 1580 196 39 denuidatis
1208 1580 70 39 a
1222 1580 70 39 sen

238 1615 180 44 sibilibus
377 1615 166 44 scilicet
501 1615 83 44 vt
543 1615 222 44 instrumentum
723 1615 83 44 in
765 1615 125 44 visu,
848 1615 69 44 &
875 1615 139 44 medium
972 1615 97 44 non
1028 1615 139 44 habeat
1125 1615 166 44 colorem,
1236 1615 55 44 ne

239 1658 97 48 que
295 1658 83 48 in
336 1658 153 48 olfactu
448 1658 153 48 odorem,
559 1658 125 48 neque
642 1658 83 48 in
684 1658 139 48 auditu
781 1658 139 48 sonum.
879 1658 83 48 Et
920 1658 111 48 quae
990 1658 195 48 denudantur
1143 1658 83 48 ab
1171 1658 111 48 istis,

240 1698 100 47 aut
297 1698 114 47 sunt
368 1698 157 47 corpora
483 1698 200 47 simplicia,
640 1698 100 47 aut
697 1698 86 47 in
740 1698 100 47 quo
797 1698 200 47 dominantur
954 1698 157 47 corpora
1069 1698 200 47 simplicia.
1212 1698 71 47 sed

236 1730 140 43 tactus
334 1730 154 43 differt
446 1730 84 43 ab
488 1730 126 43 istis
572 1730 182 43 sensibus,
712 1730 112 43 quia
782 1730 224 43 comprehendit
964 1730 112 43 suum
1034 1730 182 43 sensibile
1174 1730 112 43 sine
1230 1730 56 43 me

243 1774 113 45 dio.
313 1774 70 45 &
341 1774 113 45 ideo
412 1774 127 45 nullo
496 1774 169 45 elemento
623 1774 127 45 medio
708 1774 141 45 vtitur
806 1774 84 45 in
848 1774 211 45 extrinseco.
1017 1774 99 45 Et,
1074 1774 99 45 cum
1116 1774 169 45 declaratum

244 1814 97 45 est
300 1814 97 45 hoc
355 1814 83 45 de
397 1814 125 45 sensu
480 1814 153 45 tactus,
592 1814 153 45 necesse
703 1814 97 45 est
759 1814 83 45 vt
800 1814 111 45 suum
870 1814 222 45 instrumentum
1051 1814 97 45 non
1106 1814 97 45 sit
1148 1814 139 45 simplex.

246 1851 80 47 Et
286 1851 226 47 vniuersaliter
472 1851 106 47 vult
539 1851 173 47 declarare
672 1851 106 47 hoc,
738 1851 106 47 quod
805 1851 133 47 tactus
898 1851 80 47 in
938 1851 93 47 hoc
991 1851 146 47 differt
1098 1851 80 47 ab
1138 1851 120 47 aliis
1204 1851 80 47 sen
