<?xml version="1.0" encoding="UTF-8"?>
<alto xmlns:xsi="http://www.w3.org/2001/XMLSchema-instance"
      xmlns="http://www.loc.gov/standards/alto/ns-v2#"
      xmlns:page="http://schema.primaresearch.org/PAGE/gts/pagecontent/2013-07-15"
      xsi:schemaLocation="http://www.loc.gov/standards/alto/ns-v2# http://www.loc.gov/standards/alto/alto.xsd">
   <Description>
      <MeasurementUnit>pixel</MeasurementUnit>
      <OCRProcessing ID="IdOcr">
         <ocrProcessingStep>
            <processingDateTime>2021-01-11T18:01:51.673-05:00</processingDateTime>
            <processingSoftware>
               <softwareCreator>READ COOP</softwareCreator>
               <softwareName>Transkribus</softwareName>
            </processingSoftware>
         </ocrProcessingStep>
      </OCRProcessing>
   </Description>
   <Tags/>
   <Layout>
      <Page ID="Page1" PHYSICAL_IMG_NR="1" HEIGHT="2066" WIDTH="1416">
         <TopMargin HEIGHT="0" WIDTH="1416" VPOS="0" HPOS="0"/>
         <LeftMargin HEIGHT="2066" WIDTH="0" VPOS="0" HPOS="0"/>
         <RightMargin HEIGHT="2066" WIDTH="0" VPOS="0" HPOS="1416"/>
         <BottomMargin HEIGHT="0" WIDTH="1416" VPOS="2066" HPOS="0"/>
         <PrintSpace HEIGHT="2066" WIDTH="1416" VPOS="0" HPOS="0">
            <TextBlock ID="TextRegion_1610221096908_1102"
                       HEIGHT="1807"
                       WIDTH="1043"
                       VPOS="149"
                       HPOS="201">
               <Shape>
                  <Polygon POINTS="201,149 1244,149 1244,1956 201,1956"/>
               </Shape>
               <TextLine ID="line_1610221096951_1105"
                         BASELINE="236"
                         HEIGHT="42"
                         WIDTH="1002"
                         VPOS="194"
                         HPOS="248">
                  <String HEIGHT="42" WIDTH="102" VPOS="194" HPOS="233" CONTENT="Cum"/>
                  <SP HEIGHT="42" WIDTH="15" VPOS="194" HPOS="335"/>
                  <String HEIGHT="42"
                          WIDTH="174"
                          VPOS="194"
                          HPOS="292"
                          CONTENT="incoepit"/>
                  <SP HEIGHT="42" WIDTH="15" VPOS="194" HPOS="466"/>
                  <String HEIGHT="42"
                          WIDTH="218"
                          VPOS="194"
                          HPOS="422"
                          CONTENT="perserntari"/>
                  <SP HEIGHT="42" WIDTH="15" VPOS="194" HPOS="640"/>
                  <String HEIGHT="42" WIDTH="87" VPOS="194" HPOS="597" CONTENT="de"/>
                  <SP HEIGHT="42" WIDTH="15" VPOS="194" HPOS="684"/>
                  <String HEIGHT="42"
                          WIDTH="174"
                          VPOS="194"
                          HPOS="640"
                          CONTENT="virtute,"/>
                  <SP HEIGHT="42" WIDTH="15" VPOS="194" HPOS="814"/>
                  <String HEIGHT="42" WIDTH="102" VPOS="194" HPOS="771" CONTENT="qua"/>
                  <SP HEIGHT="42" WIDTH="15" VPOS="194" HPOS="872"/>
                  <String HEIGHT="42"
                          WIDTH="174"
                          VPOS="194"
                          HPOS="829"
                          CONTENT="sentimus"/>
                  <SP HEIGHT="42" WIDTH="15" VPOS="194" HPOS="1003"/>
                  <String HEIGHT="42" WIDTH="102" VPOS="194" HPOS="960" CONTENT="nos"/>
                  <SP HEIGHT="42" WIDTH="15" VPOS="194" HPOS="1061"/>
                  <String HEIGHT="42"
                          WIDTH="174"
                          VPOS="194"
                          HPOS="1018"
                          CONTENT="sentire,"/>
                  <SP HEIGHT="42" WIDTH="15" VPOS="194" HPOS="1192"/>
                  <String HEIGHT="42"
                          WIDTH="116"
                          VPOS="194"
                          HPOS="1134"
                          CONTENT="vtrumi"/>
               </TextLine>
               <TextLine ID="r3l3"
                         BASELINE="274"
                         HEIGHT="45"
                         WIDTH="1041"
                         VPOS="229"
                         HPOS="200">
                  <String HEIGHT="45" WIDTH="97" VPOS="229" HPOS="186" CONTENT="sit"/>
                  <SP HEIGHT="45" WIDTH="14" VPOS="229" HPOS="283"/>
                  <String HEIGHT="45"
                          WIDTH="125"
                          VPOS="229"
                          HPOS="242"
                          CONTENT="eadem"/>
                  <SP HEIGHT="45" WIDTH="14" VPOS="229" HPOS="367"/>
                  <String HEIGHT="45" WIDTH="97" VPOS="229" HPOS="325" CONTENT="cum"/>
                  <SP HEIGHT="45" WIDTH="14" VPOS="229" HPOS="422"/>
                  <String HEIGHT="45"
                          WIDTH="153"
                          VPOS="229"
                          HPOS="380"
                          CONTENT="virtute"/>
                  <SP HEIGHT="45" WIDTH="14" VPOS="229" HPOS="533"/>
                  <String HEIGHT="45"
                          WIDTH="153"
                          VPOS="229"
                          HPOS="491"
                          CONTENT="propria"/>
                  <SP HEIGHT="45" WIDTH="14" VPOS="229" HPOS="644"/>
                  <String HEIGHT="45"
                          WIDTH="180"
                          VPOS="229"
                          HPOS="603"
                          CONTENT="vnicuique"/>
                  <SP HEIGHT="45" WIDTH="14" VPOS="229" HPOS="783"/>
                  <String HEIGHT="45"
                          WIDTH="153"
                          VPOS="229"
                          HPOS="741"
                          CONTENT="sensui,"/>
                  <SP HEIGHT="45" WIDTH="14" VPOS="229" HPOS="894"/>
                  <String HEIGHT="45" WIDTH="83" VPOS="229" HPOS="852" CONTENT="an"/>
                  <SP HEIGHT="45" WIDTH="14" VPOS="229" HPOS="936"/>
                  <String HEIGHT="45"
                          WIDTH="125"
                          VPOS="229"
                          HPOS="894"
                          CONTENT="alia,"/>
                  <SP HEIGHT="45" WIDTH="14" VPOS="229" HPOS="1019"/>
                  <String HEIGHT="45"
                          WIDTH="125"
                          VPOS="229"
                          HPOS="977"
                          CONTENT="dedit"/>
                  <SP HEIGHT="45" WIDTH="14" VPOS="229" HPOS="1102"/>
                  <String HEIGHT="45" WIDTH="83" VPOS="229" HPOS="1061" CONTENT="in"/>
                  <SP HEIGHT="45" WIDTH="14" VPOS="229" HPOS="1144"/>
                  <String HEIGHT="45"
                          WIDTH="125"
                          VPOS="229"
                          HPOS="1102"
                          CONTENT="primo"/>
                  <SP HEIGHT="45" WIDTH="14" VPOS="229" HPOS="1227"/>
                  <String HEIGHT="45" WIDTH="69" VPOS="229" HPOS="1172" CONTENT="ser"/>
               </TextLine>
               <TextLine ID="r3l4"
                         BASELINE="315"
                         HEIGHT="46"
                         WIDTH="1030"
                         VPOS="269"
                         HPOS="203">
                  <String HEIGHT="46"
                          WIDTH="149"
                          VPOS="269"
                          HPOS="188"
                          CONTENT="monem,"/>
                  <SP HEIGHT="46" WIDTH="15" VPOS="269" HPOS="337"/>
                  <String HEIGHT="46" WIDTH="90" VPOS="269" HPOS="293" CONTENT="ex"/>
                  <SP HEIGHT="46" WIDTH="15" VPOS="269" HPOS="382"/>
                  <String HEIGHT="46" WIDTH="104" VPOS="269" HPOS="337" CONTENT="quo"/>
                  <SP HEIGHT="46" WIDTH="15" VPOS="269" HPOS="442"/>
                  <String HEIGHT="46"
                          WIDTH="179"
                          VPOS="269"
                          HPOS="397"
                          CONTENT="sequitur"/>
                  <SP HEIGHT="46" WIDTH="15" VPOS="269" HPOS="576"/>
                  <String HEIGHT="46" WIDTH="104" VPOS="269" HPOS="531" CONTENT="eam"/>
                  <SP HEIGHT="46" WIDTH="15" VPOS="269" HPOS="636"/>
                  <String HEIGHT="46"
                          WIDTH="119"
                          VPOS="269"
                          HPOS="591"
                          CONTENT="esse"/>
                  <SP HEIGHT="46" WIDTH="15" VPOS="269" HPOS="711"/>
                  <String HEIGHT="46"
                          WIDTH="134"
                          VPOS="269"
                          HPOS="666"
                          CONTENT="vnam,"/>
                  <SP HEIGHT="46" WIDTH="15" VPOS="269" HPOS="800"/>
                  <String HEIGHT="46" WIDTH="75" VPOS="269" HPOS="755" CONTENT="&amp;"/>
                  <SP HEIGHT="46" WIDTH="15" VPOS="269" HPOS="830"/>
                  <String HEIGHT="46"
                          WIDTH="134"
                          VPOS="269"
                          HPOS="785"
                          CONTENT="post,"/>
                  <SP HEIGHT="46" WIDTH="15" VPOS="269" HPOS="920"/>
                  <String HEIGHT="46"
                          WIDTH="149"
                          VPOS="269"
                          HPOS="875"
                          CONTENT="alium,"/>
                  <SP HEIGHT="46" WIDTH="15" VPOS="269" HPOS="1024"/>
                  <String HEIGHT="46" WIDTH="90" VPOS="269" HPOS="979" CONTENT="ex"/>
                  <SP HEIGHT="46" WIDTH="15" VPOS="269" HPOS="1069"/>
                  <String HEIGHT="46"
                          WIDTH="104"
                          VPOS="269"
                          HPOS="1024"
                          CONTENT="quo"/>
                  <SP HEIGHT="46" WIDTH="15" VPOS="269" HPOS="1129"/>
                  <String HEIGHT="46"
                          WIDTH="164"
                          VPOS="269"
                          HPOS="1069"
                          CONTENT="consequi"
                          SUBS_TYPE="HypPart1"
                          SUBS_CONTENT="consequitur"/>
                  <HYP CONTENT="-"/>
               </TextLine>
               <TextLine ID="r3l5"
                         BASELINE="353"
                         HEIGHT="40"
                         WIDTH="1033"
                         VPOS="313"
                         HPOS="207">
                  <String HEIGHT="40"
                          WIDTH="108"
                          VPOS="313"
                          HPOS="192"
                          CONTENT="tur"
                          SUBS_TYPE="HypPart2"
                          SUBS_CONTENT="consequitur"/>
                  <SP HEIGHT="40" WIDTH="15" VPOS="313" HPOS="300"/>
                  <String HEIGHT="40" WIDTH="108" VPOS="313" HPOS="253" CONTENT="eam"/>
                  <SP HEIGHT="40" WIDTH="15" VPOS="313" HPOS="361"/>
                  <String HEIGHT="40"
                          WIDTH="123"
                          VPOS="313"
                          HPOS="315"
                          CONTENT="esse"/>
                  <SP HEIGHT="40" WIDTH="15" VPOS="313" HPOS="438"/>
                  <String HEIGHT="40"
                          WIDTH="170"
                          VPOS="313"
                          HPOS="392"
                          CONTENT="plures:"/>
                  <SP HEIGHT="40" WIDTH="15" VPOS="313" HPOS="562"/>
                  <String HEIGHT="40"
                          WIDTH="154"
                          VPOS="313"
                          HPOS="515"
                          CONTENT="deinde"/>
                  <SP HEIGHT="40" WIDTH="15" VPOS="313" HPOS="670"/>
                  <String HEIGHT="40"
                          WIDTH="185"
                          VPOS="313"
                          HPOS="623"
                          CONTENT="sermonem"/>
                  <SP HEIGHT="40" WIDTH="15" VPOS="313" HPOS="808"/>
                  <String HEIGHT="40"
                          WIDTH="247"
                          VPOS="313"
                          HPOS="762"
                          CONTENT="concludentem"/>
                  <SP HEIGHT="40" WIDTH="15" VPOS="313" HPOS="1009"/>
                  <String HEIGHT="40" WIDTH="108" VPOS="313" HPOS="962" CONTENT="eam"/>
                  <SP HEIGHT="40" WIDTH="15" VPOS="313" HPOS="1070"/>
                  <String HEIGHT="40"
                          WIDTH="123"
                          VPOS="313"
                          HPOS="1024"
                          CONTENT="esse"/>
                  <SP HEIGHT="40" WIDTH="15" VPOS="313" HPOS="1147"/>
                  <String HEIGHT="40"
                          WIDTH="139"
                          VPOS="313"
                          HPOS="1101"
                          CONTENT="vnam,"/>
                  <SP HEIGHT="40" WIDTH="15" VPOS="313" HPOS="1240"/>
                  <String HEIGHT="40" WIDTH="77" VPOS="313" HPOS="1194" CONTENT="&amp;"/>
                  <SP HEIGHT="40" WIDTH="15" VPOS="313" HPOS="1271"/>
                  <String HEIGHT="40" WIDTH="31" VPOS="313" HPOS="1209" CONTENT=""/>
               </TextLine>
               <TextLine ID="r3l6"
                         BASELINE="388"
                         HEIGHT="41"
                         WIDTH="1034"
                         VPOS="347"
                         HPOS="204">
                  <String HEIGHT="41"
                          WIDTH="255"
                          VPOS="347"
                          HPOS="190"
                          CONTENT="dissolutionem,"/>
                  <SP HEIGHT="41" WIDTH="14" VPOS="347" HPOS="445"/>
                  <String HEIGHT="41" WIDTH="85" VPOS="347" HPOS="402" CONTENT="ex"/>
                  <SP HEIGHT="41" WIDTH="14" VPOS="347" HPOS="487"/>
                  <String HEIGHT="41" WIDTH="99" VPOS="347" HPOS="445" CONTENT="qua"/>
                  <SP HEIGHT="41" WIDTH="14" VPOS="347" HPOS="544"/>
                  <String HEIGHT="41"
                          WIDTH="142"
                          VPOS="347"
                          HPOS="501"
                          CONTENT="exiuit"/>
                  <SP HEIGHT="41" WIDTH="14" VPOS="347" HPOS="643"/>
                  <String HEIGHT="41" WIDTH="85" VPOS="347" HPOS="601" CONTENT="ad"/>
                  <SP HEIGHT="41" WIDTH="14" VPOS="347" HPOS="686"/>
                  <String HEIGHT="41"
                          WIDTH="212"
                          VPOS="347"
                          HPOS="643"
                          CONTENT="declarandum"/>
                  <SP HEIGHT="41" WIDTH="14" VPOS="347" HPOS="856"/>
                  <String HEIGHT="41"
                          WIDTH="113"
                          VPOS="347"
                          HPOS="813"
                          CONTENT="quod"/>
                  <SP HEIGHT="41" WIDTH="14" VPOS="347" HPOS="926"/>
                  <String HEIGHT="41"
                          WIDTH="156"
                          VPOS="347"
                          HPOS="884"
                          CONTENT="sensus,"/>
                  <SP HEIGHT="41" WIDTH="14" VPOS="347" HPOS="1040"/>
                  <String HEIGHT="41" WIDTH="71" VPOS="347" HPOS="997" CONTENT="&amp;"/>
                  <SP HEIGHT="41" WIDTH="14" VPOS="347" HPOS="1068"/>
                  <String HEIGHT="41"
                          WIDTH="184"
                          VPOS="347"
                          HPOS="1026"
                          CONTENT="sensibile"/>
                  <SP HEIGHT="41" WIDTH="14" VPOS="347" HPOS="1210"/>
                  <String HEIGHT="41"
                          WIDTH="85"
                          VPOS="347"
                          HPOS="1153"
                          CONTENT="sunt"/>
               </TextLine>
               <TextLine ID="r3l7"
                         BASELINE="427"
                         HEIGHT="40"
                         WIDTH="1036"
                         VPOS="387"
                         HPOS="202">
                  <String HEIGHT="40"
                          WIDTH="118"
                          VPOS="387"
                          HPOS="187"
                          CONTENT="vnum"/>
                  <SP HEIGHT="40" WIDTH="15" VPOS="387" HPOS="306"/>
                  <String HEIGHT="40" WIDTH="89" VPOS="387" HPOS="261" CONTENT="in"/>
                  <SP HEIGHT="40" WIDTH="15" VPOS="387" HPOS="350"/>
                  <String HEIGHT="40"
                          WIDTH="133"
                          VPOS="387"
                          HPOS="306"
                          CONTENT="actu,"/>
                  <SP HEIGHT="40" WIDTH="15" VPOS="387" HPOS="439"/>
                  <String HEIGHT="40" WIDTH="104" VPOS="387" HPOS="394" CONTENT="non"/>
                  <SP HEIGHT="40" WIDTH="15" VPOS="387" HPOS="498"/>
                  <String HEIGHT="40"
                          WIDTH="178"
                          VPOS="387"
                          HPOS="454"
                          CONTENT="diuersa:"/>
                  <SP HEIGHT="40" WIDTH="15" VPOS="387" HPOS="631"/>
                  <String HEIGHT="40"
                          WIDTH="163"
                          VPOS="387"
                          HPOS="587"
                          CONTENT="propter"/>
                  <SP HEIGHT="40" WIDTH="15" VPOS="387" HPOS="750"/>
                  <String HEIGHT="40"
                          WIDTH="118"
                          VPOS="387"
                          HPOS="705"
                          CONTENT="quod"/>
                  <SP HEIGHT="40" WIDTH="15" VPOS="387" HPOS="824"/>
                  <String HEIGHT="40"
                          WIDTH="222"
                          VPOS="387"
                          HPOS="779"
                          CONTENT="contingeret"/>
                  <SP HEIGHT="40" WIDTH="15" VPOS="387" HPOS="1001"/>
                  <String HEIGHT="40" WIDTH="89" VPOS="387" HPOS="957" CONTENT="vt"/>
                  <SP HEIGHT="40" WIDTH="15" VPOS="387" HPOS="1046"/>
                  <String HEIGHT="40"
                          WIDTH="148"
                          VPOS="387"
                          HPOS="1001"
                          CONTENT="illud,"/>
                  <SP HEIGHT="40" WIDTH="15" VPOS="387" HPOS="1149"/>
                  <String HEIGHT="40"
                          WIDTH="118"
                          VPOS="387"
                          HPOS="1105"
                          CONTENT="quod"/>
                  <SP HEIGHT="40" WIDTH="15" VPOS="387" HPOS="1223"/>
                  <String HEIGHT="40"
                          WIDTH="74"
                          VPOS="387"
                          HPOS="1164"
                          CONTENT="iu"
                          SUBS_TYPE="HypPart1"
                          SUBS_CONTENT="iudicaret"/>
                  <HYP CONTENT="-"/>
               </TextLine>
               <TextLine ID="r3l8"
                         BASELINE="466"
                         HEIGHT="46"
                         WIDTH="1036"
                         VPOS="420"
                         HPOS="203">
                  <String HEIGHT="46"
                          WIDTH="161"
                          VPOS="420"
                          HPOS="188"
                          CONTENT="dicaret"
                          SUBS_TYPE="HypPart2"
                          SUBS_CONTENT="iudicaret"/>
                  <SP HEIGHT="46" WIDTH="15" VPOS="420" HPOS="349"/>
                  <String HEIGHT="46"
                          WIDTH="131"
                          VPOS="420"
                          HPOS="305"
                          CONTENT="super"/>
                  <SP HEIGHT="46" WIDTH="15" VPOS="420" HPOS="436"/>
                  <String HEIGHT="46"
                          WIDTH="131"
                          VPOS="420"
                          HPOS="393"
                          CONTENT="ipfum"/>
                  <SP HEIGHT="46" WIDTH="15" VPOS="420" HPOS="524"/>
                  <String HEIGHT="46"
                          WIDTH="161"
                          VPOS="420"
                          HPOS="480"
                          CONTENT="sensum,"/>
                  <SP HEIGHT="46" WIDTH="15" VPOS="420" HPOS="641"/>
                  <String HEIGHT="46"
                          WIDTH="131"
                          VPOS="420"
                          HPOS="597"
                          CONTENT="esset"/>
                  <SP HEIGHT="46" WIDTH="15" VPOS="420" HPOS="728"/>
                  <String HEIGHT="46"
                          WIDTH="131"
                          VPOS="420"
                          HPOS="685"
                          CONTENT="aliud"/>
                  <SP HEIGHT="46" WIDTH="15" VPOS="420" HPOS="816"/>
                  <String HEIGHT="46" WIDTH="88" VPOS="420" HPOS="772" CONTENT="ab"/>
                  <SP HEIGHT="46" WIDTH="15" VPOS="420" HPOS="860"/>
                  <String HEIGHT="46" WIDTH="102" VPOS="420" HPOS="816" CONTENT="eo,"/>
                  <SP HEIGHT="46" WIDTH="15" VPOS="420" HPOS="918"/>
                  <String HEIGHT="46"
                          WIDTH="117"
                          VPOS="420"
                          HPOS="874"
                          CONTENT="quod"/>
                  <SP HEIGHT="46" WIDTH="15" VPOS="420" HPOS="991"/>
                  <String HEIGHT="46"
                          WIDTH="190"
                          VPOS="420"
                          HPOS="947"
                          CONTENT="iudicaret"/>
                  <SP HEIGHT="46" WIDTH="15" VPOS="420" HPOS="1137"/>
                  <String HEIGHT="46"
                          WIDTH="131"
                          VPOS="420"
                          HPOS="1093"
                          CONTENT="super"/>
                  <SP HEIGHT="46" WIDTH="15" VPOS="420" HPOS="1224"/>
                  <String HEIGHT="46"
                          WIDTH="73"
                          VPOS="420"
                          HPOS="1166"
                          CONTENT="ip"
                          SUBS_TYPE="HypPart1"
                          SUBS_CONTENT="ipsum"/>
                  <HYP CONTENT="-"/>
               </TextLine>
               <TextLine ID="r3l9"
                         BASELINE="507"
                         HEIGHT="43"
                         WIDTH="1028"
                         VPOS="464"
                         HPOS="203">
                  <String HEIGHT="43"
                          WIDTH="104"
                          VPOS="464"
                          HPOS="188"
                          CONTENT="sum"
                          SUBS_TYPE="HypPart2"
                          SUBS_CONTENT="ipsum"/>
                  <SP HEIGHT="43" WIDTH="15" VPOS="464" HPOS="292"/>
                  <String HEIGHT="43"
                          WIDTH="209"
                          VPOS="464"
                          HPOS="248"
                          CONTENT="sensibile."/>
                  <SP HEIGHT="43" WIDTH="15" VPOS="464" HPOS="456"/>
                  <String HEIGHT="43" WIDTH="104" VPOS="464" HPOS="412" CONTENT="Et,"/>
                  <SP HEIGHT="43" WIDTH="15" VPOS="464" HPOS="516"/>
                  <String HEIGHT="43" WIDTH="104" VPOS="464" HPOS="471" CONTENT="cum"/>
                  <SP HEIGHT="43" WIDTH="15" VPOS="464" HPOS="575"/>
                  <String HEIGHT="43" WIDTH="104" VPOS="464" HPOS="531" CONTENT="hoc"/>
                  <SP HEIGHT="43" WIDTH="15" VPOS="464" HPOS="635"/>
                  <String HEIGHT="43"
                          WIDTH="149"
                          VPOS="464"
                          HPOS="590"
                          CONTENT="fecit,"/>
                  <SP HEIGHT="43" WIDTH="15" VPOS="464" HPOS="739"/>
                  <String HEIGHT="43"
                          WIDTH="179"
                          VPOS="464"
                          HPOS="695"
                          CONTENT="reuersus"/>
                  <SP HEIGHT="43" WIDTH="15" VPOS="464" HPOS="873"/>
                  <String HEIGHT="43" WIDTH="104" VPOS="464" HPOS="829" CONTENT="est"/>
                  <SP HEIGHT="43" WIDTH="15" VPOS="464" HPOS="933"/>
                  <String HEIGHT="43"
                          WIDTH="149"
                          VPOS="464"
                          HPOS="888"
                          CONTENT="postea"/>
                  <SP HEIGHT="43" WIDTH="15" VPOS="464" HPOS="1037"/>
                  <String HEIGHT="43" WIDTH="89" VPOS="464" HPOS="993" CONTENT="ad"/>
                  <SP HEIGHT="43" WIDTH="15" VPOS="464" HPOS="1082"/>
                  <String HEIGHT="43"
                          WIDTH="134"
                          VPOS="464"
                          HPOS="1037"
                          CONTENT="illam"/>
                  <SP HEIGHT="43" WIDTH="15" VPOS="464" HPOS="1171"/>
                  <String HEIGHT="43"
                          WIDTH="119"
                          VPOS="464"
                          HPOS="1112"
                          CONTENT="eandem"/>
               </TextLine>
               <TextLine ID="r3l10"
                         BASELINE="554"
                         HEIGHT="50"
                         WIDTH="1036"
                         VPOS="504"
                         HPOS="202">
                  <String HEIGHT="50"
                          WIDTH="314"
                          VPOS="504"
                          HPOS="186"
                          CONTENT="perscrutationem,"/>
                  <SP HEIGHT="50" WIDTH="16" VPOS="504" HPOS="500"/>
                  <String HEIGHT="50" WIDTH="78" VPOS="504" HPOS="453" CONTENT="&amp;"/>
                  <SP HEIGHT="50" WIDTH="16" VPOS="504" HPOS="532"/>
                  <String HEIGHT="50" WIDTH="94" VPOS="504" HPOS="485" CONTENT="d."/>
                  <SP HEIGHT="50" WIDTH="16" VPOS="504" HPOS="579"/>
                  <String HEIGHT="50" WIDTH="94" VPOS="504" HPOS="532" CONTENT="Et"/>
                  <SP HEIGHT="50" WIDTH="16" VPOS="504" HPOS="626"/>
                  <String HEIGHT="50"
                          WIDTH="235"
                          VPOS="504"
                          HPOS="579"
                          CONTENT="vnusquisque"/>
                  <SP HEIGHT="50" WIDTH="16" VPOS="504" HPOS="814"/>
                  <String HEIGHT="50"
                          WIDTH="188"
                          VPOS="504"
                          HPOS="767"
                          CONTENT="sensuum,"/>
                  <SP HEIGHT="50" WIDTH="16" VPOS="504" HPOS="955"/>
                  <String HEIGHT="50" WIDTH="110" VPOS="504" HPOS="908" CONTENT="&amp;c."/>
                  <SP HEIGHT="50" WIDTH="16" VPOS="504" HPOS="1018"/>
                  <String HEIGHT="50"
                          WIDTH="141"
                          VPOS="504"
                          HPOS="971"
                          CONTENT="idest"/>
                  <SP HEIGHT="50" WIDTH="16" VPOS="504" HPOS="1112"/>
                  <String HEIGHT="50"
                          WIDTH="188"
                          VPOS="504"
                          HPOS="1050"
                          CONTENT="manifestum"/>
               </TextLine>
               <TextLine ID="r3l11"
                         BASELINE="595"
                         HEIGHT="44"
                         WIDTH="1032"
                         VPOS="551"
                         HPOS="205">
                  <String HEIGHT="44" WIDTH="106" VPOS="551" HPOS="190" CONTENT="est"/>
                  <SP HEIGHT="44" WIDTH="15" VPOS="551" HPOS="296"/>
                  <String HEIGHT="44" WIDTH="106" VPOS="551" HPOS="251" CONTENT="per"/>
                  <SP HEIGHT="44" WIDTH="15" VPOS="551" HPOS="357"/>
                  <String HEIGHT="44" WIDTH="91" VPOS="551" HPOS="311" CONTENT="se"/>
                  <SP HEIGHT="44" WIDTH="15" VPOS="551" HPOS="402"/>
                  <String HEIGHT="44"
                          WIDTH="121"
                          VPOS="551"
                          HPOS="357"
                          CONTENT="quod"/>
                  <SP HEIGHT="44" WIDTH="15" VPOS="551" HPOS="478"/>
                  <String HEIGHT="44"
                          WIDTH="228"
                          VPOS="551"
                          HPOS="433"
                          CONTENT="vnusquisque"/>
                  <SP HEIGHT="44" WIDTH="15" VPOS="551" HPOS="660"/>
                  <String HEIGHT="44"
                          WIDTH="167"
                          VPOS="551"
                          HPOS="615"
                          CONTENT="sensuum"/>
                  <SP HEIGHT="44" WIDTH="15" VPOS="551" HPOS="782"/>
                  <String HEIGHT="44"
                          WIDTH="167"
                          VPOS="551"
                          HPOS="736"
                          CONTENT="iudicat"/>
                  <SP HEIGHT="44" WIDTH="15" VPOS="551" HPOS="903"/>
                  <String HEIGHT="44"
                          WIDTH="121"
                          VPOS="551"
                          HPOS="858"
                          CONTENT="suum"/>
                  <SP HEIGHT="44" WIDTH="15" VPOS="551" HPOS="979"/>
                  <String HEIGHT="44"
                          WIDTH="197"
                          VPOS="551"
                          HPOS="933"
                          CONTENT="subiectum"/>
                  <SP HEIGHT="44" WIDTH="15" VPOS="551" HPOS="1131"/>
                  <String HEIGHT="44"
                          WIDTH="167"
                          VPOS="551"
                          HPOS="1070"
                          CONTENT="proprium,"/>
               </TextLine>
               <TextLine ID="r3l12"
                         BASELINE="634"
                         HEIGHT="48"
                         WIDTH="1040"
                         VPOS="586"
                         HPOS="202">
                  <String HEIGHT="48"
                          WIDTH="108"
                          VPOS="586"
                          HPOS="188"
                          CONTENT="quod"/>
                  <SP HEIGHT="48" WIDTH="14" VPOS="586" HPOS="297"/>
                  <String HEIGHT="48" WIDTH="95" VPOS="586" HPOS="256" CONTENT="est"/>
                  <SP HEIGHT="48" WIDTH="14" VPOS="586" HPOS="351"/>
                  <String HEIGHT="48" WIDTH="95" VPOS="586" HPOS="310" CONTENT="ei,"/>
                  <SP HEIGHT="48" WIDTH="14" VPOS="586" HPOS="405"/>
                  <String HEIGHT="48"
                          WIDTH="162"
                          VPOS="586"
                          HPOS="364"
                          CONTENT="secundum"/>
                  <SP HEIGHT="48" WIDTH="14" VPOS="586" HPOS="526"/>
                  <String HEIGHT="48"
                          WIDTH="108"
                          VPOS="586"
                          HPOS="486"
                          CONTENT="quod"/>
                  <SP HEIGHT="48" WIDTH="14" VPOS="586" HPOS="594"/>
                  <String HEIGHT="48" WIDTH="95" VPOS="586" HPOS="553" CONTENT="est"/>
                  <SP HEIGHT="48" WIDTH="14" VPOS="586" HPOS="648"/>
                  <String HEIGHT="48"
                          WIDTH="122"
                          VPOS="586"
                          HPOS="607"
                          CONTENT="illud"/>
                  <SP HEIGHT="48" WIDTH="14" VPOS="586" HPOS="729"/>
                  <String HEIGHT="48"
                          WIDTH="176"
                          VPOS="586"
                          HPOS="688"
                          CONTENT="sentiens:"/>
                  <SP HEIGHT="48" WIDTH="14" VPOS="586" HPOS="864"/>
                  <String HEIGHT="48" WIDTH="68" VPOS="586" HPOS="823" CONTENT="&amp;"/>
                  <SP HEIGHT="48" WIDTH="14" VPOS="586" HPOS="891"/>
                  <String HEIGHT="48"
                          WIDTH="149"
                          VPOS="586"
                          HPOS="850"
                          CONTENT="iudicat"/>
                  <SP HEIGHT="48" WIDTH="14" VPOS="586" HPOS="999"/>
                  <String HEIGHT="48" WIDTH="95" VPOS="586" HPOS="958" CONTENT="cum"/>
                  <SP HEIGHT="48" WIDTH="14" VPOS="586" HPOS="1053"/>
                  <String HEIGHT="48" WIDTH="95" VPOS="586" HPOS="1012" CONTENT="hoc"/>
                  <SP HEIGHT="48" WIDTH="14" VPOS="586" HPOS="1107"/>
                  <String HEIGHT="48"
                          WIDTH="189"
                          VPOS="586"
                          HPOS="1053"
                          CONTENT="disferentias"/>
               </TextLine>
               <TextLine ID="r3l13"
                         BASELINE="671"
                         HEIGHT="45"
                         WIDTH="1045"
                         VPOS="626"
                         HPOS="194">
                  <String HEIGHT="45"
                          WIDTH="181"
                          VPOS="626"
                          HPOS="180"
                          CONTENT="proprias,"/>
                  <SP HEIGHT="45" WIDTH="14" VPOS="626" HPOS="361"/>
                  <String HEIGHT="45"
                          WIDTH="111"
                          VPOS="626"
                          HPOS="319"
                          CONTENT="quae"/>
                  <SP HEIGHT="45" WIDTH="14" VPOS="626" HPOS="431"/>
                  <String HEIGHT="45"
                          WIDTH="111"
                          VPOS="626"
                          HPOS="389"
                          CONTENT="sunt"/>
                  <SP HEIGHT="45" WIDTH="14" VPOS="626" HPOS="501"/>
                  <String HEIGHT="45" WIDTH="84" VPOS="626" HPOS="459" CONTENT="in"/>
                  <SP HEIGHT="45" WIDTH="14" VPOS="626" HPOS="542"/>
                  <String HEIGHT="45"
                          WIDTH="111"
                          VPOS="626"
                          HPOS="501"
                          CONTENT="illo"/>
                  <SP HEIGHT="45" WIDTH="14" VPOS="626" HPOS="612"/>
                  <String HEIGHT="45"
                          WIDTH="167"
                          VPOS="626"
                          HPOS="570"
                          CONTENT="subiecto"/>
                  <SP HEIGHT="45" WIDTH="14" VPOS="626" HPOS="737"/>
                  <String HEIGHT="45"
                          WIDTH="167"
                          VPOS="626"
                          HPOS="696"
                          CONTENT="proprio."/>
                  <SP HEIGHT="45" WIDTH="14" VPOS="626" HPOS="863"/>
                  <String HEIGHT="45" WIDTH="84" VPOS="626" HPOS="821" CONTENT="v."/>
                  <SP HEIGHT="45" WIDTH="14" VPOS="626" HPOS="905"/>
                  <String HEIGHT="45" WIDTH="84" VPOS="626" HPOS="863" CONTENT="g."/>
                  <SP HEIGHT="45" WIDTH="14" VPOS="626" HPOS="946"/>
                  <String HEIGHT="45"
                          WIDTH="111"
                          VPOS="626"
                          HPOS="905"
                          CONTENT="quia"/>
                  <SP HEIGHT="45" WIDTH="14" VPOS="626" HPOS="1016"/>
                  <String HEIGHT="45"
                          WIDTH="125"
                          VPOS="626"
                          HPOS="974"
                          CONTENT="visus"/>
                  <SP HEIGHT="45" WIDTH="14" VPOS="626" HPOS="1100"/>
                  <String HEIGHT="45"
                          WIDTH="153"
                          VPOS="626"
                          HPOS="1058"
                          CONTENT="iudicat"/>
                  <SP HEIGHT="45" WIDTH="14" VPOS="626" HPOS="1211"/>
                  <String HEIGHT="45"
                          WIDTH="84"
                          VPOS="626"
                          HPOS="1155"
                          CONTENT="colo"/>
               </TextLine>
               <TextLine ID="r3l14"
                         BASELINE="706"
                         HEIGHT="45"
                         WIDTH="1024"
                         VPOS="661"
                         HPOS="205">
                  <String HEIGHT="45" WIDTH="98" VPOS="661" HPOS="193" CONTENT="rem,"/>
                  <SP HEIGHT="45" WIDTH="12" VPOS="661" HPOS="290"/>
                  <String HEIGHT="45" WIDTH="85" VPOS="661" HPOS="254" CONTENT="qui"/>
                  <SP HEIGHT="45" WIDTH="12" VPOS="661" HPOS="339"/>
                  <String HEIGHT="45" WIDTH="85" VPOS="661" HPOS="303" CONTENT="est"/>
                  <SP HEIGHT="45" WIDTH="12" VPOS="661" HPOS="388"/>
                  <String HEIGHT="45"
                          WIDTH="146"
                          VPOS="661"
                          HPOS="351"
                          CONTENT="proprium"/>
                  <SP HEIGHT="45" WIDTH="12" VPOS="661" HPOS="498"/>
                  <String HEIGHT="45"
                          WIDTH="158"
                          VPOS="661"
                          HPOS="461"
                          CONTENT="subiectum"/>
                  <SP HEIGHT="45" WIDTH="12" VPOS="661" HPOS="619"/>
                  <String HEIGHT="45" WIDTH="85" VPOS="661" HPOS="583" CONTENT="ei,"/>
                  <SP HEIGHT="45" WIDTH="12" VPOS="661" HPOS="668"/>
                  <String HEIGHT="45" WIDTH="98" VPOS="661" HPOS="632" CONTENT="quod"/>
                  <SP HEIGHT="45" WIDTH="12" VPOS="661" HPOS="729"/>
                  <String HEIGHT="45" WIDTH="85" VPOS="661" HPOS="693" CONTENT="est"/>
                  <SP HEIGHT="45" WIDTH="12" VPOS="661" HPOS="778"/>
                  <String HEIGHT="45"
                          WIDTH="146"
                          VPOS="661"
                          HPOS="741"
                          CONTENT="secundum"/>
                  <SP HEIGHT="45" WIDTH="12" VPOS="661" HPOS="888"/>
                  <String HEIGHT="45" WIDTH="98" VPOS="661" HPOS="851" CONTENT="quod"/>
                  <SP HEIGHT="45" WIDTH="12" VPOS="661" HPOS="949"/>
                  <String HEIGHT="45" WIDTH="85" VPOS="661" HPOS="912" CONTENT="est"/>
                  <SP HEIGHT="45" WIDTH="12" VPOS="661" HPOS="997"/>
                  <String HEIGHT="45"
                          WIDTH="122"
                          VPOS="661"
                          HPOS="961"
                          CONTENT="visus,"/>
                  <SP HEIGHT="45" WIDTH="12" VPOS="661" HPOS="1083"/>
                  <String HEIGHT="45" WIDTH="61" VPOS="661" HPOS="1046" CONTENT="&amp;"/>
                  <SP HEIGHT="45" WIDTH="12" VPOS="661" HPOS="1107"/>
                  <String HEIGHT="45"
                          WIDTH="134"
                          VPOS="661"
                          HPOS="1071"
                          CONTENT="iudicat"/>
                  <SP HEIGHT="45" WIDTH="12" VPOS="661" HPOS="1205"/>
                  <String HEIGHT="45"
                          WIDTH="73"
                          VPOS="661"
                          HPOS="1156"
                          CONTENT="dif"
                          SUBS_TYPE="HypPart1"
                          SUBS_CONTENT="differentias"/>
                  <HYP CONTENT="-"/>
               </TextLine>
               <TextLine ID="r3l15"
                         BASELINE="740"
                         HEIGHT="40"
                         WIDTH="1033"
                         VPOS="700"
                         HPOS="201">
                  <String HEIGHT="40"
                          WIDTH="189"
                          VPOS="700"
                          HPOS="186"
                          CONTENT="ferentias"
                          SUBS_TYPE="HypPart2"
                          SUBS_CONTENT="differentias"/>
                  <SP HEIGHT="40" WIDTH="15" VPOS="700" HPOS="376"/>
                  <String HEIGHT="40"
                          WIDTH="204"
                          VPOS="700"
                          HPOS="332"
                          CONTENT="contrarias"/>
                  <SP HEIGHT="40" WIDTH="15" VPOS="700" HPOS="536"/>
                  <String HEIGHT="40"
                          WIDTH="204"
                          VPOS="700"
                          HPOS="492"
                          CONTENT="existentes"/>
                  <SP HEIGHT="40" WIDTH="15" VPOS="700" HPOS="696"/>
                  <String HEIGHT="40" WIDTH="87" VPOS="700" HPOS="652" CONTENT="in"/>
                  <SP HEIGHT="40" WIDTH="15" VPOS="700" HPOS="739"/>
                  <String HEIGHT="40" WIDTH="102" VPOS="700" HPOS="696" CONTENT="eo."/>
                  <SP HEIGHT="40" WIDTH="15" VPOS="700" HPOS="798"/>
                  <String HEIGHT="40" WIDTH="87" VPOS="700" HPOS="754" CONTENT="v."/>
                  <SP HEIGHT="40" WIDTH="15" VPOS="700" HPOS="841"/>
                  <String HEIGHT="40" WIDTH="87" VPOS="700" HPOS="798" CONTENT="g."/>
                  <SP HEIGHT="40" WIDTH="15" VPOS="700" HPOS="885"/>
                  <String HEIGHT="40"
                          WIDTH="131"
                          VPOS="700"
                          HPOS="841"
                          CONTENT="album"/>
                  <SP HEIGHT="40" WIDTH="15" VPOS="700" HPOS="972"/>
                  <String HEIGHT="40" WIDTH="73" VPOS="700" HPOS="928" CONTENT="&amp;"/>
                  <SP HEIGHT="40" WIDTH="15" VPOS="700" HPOS="1001"/>
                  <String HEIGHT="40"
                          WIDTH="145"
                          VPOS="700"
                          HPOS="958"
                          CONTENT="nigrum"/>
                  <SP HEIGHT="40" WIDTH="15" VPOS="700" HPOS="1103"/>
                  <String HEIGHT="40" WIDTH="73" VPOS="700" HPOS="1059" CONTENT="&amp;"/>
                  <SP HEIGHT="40" WIDTH="15" VPOS="700" HPOS="1132"/>
                  <String HEIGHT="40"
                          WIDTH="145"
                          VPOS="700"
                          HPOS="1089"
                          CONTENT="media."/>
                  <SP HEIGHT="40" WIDTH="15" VPOS="700" HPOS="1234"/>
                  <String HEIGHT="40" WIDTH="73" VPOS="700" HPOS="1190" CONTENT="&amp;"/>
                  <SP HEIGHT="40" WIDTH="15" VPOS="700" HPOS="1263"/>
                  <String HEIGHT="40" WIDTH="29" VPOS="700" HPOS="1205" CONTENT=""/>
               </TextLine>
               <TextLine ID="r3l16"
                         BASELINE="779"
                         HEIGHT="40"
                         WIDTH="1026"
                         VPOS="739"
                         HPOS="201">
                  <String HEIGHT="40"
                          WIDTH="188"
                          VPOS="739"
                          HPOS="187"
                          CONTENT="similiter"/>
                  <SP HEIGHT="40" WIDTH="14" VPOS="739" HPOS="374"/>
                  <String HEIGHT="40"
                          WIDTH="159"
                          VPOS="739"
                          HPOS="331"
                          CONTENT="auditus"/>
                  <SP HEIGHT="40" WIDTH="14" VPOS="739" HPOS="490"/>
                  <String HEIGHT="40"
                          WIDTH="159"
                          VPOS="739"
                          HPOS="447"
                          CONTENT="iudicat"/>
                  <SP HEIGHT="40" WIDTH="14" VPOS="739" HPOS="606"/>
                  <String HEIGHT="40"
                          WIDTH="145"
                          VPOS="739"
                          HPOS="562"
                          CONTENT="sonum,"/>
                  <SP HEIGHT="40" WIDTH="14" VPOS="739" HPOS="707"/>
                  <String HEIGHT="40" WIDTH="101" VPOS="739" HPOS="663" CONTENT="qui"/>
                  <SP HEIGHT="40" WIDTH="14" VPOS="739" HPOS="765"/>
                  <String HEIGHT="40" WIDTH="101" VPOS="739" HPOS="721" CONTENT="est"/>
                  <SP HEIGHT="40" WIDTH="14" VPOS="739" HPOS="822"/>
                  <String HEIGHT="40"
                          WIDTH="116"
                          VPOS="739"
                          HPOS="779"
                          CONTENT="suum"/>
                  <SP HEIGHT="40" WIDTH="14" VPOS="739" HPOS="895"/>
                  <String HEIGHT="40"
                          WIDTH="202"
                          VPOS="739"
                          HPOS="851"
                          CONTENT="subiectum,"/>
                  <SP HEIGHT="40" WIDTH="14" VPOS="739" HPOS="1054"/>
                  <String HEIGHT="40" WIDTH="72" VPOS="739" HPOS="1010" CONTENT="&amp;"/>
                  <SP HEIGHT="40" WIDTH="14" VPOS="739" HPOS="1082"/>
                  <String HEIGHT="40"
                          WIDTH="130"
                          VPOS="739"
                          HPOS="1039"
                          CONTENT="graue"/>
                  <SP HEIGHT="40" WIDTH="14" VPOS="739" HPOS="1169"/>
                  <String HEIGHT="40" WIDTH="72" VPOS="739" HPOS="1126" CONTENT="&amp;"/>
                  <SP HEIGHT="40" WIDTH="14" VPOS="739" HPOS="1198"/>
                  <String HEIGHT="40"
                          WIDTH="87"
                          VPOS="739"
                          HPOS="1140"
                          CONTENT="seue"/>
               </TextLine>
               <TextLine ID="r3l17"
                         BASELINE="819"
                         HEIGHT="40"
                         WIDTH="531"
                         VPOS="779"
                         HPOS="197">
                  <String HEIGHT="40" WIDTH="72" VPOS="779" HPOS="183" CONTENT="&amp;"/>
                  <SP HEIGHT="40" WIDTH="14" VPOS="779" HPOS="254"/>
                  <String HEIGHT="40"
                          WIDTH="144"
                          VPOS="779"
                          HPOS="211"
                          CONTENT="media,"/>
                  <SP HEIGHT="40" WIDTH="14" VPOS="779" HPOS="355"/>
                  <String HEIGHT="40"
                          WIDTH="115"
                          VPOS="779"
                          HPOS="312"
                          CONTENT="quae"/>
                  <SP HEIGHT="40" WIDTH="14" VPOS="779" HPOS="427"/>
                  <String HEIGHT="40"
                          WIDTH="115"
                          VPOS="779"
                          HPOS="384"
                          CONTENT="sunt"/>
                  <SP HEIGHT="40" WIDTH="14" VPOS="779" HPOS="498"/>
                  <String HEIGHT="40"
                          WIDTH="230"
                          VPOS="779"
                          HPOS="455"
                          CONTENT="differentiae"/>
                  <SP HEIGHT="40" WIDTH="14" VPOS="779" HPOS="685"/>
                  <String HEIGHT="40"
                          WIDTH="100"
                          VPOS="779"
                          HPOS="628"
                          CONTENT="soni."/>
               </TextLine>
               <TextLine ID="r3l18"
                         BASELINE="875"
                         HEIGHT="48"
                         WIDTH="982"
                         VPOS="827"
                         HPOS="252">
                  <String HEIGHT="48"
                          WIDTH="193"
                          VPOS="827"
                          HPOS="234"
                          CONTENT="Quoniam"/>
                  <SP HEIGHT="48" WIDTH="18" VPOS="827" HPOS="427"/>
                  <String HEIGHT="48"
                          WIDTH="158"
                          VPOS="827"
                          HPOS="375"
                          CONTENT="autem"/>
                  <SP HEIGHT="48" WIDTH="18" VPOS="827" HPOS="533"/>
                  <String HEIGHT="48" WIDTH="88" VPOS="827" HPOS="480" CONTENT="&amp;"/>
                  <SP HEIGHT="48" WIDTH="18" VPOS="827" HPOS="568"/>
                  <String HEIGHT="48"
                          WIDTH="158"
                          VPOS="827"
                          HPOS="515"
                          CONTENT="album"/>
                  <SP HEIGHT="48" WIDTH="18" VPOS="827" HPOS="673"/>
                  <String HEIGHT="48" WIDTH="88" VPOS="827" HPOS="620" CONTENT="&amp;"/>
                  <SP HEIGHT="48" WIDTH="18" VPOS="827" HPOS="708"/>
                  <String HEIGHT="48"
                          WIDTH="175"
                          VPOS="827"
                          HPOS="655"
                          CONTENT="dulce,"/>
                  <SP HEIGHT="48" WIDTH="18" VPOS="827" HPOS="831"/>
                  <String HEIGHT="48" WIDTH="88" VPOS="827" HPOS="778" CONTENT="&amp;"/>
                  <SP HEIGHT="48" WIDTH="18" VPOS="827" HPOS="866"/>
                  <String HEIGHT="48"
                          WIDTH="263"
                          VPOS="827"
                          HPOS="813"
                          CONTENT="vnunquodque"/>
                  <SP HEIGHT="48" WIDTH="18" VPOS="827" HPOS="1076"/>
                  <String HEIGHT="48"
                          WIDTH="228"
                          VPOS="827"
                          HPOS="1006"
                          CONTENT="sensibilium"/>
               </TextLine>
               <TextLine ID="r3l19"
                         BASELINE="931"
                         HEIGHT="59"
                         WIDTH="1040"
                         VPOS="872"
                         HPOS="202">
                  <String HEIGHT="59" WIDTH="102" VPOS="872" HPOS="185" CONTENT="ad"/>
                  <SP HEIGHT="59" WIDTH="17" VPOS="872" HPOS="287"/>
                  <String HEIGHT="59"
                          WIDTH="256"
                          VPOS="872"
                          HPOS="236"
                          CONTENT="ununquodque"/>
                  <SP HEIGHT="59" WIDTH="17" VPOS="872" HPOS="492"/>
                  <String HEIGHT="59"
                          WIDTH="256"
                          VPOS="872"
                          HPOS="441"
                          CONTENT="discernimus"/>
                  <SP HEIGHT="59" WIDTH="17" VPOS="872" HPOS="696"/>
                  <String HEIGHT="59"
                          WIDTH="188"
                          VPOS="872"
                          HPOS="645"
                          CONTENT="quodam,"/>
                  <SP HEIGHT="59" WIDTH="17" VPOS="872" HPOS="833"/>
                  <String HEIGHT="59" WIDTH="85" VPOS="872" HPOS="782" CONTENT="&amp;"/>
                  <SP HEIGHT="59" WIDTH="17" VPOS="872" HPOS="867"/>
                  <String HEIGHT="59"
                          WIDTH="205"
                          VPOS="872"
                          HPOS="816"
                          CONTENT="sentimus"/>
                  <SP HEIGHT="59" WIDTH="17" VPOS="872" HPOS="1020"/>
                  <String HEIGHT="59"
                          WIDTH="136"
                          VPOS="872"
                          HPOS="969"
                          CONTENT="quia"/>
                  <SP HEIGHT="59" WIDTH="17" VPOS="872" HPOS="1106"/>
                  <String HEIGHT="59"
                          WIDTH="205"
                          VPOS="872"
                          HPOS="1037"
                          CONTENT="differunt,"/>
               </TextLine>
               <TextLine ID="r3l20"
                         BASELINE="964"
                         HEIGHT="48"
                         WIDTH="672"
                         VPOS="916"
                         HPOS="202">
                  <String HEIGHT="48"
                          WIDTH="157"
                          VPOS="916"
                          HPOS="188"
                          CONTENT="necesse"/>
                  <SP HEIGHT="48" WIDTH="14" VPOS="916" HPOS="345"/>
                  <String HEIGHT="48" WIDTH="100" VPOS="916" HPOS="302" CONTENT="est"/>
                  <SP HEIGHT="48" WIDTH="14" VPOS="916" HPOS="402"/>
                  <String HEIGHT="48"
                          WIDTH="143"
                          VPOS="916"
                          HPOS="359"
                          CONTENT="igitur"/>
                  <SP HEIGHT="48" WIDTH="14" VPOS="916" HPOS="502"/>
                  <String HEIGHT="48"
                          WIDTH="143"
                          VPOS="916"
                          HPOS="459"
                          CONTENT="sensu,"/>
                  <SP HEIGHT="48" WIDTH="14" VPOS="916" HPOS="602"/>
                  <String HEIGHT="48"
                          WIDTH="200"
                          VPOS="916"
                          HPOS="559"
                          CONTENT="sensibilia"/>
                  <SP HEIGHT="48" WIDTH="14" VPOS="916" HPOS="760"/>
                  <String HEIGHT="48"
                          WIDTH="114"
                          VPOS="916"
                          HPOS="717"
                          CONTENT="enim"/>
                  <SP HEIGHT="48" WIDTH="14" VPOS="916" HPOS="831"/>
                  <String HEIGHT="48"
                          WIDTH="100"
                          VPOS="916"
                          HPOS="774"
                          CONTENT="sunt."/>
               </TextLine>
               <TextLine ID="r3l21"
                         BASELINE="1003"
                         HEIGHT="55"
                         WIDTH="996"
                         VPOS="948"
                         HPOS="249">
                  <String HEIGHT="55" WIDTH="125" VPOS="948" HPOS="231" CONTENT="Sed"/>
                  <SP HEIGHT="55" WIDTH="18" VPOS="948" HPOS="356"/>
                  <String HEIGHT="55"
                          WIDTH="142"
                          VPOS="948"
                          HPOS="302"
                          CONTENT="quia"/>
                  <SP HEIGHT="55" WIDTH="18" VPOS="948" HPOS="445"/>
                  <String HEIGHT="55" WIDTH="89" VPOS="948" HPOS="391" CONTENT="&amp;"/>
                  <SP HEIGHT="55" WIDTH="18" VPOS="948" HPOS="480"/>
                  <String HEIGHT="55"
                          WIDTH="178"
                          VPOS="948"
                          HPOS="427"
                          CONTENT="album,"/>
                  <SP HEIGHT="55" WIDTH="18" VPOS="948" HPOS="605"/>
                  <String HEIGHT="55" WIDTH="89" VPOS="948" HPOS="551" CONTENT="&amp;"/>
                  <SP HEIGHT="55" WIDTH="18" VPOS="948" HPOS="640"/>
                  <String HEIGHT="55"
                          WIDTH="178"
                          VPOS="948"
                          HPOS="587"
                          CONTENT="dulce,"/>
                  <SP HEIGHT="55" WIDTH="18" VPOS="948" HPOS="765"/>
                  <String HEIGHT="55" WIDTH="89" VPOS="948" HPOS="711" CONTENT="&amp;"/>
                  <SP HEIGHT="55" WIDTH="18" VPOS="948" HPOS="800"/>
                  <String HEIGHT="55"
                          WIDTH="267"
                          VPOS="948"
                          HPOS="747"
                          CONTENT="unumquodque"/>
                  <SP HEIGHT="55" WIDTH="18" VPOS="948" HPOS="1014"/>
                  <String HEIGHT="55"
                          WIDTH="267"
                          VPOS="948"
                          HPOS="960"
                          CONTENT="sensibilium"/>
                  <SP HEIGHT="55" WIDTH="18" VPOS="948" HPOS="1227"/>
                  <String HEIGHT="55" WIDTH="89" VPOS="948" HPOS="1156" CONTENT="cum"/>
               </TextLine>
               <TextLine ID="r3l22"
                         BASELINE="1068"
                         HEIGHT="49"
                         WIDTH="1040"
                         VPOS="1019"
                         HPOS="199">
                  <String HEIGHT="49"
                          WIDTH="215"
                          VPOS="1019"
                          HPOS="182"
                          CONTENT="unoquoque"/>
                  <SP HEIGHT="49" WIDTH="17" VPOS="1019" HPOS="397"/>
                  <String HEIGHT="49"
                          WIDTH="231"
                          VPOS="1019"
                          HPOS="348"
                          CONTENT="comparatum"/>
                  <SP HEIGHT="49" WIDTH="17" VPOS="1019" HPOS="579"/>
                  <String HEIGHT="49"
                          WIDTH="215"
                          VPOS="1019"
                          HPOS="529"
                          CONTENT="iudicamus"/>
                  <SP HEIGHT="49" WIDTH="17" VPOS="1019" HPOS="744"/>
                  <String HEIGHT="49"
                          WIDTH="182"
                          VPOS="1019"
                          HPOS="694"
                          CONTENT="aliquo,"/>
                  <SP HEIGHT="49" WIDTH="17" VPOS="1019" HPOS="876"/>
                  <String HEIGHT="49" WIDTH="83" VPOS="1019" HPOS="826" CONTENT="&amp;"/>
                  <SP HEIGHT="49" WIDTH="17" VPOS="1019" HPOS="909"/>
                  <String HEIGHT="49"
                          WIDTH="198"
                          VPOS="1019"
                          HPOS="859"
                          CONTENT="differre"/>
                  <SP HEIGHT="49" WIDTH="17" VPOS="1019" HPOS="1057"/>
                  <String HEIGHT="49"
                          WIDTH="215"
                          VPOS="1019"
                          HPOS="1008"
                          CONTENT="sentimus,"/>
                  <SP HEIGHT="49" WIDTH="17" VPOS="1019" HPOS="1222"/>
                  <String HEIGHT="49"
                          WIDTH="83"
                          VPOS="1019"
                          HPOS="1156"
                          CONTENT="ne"
                          SUBS_TYPE="HypPart1"
                          SUBS_CONTENT="netesse"/>
                  <HYP CONTENT="-"/>
               </TextLine>
               <TextLine ID="r3l23"
                         BASELINE="1115"
                         HEIGHT="64"
                         WIDTH="596"
                         VPOS="1051"
                         HPOS="199">
                  <String HEIGHT="64"
                          WIDTH="122"
                          VPOS="1051"
                          HPOS="185"
                          CONTENT="tesse"
                          SUBS_TYPE="HypPart2"
                          SUBS_CONTENT="netesse"/>
                  <SP HEIGHT="64" WIDTH="14" VPOS="1051" HPOS="307"/>
                  <String HEIGHT="64"
                          WIDTH="108"
                          VPOS="1051"
                          HPOS="267"
                          CONTENT="sane"/>
                  <SP HEIGHT="64" WIDTH="14" VPOS="1051" HPOS="375"/>
                  <String HEIGHT="64"
                          WIDTH="108"
                          VPOS="1051"
                          HPOS="334"
                          CONTENT="est,"/>
                  <SP HEIGHT="64" WIDTH="14" VPOS="1051" HPOS="443"/>
                  <String HEIGHT="64"
                          WIDTH="135"
                          VPOS="1051"
                          HPOS="402"
                          CONTENT="sensu:"/>
                  <SP HEIGHT="64" WIDTH="14" VPOS="1051" HPOS="538"/>
                  <String HEIGHT="64"
                          WIDTH="108"
                          VPOS="1051"
                          HPOS="497"
                          CONTENT="sunt"/>
                  <SP HEIGHT="64" WIDTH="14" VPOS="1051" HPOS="605"/>
                  <String HEIGHT="64"
                          WIDTH="108"
                          VPOS="1051"
                          HPOS="565"
                          CONTENT="enim"/>
                  <SP HEIGHT="64" WIDTH="14" VPOS="1051" HPOS="673"/>
                  <String HEIGHT="64"
                          WIDTH="176"
                          VPOS="1051"
                          HPOS="619"
                          CONTENT="sensibilia."/>
               </TextLine>
               <TextLine ID="r3l24"
                         BASELINE="1147"
                         HEIGHT="47"
                         WIDTH="989"
                         VPOS="1100"
                         HPOS="248">
                  <String HEIGHT="47"
                          WIDTH="128"
                          VPOS="1100"
                          HPOS="230"
                          CONTENT="Et,"/>
                  <SP HEIGHT="47" WIDTH="18" VPOS="1100" HPOS="358"/>
                  <String HEIGHT="47"
                          WIDTH="147"
                          VPOS="1100"
                          HPOS="303"
                          CONTENT="quia"/>
                  <SP HEIGHT="47" WIDTH="18" VPOS="1100" HPOS="449"/>
                  <String HEIGHT="47"
                          WIDTH="238"
                          VPOS="1100"
                          HPOS="395"
                          CONTENT="iudicamus"/>
                  <SP HEIGHT="47" WIDTH="18" VPOS="1100" HPOS="633"/>
                  <String HEIGHT="47"
                          WIDTH="165"
                          VPOS="1100"
                          HPOS="578"
                          CONTENT="etiam"/>
                  <SP HEIGHT="47" WIDTH="18" VPOS="1100" HPOS="743"/>
                  <String HEIGHT="47"
                          WIDTH="183"
                          VPOS="1100"
                          HPOS="688"
                          CONTENT="album,"/>
                  <SP HEIGHT="47" WIDTH="18" VPOS="1100" HPOS="871"/>
                  <String HEIGHT="47" WIDTH="92" VPOS="1100" HPOS="816" CONTENT="&amp;"/>
                  <SP HEIGHT="47" WIDTH="18" VPOS="1100" HPOS="907"/>
                  <String HEIGHT="47"
                          WIDTH="183"
                          VPOS="1100"
                          HPOS="852"
                          CONTENT="dulce,"/>
                  <SP HEIGHT="47" WIDTH="18" VPOS="1100" HPOS="1036"/>
                  <String HEIGHT="47" WIDTH="92" VPOS="1100" HPOS="981" CONTENT="&amp;"/>
                  <SP HEIGHT="47" WIDTH="18" VPOS="1100" HPOS="1072"/>
                  <String HEIGHT="47"
                          WIDTH="238"
                          VPOS="1100"
                          HPOS="999"
                          CONTENT="vnumquodque"/>
               </TextLine>
               <TextLine ID="r3l25"
                         BASELINE="1194"
                         HEIGHT="47"
                         WIDTH="1044"
                         VPOS="1147"
                         HPOS="203">
                  <String HEIGHT="47"
                          WIDTH="269"
                          VPOS="1147"
                          HPOS="186"
                          CONTENT="sensibilium,"/>
                  <SP HEIGHT="47" WIDTH="17" VPOS="1147" HPOS="456"/>
                  <String HEIGHT="47"
                          WIDTH="236"
                          VPOS="1147"
                          HPOS="405"
                          CONTENT="comparando"/>
                  <SP HEIGHT="47" WIDTH="17" VPOS="1147" HPOS="641"/>
                  <String HEIGHT="47" WIDTH="101" VPOS="1147" HPOS="590" CONTENT="ea"/>
                  <SP HEIGHT="47" WIDTH="17" VPOS="1147" HPOS="691"/>
                  <String HEIGHT="47"
                          WIDTH="236"
                          VPOS="1147"
                          HPOS="641"
                          CONTENT="adinuicem."/>
                  <SP HEIGHT="47" WIDTH="17" VPOS="1147" HPOS="877"/>
                  <String HEIGHT="47"
                          WIDTH="118"
                          VPOS="1147"
                          HPOS="826"
                          CONTENT="per"/>
                  <SP HEIGHT="47" WIDTH="17" VPOS="1147" HPOS="944"/>
                  <String HEIGHT="47"
                          WIDTH="135"
                          VPOS="1147"
                          HPOS="893"
                          CONTENT="quid"/>
                  <SP HEIGHT="47" WIDTH="17" VPOS="1147" HPOS="1028"/>
                  <String HEIGHT="47"
                          WIDTH="168"
                          VPOS="1147"
                          HPOS="978"
                          CONTENT="igitur"/>
                  <SP HEIGHT="47" WIDTH="17" VPOS="1147" HPOS="1146"/>
                  <String HEIGHT="47"
                          WIDTH="168"
                          VPOS="1147"
                          HPOS="1079"
                          CONTENT="sentimus"/>
               </TextLine>
               <TextLine ID="r3l26"
                         BASELINE="1234"
                         HEIGHT="46"
                         WIDTH="1036"
                         VPOS="1188"
                         HPOS="204">
                  <String HEIGHT="46"
                          WIDTH="122"
                          VPOS="1188"
                          HPOS="189"
                          CONTENT="esse"/>
                  <SP HEIGHT="46" WIDTH="15" VPOS="1188" HPOS="311"/>
                  <String HEIGHT="46"
                          WIDTH="168"
                          VPOS="1188"
                          HPOS="265"
                          CONTENT="diuersa"/>
                  <SP HEIGHT="46" WIDTH="15" VPOS="1188" HPOS="433"/>
                  <String HEIGHT="46" WIDTH="76" VPOS="1188" HPOS="387" CONTENT="e"/>
                  <SP HEIGHT="46" WIDTH="15" VPOS="1188" HPOS="463"/>
                  <String HEIGHT="46"
                          WIDTH="168"
                          VPOS="1188"
                          HPOS="417"
                          CONTENT="necesse"/>
                  <SP HEIGHT="46" WIDTH="15" VPOS="1188" HPOS="585"/>
                  <String HEIGHT="46"
                          WIDTH="107"
                          VPOS="1188"
                          HPOS="539"
                          CONTENT="est"/>
                  <SP HEIGHT="46" WIDTH="15" VPOS="1188" HPOS="646"/>
                  <String HEIGHT="46"
                          WIDTH="152"
                          VPOS="1188"
                          HPOS="600"
                          CONTENT="quidem"/>
                  <SP HEIGHT="46" WIDTH="15" VPOS="1188" HPOS="752"/>
                  <String HEIGHT="46" WIDTH="91" VPOS="1188" HPOS="707" CONTENT="vt"/>
                  <SP HEIGHT="46" WIDTH="15" VPOS="1188" HPOS="798"/>
                  <String HEIGHT="46"
                          WIDTH="137"
                          VPOS="1188"
                          HPOS="752"
                          CONTENT="illud"/>
                  <SP HEIGHT="46" WIDTH="15" VPOS="1188" HPOS="890"/>
                  <String HEIGHT="46"
                          WIDTH="107"
                          VPOS="1188"
                          HPOS="844"
                          CONTENT="sit"/>
                  <SP HEIGHT="46" WIDTH="15" VPOS="1188" HPOS="951"/>
                  <String HEIGHT="46"
                          WIDTH="107"
                          VPOS="1188"
                          HPOS="905"
                          CONTENT="per"/>
                  <SP HEIGHT="46" WIDTH="15" VPOS="1188" HPOS="1011"/>
                  <String HEIGHT="46"
                          WIDTH="168"
                          VPOS="1188"
                          HPOS="966"
                          CONTENT="sensum."/>
                  <SP HEIGHT="46" WIDTH="15" VPOS="1188" HPOS="1133"/>
                  <String HEIGHT="46"
                          WIDTH="122"
                          VPOS="1188"
                          HPOS="1088"
                          CONTENT="sunt"/>
                  <SP HEIGHT="46" WIDTH="15" VPOS="1188" HPOS="1210"/>
                  <String HEIGHT="46"
                          WIDTH="91"
                          VPOS="1188"
                          HPOS="1149"
                          CONTENT="enim"/>
               </TextLine>
               <TextLine ID="r3l27"
                         BASELINE="1275"
                         HEIGHT="47"
                         WIDTH="267"
                         VPOS="1228"
                         HPOS="208">
                  <String HEIGHT="47"
                          WIDTH="141"
                          VPOS="1228"
                          HPOS="192"
                          CONTENT="etiam"/>
                  <SP HEIGHT="47" WIDTH="16" VPOS="1228" HPOS="334"/>
                  <String HEIGHT="47"
                          WIDTH="204"
                          VPOS="1228"
                          HPOS="271"
                          CONTENT="sensibilia."/>
               </TextLine>
               <TextLine ID="r3l28"
                         BASELINE="1323"
                         HEIGHT="40"
                         WIDTH="998"
                         VPOS="1283"
                         HPOS="240">
                  <String HEIGHT="40"
                          WIDTH="100"
                          VPOS="1283"
                          HPOS="226"
                          CONTENT="Et,"/>
                  <SP HEIGHT="40" WIDTH="14" VPOS="1283" HPOS="326"/>
                  <String HEIGHT="40"
                          WIDTH="100"
                          VPOS="1283"
                          HPOS="283"
                          CONTENT="cum"/>
                  <SP HEIGHT="40" WIDTH="14" VPOS="1283" HPOS="383"/>
                  <String HEIGHT="40"
                          WIDTH="143"
                          VPOS="1283"
                          HPOS="340"
                          CONTENT="sensus"/>
                  <SP HEIGHT="40" WIDTH="14" VPOS="1283" HPOS="482"/>
                  <String HEIGHT="40"
                          WIDTH="228"
                          VPOS="1283"
                          HPOS="440"
                          CONTENT="comprehendit"/>
                  <SP HEIGHT="40" WIDTH="14" VPOS="1283" HPOS="668"/>
                  <String HEIGHT="40"
                          WIDTH="228"
                          VPOS="1283"
                          HPOS="625"
                          CONTENT="differentias"/>
                  <SP HEIGHT="40" WIDTH="14" VPOS="1283" HPOS="853"/>
                  <String HEIGHT="40"
                          WIDTH="214"
                          VPOS="1283"
                          HPOS="810"
                          CONTENT="contrarias,"/>
                  <SP HEIGHT="40" WIDTH="14" VPOS="1283" HPOS="1024"/>
                  <String HEIGHT="40"
                          WIDTH="114"
                          VPOS="1283"
                          HPOS="981"
                          CONTENT="quae"/>
                  <SP HEIGHT="40" WIDTH="14" VPOS="1283" HPOS="1095"/>
                  <String HEIGHT="40"
                          WIDTH="114"
                          VPOS="1283"
                          HPOS="1053"
                          CONTENT="sunt"/>
                  <SP HEIGHT="40" WIDTH="14" VPOS="1283" HPOS="1167"/>
                  <String HEIGHT="40" WIDTH="86" VPOS="1283" HPOS="1124" CONTENT="in"/>
                  <SP HEIGHT="40" WIDTH="14" VPOS="1283" HPOS="1209"/>
                  <String HEIGHT="40"
                          WIDTH="86"
                          VPOS="1283"
                          HPOS="1152"
                          CONTENT="sub"
                          SUBS_TYPE="HypPart1"
                          SUBS_CONTENT="subiectis"/>
                  <HYP CONTENT="-"/>
               </TextLine>
               <TextLine ID="r3l29"
                         BASELINE="1370"
                         HEIGHT="45"
                         WIDTH="1026"
                         VPOS="1325"
                         HPOS="208">
                  <String HEIGHT="45"
                          WIDTH="130"
                          VPOS="1325"
                          HPOS="195"
                          CONTENT="iectis"
                          SUBS_TYPE="HypPart2"
                          SUBS_CONTENT="subiectis"/>
                  <SP HEIGHT="45" WIDTH="13" VPOS="1325" HPOS="325"/>
                  <String HEIGHT="45"
                          WIDTH="156"
                          VPOS="1325"
                          HPOS="286"
                          CONTENT="propriis"/>
                  <SP HEIGHT="45" WIDTH="13" VPOS="1325" HPOS="442"/>
                  <String HEIGHT="45"
                          WIDTH="169"
                          VPOS="1325"
                          HPOS="403"
                          CONTENT="vnicuique"/>
                  <SP HEIGHT="45" WIDTH="13" VPOS="1325" HPOS="572"/>
                  <String HEIGHT="45"
                          WIDTH="143"
                          VPOS="1325"
                          HPOS="533"
                          CONTENT="sensui,"/>
                  <SP HEIGHT="45" WIDTH="13" VPOS="1325" HPOS="676"/>
                  <String HEIGHT="45" WIDTH="91" VPOS="1325" HPOS="637" CONTENT="per"/>
                  <SP HEIGHT="45" WIDTH="13" VPOS="1325" HPOS="727"/>
                  <String HEIGHT="45"
                          WIDTH="104"
                          VPOS="1325"
                          HPOS="689"
                          CONTENT="quam"/>
                  <SP HEIGHT="45" WIDTH="13" VPOS="1325" HPOS="792"/>
                  <String HEIGHT="45"
                          WIDTH="130"
                          VPOS="1325"
                          HPOS="753"
                          CONTENT="igitur"/>
                  <SP HEIGHT="45" WIDTH="13" VPOS="1325" HPOS="883"/>
                  <String HEIGHT="45"
                          WIDTH="156"
                          VPOS="1325"
                          HPOS="844"
                          CONTENT="virtutem"/>
                  <SP HEIGHT="45" WIDTH="13" VPOS="1325" HPOS="1000"/>
                  <String HEIGHT="45"
                          WIDTH="169"
                          VPOS="1325"
                          HPOS="961"
                          CONTENT="iudicamus"/>
                  <SP HEIGHT="45" WIDTH="13" VPOS="1325" HPOS="1130"/>
                  <String HEIGHT="45"
                          WIDTH="117"
                          VPOS="1325"
                          HPOS="1091"
                          CONTENT="istas"/>
                  <SP HEIGHT="45" WIDTH="13" VPOS="1325" HPOS="1208"/>
                  <String HEIGHT="45"
                          WIDTH="78"
                          VPOS="1325"
                          HPOS="1156"
                          CONTENT="esse"/>
               </TextLine>
               <TextLine ID="r3l30"
                         BASELINE="1412"
                         HEIGHT="40"
                         WIDTH="1040"
                         VPOS="1372"
                         HPOS="199">
                  <String HEIGHT="40"
                          WIDTH="208"
                          VPOS="1372"
                          HPOS="183"
                          CONTENT="diuersas,"/>
                  <SP HEIGHT="40" WIDTH="16" VPOS="1372" HPOS="391"/>
                  <String HEIGHT="40"
                          WIDTH="112"
                          VPOS="1372"
                          HPOS="343"
                          CONTENT="cum"/>
                  <SP HEIGHT="40" WIDTH="16" VPOS="1372" HPOS="455"/>
                  <String HEIGHT="40"
                          WIDTH="208"
                          VPOS="1372"
                          HPOS="407"
                          CONTENT="fecerimus"/>
                  <SP HEIGHT="40" WIDTH="16" VPOS="1372" HPOS="615"/>
                  <String HEIGHT="40"
                          WIDTH="272"
                          VPOS="1372"
                          HPOS="567"
                          CONTENT="comparationem"/>
                  <SP HEIGHT="40" WIDTH="16" VPOS="1372" HPOS="839"/>
                  <String HEIGHT="40"
                          WIDTH="144"
                          VPOS="1372"
                          HPOS="791"
                          CONTENT="inter"/>
                  <SP HEIGHT="40" WIDTH="16" VPOS="1372" HPOS="935"/>
                  <String HEIGHT="40"
                          WIDTH="112"
                          VPOS="1372"
                          HPOS="887"
                          CONTENT="eas"/>
                  <SP HEIGHT="40" WIDTH="16" VPOS="1372" HPOS="999"/>
                  <String HEIGHT="40"
                          WIDTH="208"
                          VPOS="1372"
                          HPOS="951"
                          CONTENT="adinuicem"/>
                  <SP HEIGHT="40" WIDTH="16" VPOS="1372" HPOS="1159"/>
                  <String HEIGHT="40"
                          WIDTH="144"
                          VPOS="1372"
                          HPOS="1095"
                          CONTENT="Apparet"/>
               </TextLine>
               <TextLine ID="r3l31"
                         BASELINE="1451"
                         HEIGHT="40"
                         WIDTH="1033"
                         VPOS="1411"
                         HPOS="198">
                  <String HEIGHT="40"
                          WIDTH="150"
                          VPOS="1411"
                          HPOS="183"
                          CONTENT="quidem"/>
                  <SP HEIGHT="40" WIDTH="15" VPOS="1411" HPOS="333"/>
                  <String HEIGHT="40"
                          WIDTH="120"
                          VPOS="1411"
                          HPOS="288"
                          CONTENT="quod"/>
                  <SP HEIGHT="40" WIDTH="15" VPOS="1411" HPOS="408"/>
                  <String HEIGHT="40"
                          WIDTH="225"
                          VPOS="1411"
                          HPOS="363"
                          CONTENT="consequitur"/>
                  <SP HEIGHT="40" WIDTH="15" VPOS="1411" HPOS="587"/>
                  <String HEIGHT="40" WIDTH="90" VPOS="1411" HPOS="542" CONTENT="ex"/>
                  <SP HEIGHT="40" WIDTH="15" VPOS="1411" HPOS="632"/>
                  <String HEIGHT="40"
                          WIDTH="105"
                          VPOS="1411"
                          HPOS="587"
                          CONTENT="hoc"/>
                  <SP HEIGHT="40" WIDTH="15" VPOS="1411" HPOS="692"/>
                  <String HEIGHT="40"
                          WIDTH="165"
                          VPOS="1411"
                          HPOS="647"
                          CONTENT="sermone"/>
                  <SP HEIGHT="40" WIDTH="15" VPOS="1411" HPOS="812"/>
                  <String HEIGHT="40"
                          WIDTH="150"
                          VPOS="1411"
                          HPOS="767"
                          CONTENT="illud,"/>
                  <SP HEIGHT="40" WIDTH="15" VPOS="1411" HPOS="917"/>
                  <String HEIGHT="40"
                          WIDTH="120"
                          VPOS="1411"
                          HPOS="872"
                          CONTENT="quod"/>
                  <SP HEIGHT="40" WIDTH="15" VPOS="1411" HPOS="991"/>
                  <String HEIGHT="40" WIDTH="75" VPOS="1411" HPOS="947" CONTENT="a"/>
                  <SP HEIGHT="40" WIDTH="15" VPOS="1411" HPOS="1021"/>
                  <String HEIGHT="40"
                          WIDTH="195"
                          VPOS="1411"
                          HPOS="976"
                          CONTENT="principio"/>
                  <SP HEIGHT="40" WIDTH="15" VPOS="1411" HPOS="1171"/>
                  <String HEIGHT="40"
                          WIDTH="120"
                          VPOS="1411"
                          HPOS="1111"
                          CONTENT="dictum"/>
               </TextLine>
               <TextLine ID="r3l32"
                         BASELINE="1493"
                         HEIGHT="49"
                         WIDTH="1036"
                         VPOS="1444"
                         HPOS="202">
                  <String HEIGHT="49"
                          WIDTH="104"
                          VPOS="1444"
                          HPOS="189"
                          CONTENT="est,"/>
                  <SP HEIGHT="49" WIDTH="13" VPOS="1444" HPOS="293"/>
                  <String HEIGHT="49" WIDTH="65" VPOS="1444" HPOS="254" CONTENT="&amp;"/>
                  <SP HEIGHT="49" WIDTH="13" VPOS="1444" HPOS="319"/>
                  <String HEIGHT="49" WIDTH="91" VPOS="1444" HPOS="280" CONTENT="est"/>
                  <SP HEIGHT="49" WIDTH="13" VPOS="1444" HPOS="370"/>
                  <String HEIGHT="49"
                          WIDTH="104"
                          VPOS="1444"
                          HPOS="332"
                          CONTENT="quod"/>
                  <SP HEIGHT="49" WIDTH="13" VPOS="1444" HPOS="435"/>
                  <String HEIGHT="49"
                          WIDTH="142"
                          VPOS="1444"
                          HPOS="396"
                          CONTENT="virtus,"/>
                  <SP HEIGHT="49" WIDTH="13" VPOS="1444" HPOS="539"/>
                  <String HEIGHT="49" WIDTH="65" VPOS="1444" HPOS="500" CONTENT="v"/>
                  <SP HEIGHT="49" WIDTH="13" VPOS="1444" HPOS="565"/>
                  <String HEIGHT="49" WIDTH="91" VPOS="1444" HPOS="526" CONTENT="qua"/>
                  <SP HEIGHT="49" WIDTH="13" VPOS="1444" HPOS="616"/>
                  <String HEIGHT="49"
                          WIDTH="117"
                          VPOS="1444"
                          HPOS="578"
                          CONTENT="visus"/>
                  <SP HEIGHT="49" WIDTH="13" VPOS="1444" HPOS="694"/>
                  <String HEIGHT="49"
                          WIDTH="142"
                          VPOS="1444"
                          HPOS="655"
                          CONTENT="iudicat"/>
                  <SP HEIGHT="49" WIDTH="13" VPOS="1444" HPOS="798"/>
                  <String HEIGHT="49"
                          WIDTH="117"
                          VPOS="1444"
                          HPOS="759"
                          CONTENT="album"/>
                  <SP HEIGHT="49" WIDTH="13" VPOS="1444" HPOS="875"/>
                  <String HEIGHT="49"
                          WIDTH="104"
                          VPOS="1444"
                          HPOS="837"
                          CONTENT="esse"/>
                  <SP HEIGHT="49" WIDTH="13" VPOS="1444" HPOS="940"/>
                  <String HEIGHT="49"
                          WIDTH="117"
                          VPOS="1444"
                          HPOS="901"
                          CONTENT="aliud"/>
                  <SP HEIGHT="49" WIDTH="13" VPOS="1444" HPOS="1018"/>
                  <String HEIGHT="49" WIDTH="65" VPOS="1444" HPOS="979" CONTENT="a"/>
                  <SP HEIGHT="49" WIDTH="13" VPOS="1444" HPOS="1044"/>
                  <String HEIGHT="49"
                          WIDTH="130"
                          VPOS="1444"
                          HPOS="1005"
                          CONTENT="nigro,"/>
                  <SP HEIGHT="49" WIDTH="13" VPOS="1444" HPOS="1134"/>
                  <String HEIGHT="49"
                          WIDTH="91"
                          VPOS="1444"
                          HPOS="1096"
                          CONTENT="est"/>
                  <SP HEIGHT="49" WIDTH="13" VPOS="1444" HPOS="1186"/>
                  <String HEIGHT="49"
                          WIDTH="104"
                          VPOS="1444"
                          HPOS="1147"
                          CONTENT="alia"/>
                  <SP HEIGHT="49" WIDTH="13" VPOS="1444" HPOS="1251"/>
                  <String HEIGHT="49" WIDTH="39" VPOS="1444" HPOS="1199" CONTENT="a"/>
               </TextLine>
               <TextLine ID="r3l33"
                         BASELINE="1523"
                         HEIGHT="43"
                         WIDTH="1023"
                         VPOS="1480"
                         HPOS="208">
                  <String HEIGHT="43"
                          WIDTH="161"
                          VPOS="1480"
                          HPOS="193"
                          CONTENT="virtute"/>
                  <SP HEIGHT="43" WIDTH="15" VPOS="1480" HPOS="354"/>
                  <String HEIGHT="43"
                          WIDTH="146"
                          VPOS="1480"
                          HPOS="310"
                          CONTENT="visus."/>
                  <SP HEIGHT="43" WIDTH="15" VPOS="1480" HPOS="456"/>
                  <String HEIGHT="43"
                          WIDTH="117"
                          VPOS="1480"
                          HPOS="413"
                          CONTENT="quem"/>
                  <SP HEIGHT="43" WIDTH="15" VPOS="1480" HPOS="530"/>
                  <String HEIGHT="43"
                          WIDTH="161"
                          VPOS="1480"
                          HPOS="486"
                          CONTENT="admodum"/>
                  <SP HEIGHT="43" WIDTH="15" VPOS="1480" HPOS="646"/>
                  <String HEIGHT="43"
                          WIDTH="161"
                          VPOS="1480"
                          HPOS="603"
                          CONTENT="virtus,"/>
                  <SP HEIGHT="43" WIDTH="15" VPOS="1480" HPOS="763"/>
                  <String HEIGHT="43"
                          WIDTH="117"
                          VPOS="1480"
                          HPOS="720"
                          CONTENT="quae"/>
                  <SP HEIGHT="43" WIDTH="15" VPOS="1480" HPOS="836"/>
                  <String HEIGHT="43"
                          WIDTH="161"
                          VPOS="1480"
                          HPOS="793"
                          CONTENT="iudicat"/>
                  <SP HEIGHT="43" WIDTH="15" VPOS="1480" HPOS="953"/>
                  <String HEIGHT="43"
                          WIDTH="132"
                          VPOS="1480"
                          HPOS="909"
                          CONTENT="ipsum"/>
                  <SP HEIGHT="43" WIDTH="15" VPOS="1480" HPOS="1041"/>
                  <String HEIGHT="43"
                          WIDTH="161"
                          VPOS="1480"
                          HPOS="997"
                          CONTENT="videre,"/>
                  <SP HEIGHT="43" WIDTH="15" VPOS="1480" HPOS="1158"/>
                  <String HEIGHT="43"
                          WIDTH="132"
                          VPOS="1480"
                          HPOS="1099"
                          CONTENT="videtur"/>
               </TextLine>
               <TextLine ID="r3l34"
                         BASELINE="1563"
                         HEIGHT="47"
                         WIDTH="961"
                         VPOS="1516"
                         HPOS="198">
                  <String HEIGHT="47"
                          WIDTH="104"
                          VPOS="1516"
                          HPOS="185"
                          CONTENT="alia"/>
                  <SP HEIGHT="47" WIDTH="13" VPOS="1516" HPOS="289"/>
                  <String HEIGHT="47" WIDTH="65" VPOS="1516" HPOS="250" CONTENT="a"/>
                  <SP HEIGHT="47" WIDTH="13" VPOS="1516" HPOS="315"/>
                  <String HEIGHT="47"
                          WIDTH="143"
                          VPOS="1516"
                          HPOS="276"
                          CONTENT="virtute"/>
                  <SP HEIGHT="47" WIDTH="13" VPOS="1516" HPOS="419"/>
                  <String HEIGHT="47"
                          WIDTH="169"
                          VPOS="1516"
                          HPOS="380"
                          CONTENT="visibili."/>
                  <SP HEIGHT="47" WIDTH="13" VPOS="1516" HPOS="549"/>
                  <String HEIGHT="47"
                          WIDTH="195"
                          VPOS="1516"
                          HPOS="510"
                          CONTENT="differentia"/>
                  <SP HEIGHT="47" WIDTH="13" VPOS="1516" HPOS="704"/>
                  <String HEIGHT="47"
                          WIDTH="104"
                          VPOS="1516"
                          HPOS="666"
                          CONTENT="enim"/>
                  <SP HEIGHT="47" WIDTH="13" VPOS="1516" HPOS="769"/>
                  <String HEIGHT="47"
                          WIDTH="117"
                          VPOS="1516"
                          HPOS="730"
                          CONTENT="inter"/>
                  <SP HEIGHT="47" WIDTH="13" VPOS="1516" HPOS="847"/>
                  <String HEIGHT="47"
                          WIDTH="182"
                          VPOS="1516"
                          HPOS="808"
                          CONTENT="sensibilia"/>
                  <SP HEIGHT="47" WIDTH="13" VPOS="1516" HPOS="990"/>
                  <String HEIGHT="47" WIDTH="91" VPOS="1516" HPOS="951" CONTENT="est"/>
                  <SP HEIGHT="47" WIDTH="13" VPOS="1516" HPOS="1042"/>
                  <String HEIGHT="47"
                          WIDTH="169"
                          VPOS="1516"
                          HPOS="990"
                          CONTENT="sensibilis."/>
               </TextLine>
               <TextLine ID="r3l35"
                         BASELINE="1619"
                         HEIGHT="48"
                         WIDTH="992"
                         VPOS="1571"
                         HPOS="245">
                  <String HEIGHT="48"
                          WIDTH="151"
                          VPOS="1571"
                          HPOS="228"
                          CONTENT="Quare"/>
                  <SP HEIGHT="48" WIDTH="17" VPOS="1571" HPOS="380"/>
                  <String HEIGHT="48" WIDTH="84" VPOS="1571" HPOS="329" CONTENT="&amp;"/>
                  <SP HEIGHT="48" WIDTH="17" VPOS="1571" HPOS="413"/>
                  <String HEIGHT="48"
                          WIDTH="235"
                          VPOS="1571"
                          HPOS="363"
                          CONTENT="manifestum"/>
                  <SP HEIGHT="48" WIDTH="17" VPOS="1571" HPOS="598"/>
                  <String HEIGHT="48"
                          WIDTH="185"
                          VPOS="1571"
                          HPOS="548"
                          CONTENT="quoniam"/>
                  <SP HEIGHT="48" WIDTH="17" VPOS="1571" HPOS="733"/>
                  <String HEIGHT="48"
                          WIDTH="135"
                          VPOS="1571"
                          HPOS="682"
                          CONTENT="caro"/>
                  <SP HEIGHT="48" WIDTH="17" VPOS="1571" HPOS="817"/>
                  <String HEIGHT="48"
                          WIDTH="118"
                          VPOS="1571"
                          HPOS="766"
                          CONTENT="non"/>
                  <SP HEIGHT="48" WIDTH="17" VPOS="1571" HPOS="884"/>
                  <String HEIGHT="48"
                          WIDTH="118"
                          VPOS="1571"
                          HPOS="833"
                          CONTENT="est"/>
                  <SP HEIGHT="48" WIDTH="17" VPOS="1571" HPOS="951"/>
                  <String HEIGHT="48"
                          WIDTH="185"
                          VPOS="1571"
                          HPOS="901"
                          CONTENT="ultimum"/>
                  <SP HEIGHT="48" WIDTH="17" VPOS="1571" HPOS="1086"/>
                  <String HEIGHT="48"
                          WIDTH="219"
                          VPOS="1571"
                          HPOS="1018"
                          CONTENT="sensitiuum:"/>
               </TextLine>
               <TextLine ID="r3l36"
                         BASELINE="1667"
                         HEIGHT="39"
                         WIDTH="1032"
                         VPOS="1628"
                         HPOS="207">
                  <String HEIGHT="39"
                          WIDTH="186"
                          VPOS="1628"
                          HPOS="190"
                          CONTENT="necesse"/>
                  <SP HEIGHT="39" WIDTH="17" VPOS="1628" HPOS="376"/>
                  <String HEIGHT="39"
                          WIDTH="135"
                          VPOS="1628"
                          HPOS="325"
                          CONTENT="enim"/>
                  <SP HEIGHT="39" WIDTH="17" VPOS="1628" HPOS="461"/>
                  <String HEIGHT="39"
                          WIDTH="152"
                          VPOS="1628"
                          HPOS="410"
                          CONTENT="esset"/>
                  <SP HEIGHT="39" WIDTH="17" VPOS="1628" HPOS="562"/>
                  <String HEIGHT="39"
                          WIDTH="186"
                          VPOS="1628"
                          HPOS="512"
                          CONTENT="tangens"/>
                  <SP HEIGHT="39" WIDTH="17" VPOS="1628" HPOS="698"/>
                  <String HEIGHT="39"
                          WIDTH="152"
                          VPOS="1628"
                          HPOS="647"
                          CONTENT="ipsum"/>
                  <SP HEIGHT="39" WIDTH="17" VPOS="1628" HPOS="799"/>
                  <String HEIGHT="39"
                          WIDTH="237"
                          VPOS="1628"
                          HPOS="748"
                          CONTENT="discernens"/>
                  <SP HEIGHT="39" WIDTH="17" VPOS="1628" HPOS="985"/>
                  <String HEIGHT="39"
                          WIDTH="254"
                          VPOS="1628"
                          HPOS="934"
                          CONTENT="discernere."/>
                  <SP HEIGHT="39" WIDTH="17" VPOS="1628" HPOS="1188"/>
                  <String HEIGHT="39"
                          WIDTH="118"
                          VPOS="1628"
                          HPOS="1121"
                          CONTENT="Neque"/>
               </TextLine>
               <TextLine ID="r3l37"
                         BASELINE="1702"
                         HEIGHT="46"
                         WIDTH="1024"
                         VPOS="1656"
                         HPOS="211">
                  <String HEIGHT="46"
                          WIDTH="148"
                          VPOS="1656"
                          HPOS="196"
                          CONTENT="utique"/>
                  <SP HEIGHT="46" WIDTH="15" VPOS="1656" HPOS="345"/>
                  <String HEIGHT="46"
                          WIDTH="193"
                          VPOS="1656"
                          HPOS="300"
                          CONTENT="separatis"/>
                  <SP HEIGHT="46" WIDTH="15" VPOS="1656" HPOS="493"/>
                  <String HEIGHT="46"
                          WIDTH="193"
                          VPOS="1656"
                          HPOS="448"
                          CONTENT="contingit"/>
                  <SP HEIGHT="46" WIDTH="15" VPOS="1656" HPOS="641"/>
                  <String HEIGHT="46"
                          WIDTH="208"
                          VPOS="1656"
                          HPOS="597"
                          CONTENT="discernere"/>
                  <SP HEIGHT="46" WIDTH="15" VPOS="1656" HPOS="805"/>
                  <String HEIGHT="46"
                          WIDTH="119"
                          VPOS="1656"
                          HPOS="760"
                          CONTENT="quod"/>
                  <SP HEIGHT="46" WIDTH="15" VPOS="1656" HPOS="879"/>
                  <String HEIGHT="46"
                          WIDTH="163"
                          VPOS="1656"
                          HPOS="834"
                          CONTENT="alterum"/>
                  <SP HEIGHT="46" WIDTH="15" VPOS="1656" HPOS="998"/>
                  <String HEIGHT="46"
                          WIDTH="104"
                          VPOS="1656"
                          HPOS="953"
                          CONTENT="sit"/>
                  <SP HEIGHT="46" WIDTH="15" VPOS="1656" HPOS="1057"/>
                  <String HEIGHT="46"
                          WIDTH="134"
                          VPOS="1656"
                          HPOS="1012"
                          CONTENT="dulce"/>
                  <SP HEIGHT="46" WIDTH="15" VPOS="1656" HPOS="1146"/>
                  <String HEIGHT="46" WIDTH="89" VPOS="1656" HPOS="1101" CONTENT="ab"/>
                  <SP HEIGHT="46" WIDTH="15" VPOS="1656" HPOS="1190"/>
                  <String HEIGHT="46"
                          WIDTH="104"
                          VPOS="1656"
                          HPOS="1131"
                          CONTENT="albo."/>
               </TextLine>
               <TextLine ID="r3l38"
                         BASELINE="1747"
                         HEIGHT="49"
                         WIDTH="1031"
                         VPOS="1698"
                         HPOS="205">
                  <String HEIGHT="49"
                          WIDTH="113"
                          VPOS="1698"
                          HPOS="189"
                          CONTENT="sed"/>
                  <SP HEIGHT="49" WIDTH="16" VPOS="1698" HPOS="302"/>
                  <String HEIGHT="49"
                          WIDTH="177"
                          VPOS="1698"
                          HPOS="253"
                          CONTENT="oportet"/>
                  <SP HEIGHT="49" WIDTH="16" VPOS="1698" HPOS="431"/>
                  <String HEIGHT="49"
                          WIDTH="113"
                          VPOS="1698"
                          HPOS="382"
                          CONTENT="uno"/>
                  <SP HEIGHT="49" WIDTH="16" VPOS="1698" HPOS="495"/>
                  <String HEIGHT="49"
                          WIDTH="161"
                          VPOS="1698"
                          HPOS="447"
                          CONTENT="quodam"/>
                  <SP HEIGHT="49" WIDTH="16" VPOS="1698" HPOS="608"/>
                  <String HEIGHT="49"
                          WIDTH="177"
                          VPOS="1698"
                          HPOS="559"
                          CONTENT="utraque"/>
                  <SP HEIGHT="49" WIDTH="16" VPOS="1698" HPOS="737"/>
                  <String HEIGHT="49"
                          WIDTH="209"
                          VPOS="1698"
                          HPOS="688"
                          CONTENT="manifesta"/>
                  <SP HEIGHT="49" WIDTH="16" VPOS="1698" HPOS="898"/>
                  <String HEIGHT="49"
                          WIDTH="145"
                          VPOS="1698"
                          HPOS="849"
                          CONTENT="esse:"/>
                  <SP HEIGHT="49" WIDTH="16" VPOS="1698" HPOS="994"/>
                  <String HEIGHT="49"
                          WIDTH="113"
                          VPOS="1698"
                          HPOS="946"
                          CONTENT="sic"/>
                  <SP HEIGHT="49" WIDTH="16" VPOS="1698" HPOS="1059"/>
                  <String HEIGHT="49"
                          WIDTH="129"
                          VPOS="1698"
                          HPOS="1010"
                          CONTENT="enim"/>
                  <SP HEIGHT="49" WIDTH="16" VPOS="1698" HPOS="1139"/>
                  <String HEIGHT="49" WIDTH="81" VPOS="1698" HPOS="1091" CONTENT="&amp;"/>
                  <SP HEIGHT="49" WIDTH="16" VPOS="1698" HPOS="1172"/>
                  <String HEIGHT="49" WIDTH="97" VPOS="1698" HPOS="1123" CONTENT="si"/>
                  <SP HEIGHT="49" WIDTH="16" VPOS="1698" HPOS="1220"/>
                  <String HEIGHT="49"
                          WIDTH="81"
                          VPOS="1698"
                          HPOS="1155"
                          CONTENT="hoc"/>
               </TextLine>
               <TextLine ID="r3l39"
                         BASELINE="1792"
                         HEIGHT="48"
                         WIDTH="1030"
                         VPOS="1744"
                         HPOS="204">
                  <String HEIGHT="48"
                          WIDTH="161"
                          VPOS="1744"
                          HPOS="188"
                          CONTENT="quidem"/>
                  <SP HEIGHT="48" WIDTH="16" VPOS="1744" HPOS="349"/>
                  <String HEIGHT="48"
                          WIDTH="129"
                          VPOS="1744"
                          HPOS="301"
                          CONTENT="ego,"/>
                  <SP HEIGHT="48" WIDTH="16" VPOS="1744" HPOS="429"/>
                  <String HEIGHT="48"
                          WIDTH="145"
                          VPOS="1744"
                          HPOS="381"
                          CONTENT="illud"/>
                  <SP HEIGHT="48" WIDTH="16" VPOS="1744" HPOS="526"/>
                  <String HEIGHT="48"
                          WIDTH="129"
                          VPOS="1744"
                          HPOS="478"
                          CONTENT="uero"/>
                  <SP HEIGHT="48" WIDTH="16" VPOS="1744" HPOS="606"/>
                  <String HEIGHT="48" WIDTH="97" VPOS="1744" HPOS="558" CONTENT="tu"/>
                  <SP HEIGHT="48" WIDTH="16" VPOS="1744" HPOS="655"/>
                  <String HEIGHT="48"
                          WIDTH="177"
                          VPOS="1744"
                          HPOS="606"
                          CONTENT="sentis,"/>
                  <SP HEIGHT="48" WIDTH="16" VPOS="1744" HPOS="783"/>
                  <String HEIGHT="48"
                          WIDTH="225"
                          VPOS="1744"
                          HPOS="735"
                          CONTENT="manifestum"/>
                  <SP HEIGHT="48" WIDTH="16" VPOS="1744" HPOS="960"/>
                  <String HEIGHT="48"
                          WIDTH="161"
                          VPOS="1744"
                          HPOS="912"
                          CONTENT="utique"/>
                  <SP HEIGHT="48" WIDTH="16" VPOS="1744" HPOS="1073"/>
                  <String HEIGHT="48"
                          WIDTH="129"
                          VPOS="1744"
                          HPOS="1025"
                          CONTENT="erit"/>
                  <SP HEIGHT="48" WIDTH="16" VPOS="1744" HPOS="1154"/>
                  <String HEIGHT="48"
                          WIDTH="145"
                          VPOS="1744"
                          HPOS="1089"
                          CONTENT="quoniam"/>
               </TextLine>
               <TextLine ID="r3l40"
                         BASELINE="1827"
                         HEIGHT="43"
                         WIDTH="1038"
                         VPOS="1784"
                         HPOS="200">
                  <String HEIGHT="43"
                          WIDTH="170"
                          VPOS="1784"
                          HPOS="183"
                          CONTENT="altera"/>
                  <SP HEIGHT="43" WIDTH="17" VPOS="1784" HPOS="353"/>
                  <String HEIGHT="43" WIDTH="102" VPOS="1784" HPOS="302" CONTENT="ad"/>
                  <SP HEIGHT="43" WIDTH="17" VPOS="1784" HPOS="404"/>
                  <String HEIGHT="43"
                          WIDTH="187"
                          VPOS="1784"
                          HPOS="353"
                          CONTENT="inuicem"/>
                  <SP HEIGHT="43" WIDTH="17" VPOS="1784" HPOS="540"/>
                  <String HEIGHT="43"
                          WIDTH="153"
                          VPOS="1784"
                          HPOS="489"
                          CONTENT="sunt."/>
                  <SP HEIGHT="43" WIDTH="17" VPOS="1784" HPOS="642"/>
                  <String HEIGHT="43"
                          WIDTH="187"
                          VPOS="1784"
                          HPOS="591"
                          CONTENT="Oportet"/>
                  <SP HEIGHT="43" WIDTH="17" VPOS="1784" HPOS="779"/>
                  <String HEIGHT="43"
                          WIDTH="153"
                          VPOS="1784"
                          HPOS="728"
                          CONTENT="autem"/>
                  <SP HEIGHT="43" WIDTH="17" VPOS="1784" HPOS="881"/>
                  <String HEIGHT="43"
                          WIDTH="136"
                          VPOS="1784"
                          HPOS="830"
                          CONTENT="vnum"/>
                  <SP HEIGHT="43" WIDTH="17" VPOS="1784" HPOS="966"/>
                  <String HEIGHT="43"
                          WIDTH="170"
                          VPOS="1784"
                          HPOS="915"
                          CONTENT="dicere"/>
                  <SP HEIGHT="43" WIDTH="17" VPOS="1784" HPOS="1085"/>
                  <String HEIGHT="43"
                          WIDTH="187"
                          VPOS="1784"
                          HPOS="1034"
                          CONTENT="quoniam"/>
                  <SP HEIGHT="43" WIDTH="17" VPOS="1784" HPOS="1221"/>
                  <String HEIGHT="43"
                          WIDTH="85"
                          VPOS="1784"
                          HPOS="1153"
                          CONTENT="al"
                          SUBS_TYPE="HypPart1"
                          SUBS_CONTENT="alterum."/>
                  <HYP CONTENT="-"/>
               </TextLine>
               <TextLine ID="r3l41"
                         BASELINE="1876"
                         HEIGHT="47"
                         WIDTH="1037"
                         VPOS="1829"
                         HPOS="204">
                  <String HEIGHT="47"
                          WIDTH="155"
                          VPOS="1829"
                          HPOS="189"
                          CONTENT="terum."
                          SUBS_TYPE="HypPart2"
                          SUBS_CONTENT="alterum."/>
                  <SP HEIGHT="47" WIDTH="15" VPOS="1829" HPOS="343"/>
                  <String HEIGHT="47"
                          WIDTH="170"
                          VPOS="1829"
                          HPOS="297"
                          CONTENT="alterum"/>
                  <SP HEIGHT="47" WIDTH="15" VPOS="1829" HPOS="467"/>
                  <String HEIGHT="47"
                          WIDTH="124"
                          VPOS="1829"
                          HPOS="421"
                          CONTENT="enim"/>
                  <SP HEIGHT="47" WIDTH="15" VPOS="1829" HPOS="545"/>
                  <String HEIGHT="47"
                          WIDTH="139"
                          VPOS="1829"
                          HPOS="498"
                          CONTENT="dulce"/>
                  <SP HEIGHT="47" WIDTH="15" VPOS="1829" HPOS="637"/>
                  <String HEIGHT="47" WIDTH="93" VPOS="1829" HPOS="591" CONTENT="ab"/>
                  <SP HEIGHT="47" WIDTH="15" VPOS="1829" HPOS="684"/>
                  <String HEIGHT="47"
                          WIDTH="139"
                          VPOS="1829"
                          HPOS="637"
                          CONTENT="albo:"/>
                  <SP HEIGHT="47" WIDTH="15" VPOS="1829" HPOS="777"/>
                  <String HEIGHT="47"
                          WIDTH="139"
                          VPOS="1829"
                          HPOS="730"
                          CONTENT="dicit"/>
                  <SP HEIGHT="47" WIDTH="15" VPOS="1829" HPOS="870"/>
                  <String HEIGHT="47"
                          WIDTH="124"
                          VPOS="1829"
                          HPOS="823"
                          CONTENT="ergo"/>
                  <SP HEIGHT="47" WIDTH="15" VPOS="1829" HPOS="947"/>
                  <String HEIGHT="47"
                          WIDTH="139"
                          VPOS="1829"
                          HPOS="900"
                          CONTENT="idem:"/>
                  <SP HEIGHT="47" WIDTH="15" VPOS="1829" HPOS="1040"/>
                  <String HEIGHT="47"
                          WIDTH="139"
                          VPOS="1829"
                          HPOS="993"
                          CONTENT="quare"/>
                  <SP HEIGHT="47" WIDTH="15" VPOS="1829" HPOS="1133"/>
                  <String HEIGHT="47"
                          WIDTH="139"
                          VPOS="1829"
                          HPOS="1086"
                          CONTENT="sicut"/>
                  <SP HEIGHT="47" WIDTH="15" VPOS="1829" HPOS="1226"/>
                  <String HEIGHT="47"
                          WIDTH="77"
                          VPOS="1829"
                          HPOS="1164"
                          CONTENT="di"
                          SUBS_TYPE="HypPart1"
                          SUBS_CONTENT="dicit:"/>
                  <HYP CONTENT="-"/>
               </TextLine>
               <TextLine ID="r3l42"
                         BASELINE="1915"
                         HEIGHT="47"
                         WIDTH="1033"
                         VPOS="1868"
                         HPOS="200">
                  <String HEIGHT="47"
                          WIDTH="122"
                          VPOS="1868"
                          HPOS="185"
                          CONTENT="cit:"
                          SUBS_TYPE="HypPart2"
                          SUBS_CONTENT="dicit:"/>
                  <SP HEIGHT="47" WIDTH="15" VPOS="1868" HPOS="306"/>
                  <String HEIGHT="47"
                          WIDTH="106"
                          VPOS="1868"
                          HPOS="261"
                          CONTENT="ita"/>
                  <SP HEIGHT="47" WIDTH="15" VPOS="1868" HPOS="367"/>
                  <String HEIGHT="47" WIDTH="76" VPOS="1868" HPOS="322" CONTENT="&amp;"/>
                  <SP HEIGHT="47" WIDTH="15" VPOS="1868" HPOS="397"/>
                  <String HEIGHT="47"
                          WIDTH="213"
                          VPOS="1868"
                          HPOS="352"
                          CONTENT="intelligit"/>
                  <SP HEIGHT="47" WIDTH="15" VPOS="1868" HPOS="565"/>
                  <String HEIGHT="47" WIDTH="76" VPOS="1868" HPOS="519" CONTENT="&amp;"/>
                  <SP HEIGHT="47" WIDTH="15" VPOS="1868" HPOS="595"/>
                  <String HEIGHT="47"
                          WIDTH="167"
                          VPOS="1868"
                          HPOS="549"
                          CONTENT="sentit."/>
                  <SP HEIGHT="47" WIDTH="15" VPOS="1868" HPOS="717"/>
                  <String HEIGHT="47"
                          WIDTH="122"
                          VPOS="1868"
                          HPOS="671"
                          CONTENT="Quod"/>
                  <SP HEIGHT="47" WIDTH="15" VPOS="1868" HPOS="792"/>
                  <String HEIGHT="47"
                          WIDTH="152"
                          VPOS="1868"
                          HPOS="747"
                          CONTENT="quidem"/>
                  <SP HEIGHT="47" WIDTH="15" VPOS="1868" HPOS="899"/>
                  <String HEIGHT="47"
                          WIDTH="152"
                          VPOS="1868"
                          HPOS="853"
                          CONTENT="igitur"/>
                  <SP HEIGHT="47" WIDTH="15" VPOS="1868" HPOS="1005"/>
                  <String HEIGHT="47"
                          WIDTH="106"
                          VPOS="1868"
                          HPOS="960"
                          CONTENT="non"/>
                  <SP HEIGHT="47" WIDTH="15" VPOS="1868" HPOS="1066"/>
                  <String HEIGHT="47"
                          WIDTH="197"
                          VPOS="1868"
                          HPOS="1020"
                          CONTENT="possibile"/>
                  <SP HEIGHT="47" WIDTH="15" VPOS="1868" HPOS="1218"/>
                  <String HEIGHT="47" WIDTH="76" VPOS="1868" HPOS="1157" CONTENT="fe"/>
               </TextLine>
            </TextBlock>
         </PrintSpace>
      </Page>
   </Layout>
</alto>
