1416 2066
209 190 272 53 Principalitas
433 190 160 53 igitur
545 190 96 53 in
593 190 112 53 hoc
657 190 128 53 motu
737 190 112 53 non
800 190 112 53 est
864 190 256 53 cognitionis,
1072 190 144 53 neque
1152 190 112 53 etiam

224 237 226 43 desyderii.
402 237 194 43 eremitae
547 237 129 43 enim
628 237 242 43 desyderant,
822 237 81 43 &
854 237 275 43 concupiscunt,
1080 237 113 43 sed
1145 237 113 43 non
1193 237 65 43 a-

219 282 137 53 gunt
305 282 120 53 ea,
373 282 103 53 ad
425 282 137 53 quae
511 282 206 53 mouentur
665 282 120 53 per
734 282 258 53 desyderium,
940 282 137 53 quia
1009 282 258 53 consequuntur,

215 319 250 44 intellectum.
418 319 172 44 Apparet
543 319 156 44 igitur
652 319 125 44 quod
730 319 156 44 illud,
840 319 125 44 quod
918 319 140 44 facit
1011 319 156 44 motum,
1121 319 109 44 est
1167 319 94 44 haec

226 362 110 42 duo,
295 362 193 42 desyderium
447 362 166 42 scilicet
571 362 69 42 &
599 362 221 42 intellectus,
778 362 69 42 &
806 362 83 42 si
847 362 152 42 aliquis
957 362 166 42 posuerit
1082 362 110 42 quod
1137 362 124 42 imagina

223 408 108 43 tio
284 408 108 43 est
346 408 170 43 similis
470 408 216 43 desyderio.
640 408 93 43 in
686 408 185 43 pluribus
825 408 124 43 enim
903 408 139 43 rebus
995 408 232 43 confequimur
1165 408 93 43 ima-

223 444 217 54 ginationem
393 444 124 54 sine
471 444 233 54 cognitione.
657 444 124 54 alia
734 444 124 54 enim
812 444 202 54 aniimalia
967 444 109 54 non
1029 444 155 54 habent
1122 444 140 54 existi-

224 491 206 47 mationem,
382 491 142 47 neque
477 491 253 47 cognitionem,
683 491 111 47 sed
747 491 285 47 imaginationem.
984 491 127 47 Haec
1063 491 158 47 igitur
1158 491 95 47 duo,

217 533 108 46 cli
278 533 232 46 desyderium,
464 533 77 46 &
495 533 247 46 intellectus,
696 533 124 46 sunt
773 533 185 46 mouentia
912 533 93 46 de
958 533 124 46 loco
1035 533 93 46 in
1066 533 124 46 locum.

267 595 115 55 Quid
339 595 144 55 igitur
440 595 187 55 dominatur
584 595 86 55 in
627 595 115 55 isto
699 595 130 55 motu,
785 595 72 55 &
814 595 231 55 appropriatur
1002 595 86 55 ei
1045 595 101 55 non
1102 595 101 55 est
1146 595 115 55 cogni-

213 635 108 40 tio,
280 635 94 40 cum
334 635 189 40 multotiens
482 635 162 40 moueamur
604 635 67 40 a
631 635 189 40 desyderio,
779 635 121 40 licet
860 635 175 40 intelluns
995 635 135 40 videat
1089 635 94 40 nos
1143 635 94 40 non
1184 635 67 40 de-

223 668 105 47 bere
288 668 144 47 moueri.
393 668 118 47 Neque
472 668 118 47 etiam
550 668 105 47 quod
616 668 157 47 dmunatur
734 668 79 47 in
773 668 105 47 isto
839 668 105 47 motu
904 668 92 47 est
957 668 197 47 desyderium:
1114 668 105 47 quia
1166 668 92 47 multi

228 707 145 48 homines
334 707 198 48 desyderant,
492 707 93 48 sed
545 707 93 48 non
598 707 212 48 prosequuntur
770 707 198 48 desyderium,
928 707 93 48 sed
981 707 212 48 intellectum.
1153 707 93 48 Et,
1193 707 66 48 cum

226 748 180 46 declarauit
367 748 103 46 quod
431 748 115 46 motus
508 748 154 46 localis,
624 748 192 46 impossibile
778 748 90 46 est
829 748 154 46 attrihui
944 748 128 46 alteri
1034 748 141 46 istarum
1124 748 128 46 virtutum

227 788 227 41 singulariter,
413 788 67 41 &
440 788 147 41 apparet
547 788 120 41 etiam
627 788 107 41 quod
694 788 147 41 vtraque
800 788 147 41 illarum
907 788 120 41 habet
987 788 173 41 introitum
1121 788 80 41 in
1147 788 107 41 mouen-

225 828 93 44 do:
278 828 119 44 motus
357 828 106 44 enim
424 828 93 44 non
477 828 93 44 fit
530 828 106 44 sine
596 828 186 44 desyderio,
742 828 119 44 neque
822 828 106 44 sine
888 828 199 44 intellectu,
1048 828 93 44 aut
1087 828 173 44 imaginatio-

219 874 92 46 ne.
272 874 79 46 d.
311 874 79 46 d.
351 874 158 46 Apparet,
469 874 92 46 &c.
522 874 79 46 i.
562 874 224 46 apparetigitur
747 874 79 46 ex
786 874 106 46 hoc,
852 874 106 46 quod
918 874 158 46 diximus,
1037 874 106 46 quod
1103 874 119 46 agens
1169 874 92 46 motum

222 915 92 43 est
275 915 105 43 duo,
340 915 211 43 intellectus,
512 915 158 43 scilicet
630 915 66 43 &
656 915 198 43 desyderium,
814 915 92 43 aut
867 915 198 43 imaginatio,
1025 915 105 43 quae
1091 915 92 43 est
1144 915 119 43 simit
1209 915 53 43 is

221 945 209 50 desyderio.
385 945 89 50 In
430 945 179 50 pluribus
564 945 119 50 enim
638 945 134 50 rebus
728 945 164 50 mouemur
847 945 89 50 ab
892 945 238 50 imaginatione
1085 945 119 50 sine
1145 945 119 50 aliqua

228 983 229 45 cogitatione,
414 983 129 45 sicut
500 983 172 45 animalia
629 983 186 45 mouentur.
773 983 115 45 alia
844 983 115 45 enim
916 983 172 45 animalia
1045 983 100 45 non
1102 983 143 45 habent
1188 983 72 45 co-

224 1029 214 47 gitationem,
395 1029 100 47 sed
452 1029 86 47 in
495 1029 114 47 loco
566 1029 228 47 cogitationis
751 1029 143 47 habent
851 1029 257 47 imaginationem.
1065 1029 128 47 Istae
1136 1029 128 47 igitur,

223 1059 110 48 duae
292 1059 166 48 virtutes
417 1059 110 48 sunt
486 1059 166 48 mouentes
610 1059 83 48 de
651 1059 110 48 loco
720 1059 83 48 in
762 1059 138 48 locum,
858 1059 166 48 scilicet
983 1059 207 48 desyderium,
1149 1059 97 48 aut
1190 1059 69 48 in-

225 1099 192 57 tellectus,
376 1099 96 57 aut
417 1099 178 57 imaginatio.

257 1155 240 47 Intellectus
449 1155 144 47 autem
545 1155 112 47 qui
609 1155 176 47 propter
737 1155 176 47 aliquid
864 1155 272 47 ratiocinatur,
1088 1155 80 47 &
1120 1155 112 47 qui
1168 1155 96 47 pra-

224 1197 132 46 cticus
316 1197 106 46 est:
382 1197 145 46 differt
488 1197 119 46 autem
567 1197 66 46 a
594 1197 211 46 speculatiuo,
765 1197 119 46 fine.
844 1197 66 46 &
871 1197 172 46 appetitus
1003 1197 119 46 prper
1082 1197 145 46 aliquid
1175 1197 92 46 omnis

227 1247 115 43 est.
299 1247 130 43 cuius
385 1247 115 43 enim
458 1247 202 43 appetitus,
616 1247 101 43 hoc
674 1247 202 43 principium
833 1247 173 43 practici
963 1247 231 43 intellectus.
1136 1247 130 43 vltimum

228 1291 133 41 autem
317 1291 208 41 principium
480 1291 178 41 actionis
614 1291 119 41 est.
688 1291 133 41 quare
777 1291 267 41 rationabiliter
999 1291 119 41 haec
1073 1291 104 41 duo
1118 1291 148 41 vivnsdir

209 1322 210 49 mouentia,
371 1322 210 49 appetitus
532 1322 81 49 &
565 1322 275 49 intelligentia
791 1322 210 49 practica.
953 1322 226 49 Appetibile
1131 1322 129 49 enim
1195 1322 65 49 mo

228 1371 131 47 uet:
309 1371 82 47 &
342 1371 180 47 propter
473 1371 114 47 hoc
538 1371 278 47 intelligentia
767 1371 163 47 mouet:
881 1371 131 47 quia
963 1371 229 47 principium
1126 1371 131 47 huius-

223 1412 138 56 modi
309 1412 138 56 quod
378 1412 224 56 appetibile.

266 1452 211 55 Intellectus
435 1452 211 55 sinquam,qui
604 1452 169 55 alicuius
730 1452 141 55 gratia
829 1452 239 55 ratiocinatur,
1026 1452 84 55 et
1068 1452 169 55 actiuus:
1181 1452 84 55 dif-

223 1499 120 64 fert
298 1499 135 64 autem
388 1499 75 64 a
419 1499 256 64 contemplatiuo
629 1499 135 64 sine.
719 1499 196 64 Appetitus
870 1499 135 64 etiam
960 1499 150 64 omnis,
1065 1499 181 64 alicuius
1186 1499 75 64 est

219 1556 153 55 gratia:
330 1556 125 55 cuius
414 1556 111 55 enim
483 1556 97 55 est
539 1556 194 55 appetitus,
691 1556 83 55 id
733 1556 194 55 principium
886 1556 97 55 est
941 1556 139 55 actiui
1039 1556 222 55 intellectus:
1205 1556 56 55 at

222 1612 127 47 quod
301 1612 174 47 ultimum
428 1612 127 47 est,
507 1612 222 47 principium
681 1612 111 47 est
745 1612 206 47 actionis.
903 1612 206 47 Quamobrem
1061 1612 174 47 nterito
1172 1612 95 47 haec

219 1644 109 47 duo
281 1644 186 47 uidentur
420 1644 124 47 esse
498 1644 93 47 ea
544 1644 124 47 quae
622 1644 186 47 moueant,
761 1644 202 47 appetitus
916 1644 78 47 &
947 1644 171 47 dianoea
1071 1644 171 47 actiua,
1180 1644 78 47 nam

222 1708 217 48 appetibile
392 1708 155 48 mouet,
500 1708 77 48 &
531 1708 201 48 propterea
686 1708 170 48 dianoea
809 1708 155 48 mouet:
918 1708 124 48 quia
995 1708 217 48 principium
1165 1708 93 48 e.
1196 1708 62 48 us

222 1739 103 63 est
266 1739 191 63 appetibile.

260 1788 87 46 Et
304 1788 219 46 intellectus
479 1788 219 46 operatiuus,
654 1788 73 46 &
683 1788 102 46 est
742 1788 175 46 cogitans
873 1788 87 46 in
917 1788 102 46 re,
975 1788 160 46 differt
1092 1788 73 46 a
1106 1788 146 46 suecuia,

224 1836 124 39 tiuo
302 1836 93 39 in
349 1836 249 39 perfectione.
551 1836 93 39 Et
598 1836 124 39 omne
676 1836 218 39 desyderium
847 1836 109 39 est
909 1836 218 39 desyderium
1080 1836 93 39 ad
1111 1836 156 39 aliquid.

228 1875 193 48 desyderium
380 1875 110 48 enim
449 1875 96 48 non
504 1875 96 48 est
559 1875 193 48 principium
710 1875 207 48 intellectus
875 1875 220 48 speculatiui,
1054 1875 96 48 sed
1110 1875 110 48 ille
1165 1875 96 48 alius
