1416 2066
166 212 137 48 erit
252 212 103 48 in
303 212 206 48 potentia
458 212 172 48 quoquo
578 212 154 48 modo,
681 212 120 48 sed
749 212 120 48 non
818 212 154 48 eodem
921 212 154 48 modo,
1024 212 120 48 quo
1093 212 137 48 ante
1161 212 69 48 es

164 252 99 47 rat
221 252 170 47 antequam
348 252 156 47 sciuit,
462 252 99 47 aut
519 252 170 47 inuenit.
646 252 85 47 Et
689 252 114 47 ipse
760 252 114 47 tunc
831 252 142 47 potest
930 252 213 47 intelligere
1100 252 99 47 per
1143 252 71 47 se.

205 308 90 46 Et
250 308 105 46 cum
310 308 90 46 in
355 308 90 46 eo
400 308 150 46 fuerit
505 308 225 46 vnunquodque
685 308 255 46 intellectorum
894 308 120 46 tali
969 308 135 46 modo,
1059 308 135 46 sicut
1134 308 90 46 dici

173 348 93 47 tur
226 348 80 47 in
266 348 147 47 sciente
373 348 107 47 quod
439 348 93 47 est
492 348 133 47 sciens
586 348 80 47 in
626 348 120 47 actu,
706 348 120 47 idest
786 348 133 47 quando
879 348 187 47 intellecta
1025 348 147 47 fuerint
1132 348 80 47 in
1159 348 53 47 eo

177 388 124 46 entia
260 388 82 46 in
301 388 124 46 actu.
383 388 69 46 &
411 388 96 46 hoc
466 388 179 46 continget
603 388 220 46 intellectui,
782 388 137 46 quando
878 388 151 46 poterit
988 388 206 46 intelligere
1152 388 96 46 per

170 429 94 46 se,
223 429 94 46 non
277 429 135 46 quando
372 429 215 46 intellexerit
547 429 94 46 per
600 429 135 46 aliud.
695 429 81 46 Et
735 429 108 46 hoc,
803 429 108 46 quod
870 429 135 46 dixit.
964 429 94 46 est
1018 429 202 46 differentia
1166 429 54 46 in

177 468 102 46 ter
236 468 175 46 virtutes
367 468 161 46 agentes
484 468 204 46 propinquas
645 468 73 46 &
674 468 175 46 remotas.
805 468 204 46 Propinquae
966 468 117 46 enim
1039 468 131 46 actui
1112 468 102 46 sunt,

174 515 118 40 quae
248 515 132 40 agunt
336 515 103 40 per
395 515 103 40 se:
454 515 74 40 &
483 515 103 40 non
542 515 177 40 indigent
675 515 206 40 extrahente
836 515 103 40 eas
895 515 88 40 de
939 515 177 40 potentia
1072 515 88 40 in
1101 515 118 40 actum:

176 547 150 36 remotae
285 547 122 36 autem
367 547 177 36 indigent.
503 547 68 36 &
530 547 109 36 ideo
598 547 122 36 dixit
680 547 122 36 quod,
761 547 95 36 cum
816 547 204 36 intellectus
979 547 136 36 fuerit
1074 547 82 36 in
1115 547 95 36 hac
1156 547 68 36 di-

168 584 216 49 spositione,
340 584 115 49 tunc
412 584 115 49 erit
484 584 173 49 potentia
613 584 144 49 quoquo
714 584 129 49 modo,
800 584 129 49 idest
886 584 115 49 tunc
958 584 158 49 dicetur
1073 584 86 49 de
1116 584 86 49 eo
1145 584 72 49 hoc

168 624 129 42 nomen
254 624 172 42 potentia
383 624 101 42 non
441 624 129 42 vere,
527 624 101 42 sed
584 624 215 42 modosimili.
756 624 144 42 Deinde
857 624 144 42 dicit.
958 624 86 42 Et
1001 624 115 42 ipse
1072 624 115 42 tunc
1130 624 86 42 pote

168 667 90 47 rit
219 667 192 47 intelligere
373 667 90 47 per
424 667 90 47 se.
475 667 115 47 idest
552 667 77 47 &,
590 667 90 47 cum
641 667 192 47 intellectus
795 667 128 47 fuerit
884 667 77 47 in
923 667 90 47 hac
974 667 217 47 dispositione,
1140 667 77 47 tunc

168 703 199 45 intelliget
324 703 100 45 se,
381 703 171 45 secundum
509 703 114 45 quod
581 703 114 45 ipse
652 703 100 45 non
709 703 100 45 est
766 703 128 45 aliud
851 703 114 45 nisi
922 703 142 45 formae
1022 703 142 45 rerum,
1107 703 114 45 inquan

171 742 97 39 tum
226 742 166 39 extrabit
351 742 97 39 eas
406 742 69 39 a
433 742 166 39 materia.
558 742 124 39 quasi
640 742 138 39 igitur
737 742 83 39 se
778 742 193 39 intelligit
930 742 110 39 ipse
999 742 110 39 modo
1054 742 166 39 accidenta-

177 781 83 47 li,
225 781 71 47 vt
260 781 107 47 dicit
331 781 130 47 Alexan.
426 781 71 47 i.
461 781 142 47 secundum
568 781 95 47 quod
627 781 130 47 accidit
722 781 178 47 intellectis
864 781 107 47 rerum
935 781 95 47 quod
994 781 130 47 fuerint
1089 781 107 47 ipse,
1148 781 59 47 i.-

175 820 152 47 essentia
290 820 114 47 eius.
366 820 76 47 Et
404 820 89 47 hoc
455 820 89 47 est
505 820 178 47 econtrario
645 820 203 47 dispositioni
810 820 152 47 informis
924 820 190 47 abstractis.
1076 820 114 47 illae
1140 820 76 47 enim

179 862 93 46 tum
232 862 200 46 intellectus
392 862 120 46 earum
472 862 93 46 non
525 862 93 46 est
578 862 120 46 aliud
658 862 80 46 ab
698 862 93 46 eis
751 862 80 46 in
791 862 200 46 intentione,
951 862 93 46 per
1004 862 106 46 quam
1071 862 106 46 sunt
1124 862 93 46 intel

177 900 109 39 lecta
250 900 121 39 istius
335 900 194 39 intellectus,
493 900 97 39 ideo
553 900 182 39 intelligunt
699 900 73 39 se
735 900 219 39 essentialiter,
917 900 61 39 &
942 900 85 39 non
990 900 231 39 accidentaliter.
1185 900 61 39 &

173 939 96 49 hoc
228 939 192 49 perfectius
379 939 179 49 inuenitur
517 939 82 49 in
558 939 124 49 primo
641 939 234 49 intelligente,
833 939 110 49 quod
902 939 124 49 nihil
984 939 192 49 intelligit
1122 939 96 49 extra

169 976 109 42 se.
232 976 94 42 Et
279 976 188 42 possumus
420 976 188 42 exponere
560 976 141 42 istum
654 976 156 42 locum,
764 976 188 42 secundum
904 976 125 42 quod
982 976 219 42 Alfarabius
1139 976 78 42 di-

167 1014 90 45 cit
218 1014 77 45 in
257 1014 90 45 suo
308 1014 154 45 tractatu
424 1014 77 45 de
462 1014 192 45 intellectu,
616 1014 64 45 &
642 1014 192 45 intellecto.
796 1014 64 45 &
821 1014 90 45 est
873 1014 115 45 quod,
950 1014 90 45 cum
1001 1014 192 45 intellectus
1142 1014 77 45 fue-

173 1057 94 42 rit
226 1057 81 42 in
267 1057 121 42 actu,
347 1057 107 42 erit
414 1057 107 42 unum
481 1057 148 42 entium,
589 1057 67 42 &
616 1057 148 42 poterit
723 1057 201 42 intelligere
884 1057 148 42 seipsum
992 1057 94 42 per
1032 1057 188 42 intentionem,

179 1093 113 51 quam
249 1093 183 51 abstrabet
390 1093 70 51 a
418 1093 98 51 se,
474 1093 169 51 secundum
601 1093 113 51 quod
671 1093 183 51 abstrabit
812 1093 211 51 intentiones
981 1093 141 51 rerum,
1079 1093 113 51 quae
1136 1093 84 51 sunt

171 1132 129 47 extra
257 1132 158 47 animam.
372 1132 72 47 &
400 1132 100 47 sic
458 1132 215 47 intellectum
630 1132 158 47 habebit
745 1132 215 47 intellecta.
917 1132 72 47 &
945 1132 100 47 nos
988 1132 230 47 perscrutabimur

177 1172 81 55 de
217 1172 107 55 hoc,
284 1172 121 55 vtrum
364 1172 94 55 sit
418 1172 188 55 possibile,
566 1172 94 55 aut
619 1172 107 55 non.

200 1252 84 47 Quo
248 1252 108 47 pacto
320 1252 180 47 intellectus
464 1252 168 47 potestatis
596 1252 180 47 materialia,
741 1252 72 47 ac
777 1252 108 47 eorum
849 1252 132 47 formas,
945 1252 156 47 similiter
1065 1252 60 47 &
1089 1252 84 47 ea,
1137 1252 96 47 quae

301 1296 93 51 sunt
359 1296 70 51 in
394 1296 186 51 abstractione
545 1296 174 51 intelligat.
685 1296 81 51 Quo
731 1296 105 51 etiam
801 1296 105 51 pacto
870 1296 174 51 intelligat,
1010 1296 70 51 si
1033 1296 58 51 est

421 1331 212 56 umpassibilis.
595 1331 137 56 Quomodo
695 1331 75 56 se
733 1331 112 56 ipsum
808 1331 187 56 intelligit.
945 1331 50 56 Et

541 1372 90 56 cor
593 1372 90 56 non
644 1372 129 56 semper
722 1372 168 56 intelligat.

609 1411 166 56 Cap.
692 1411 83 56 1.

306 1499 175 48 Voniam
429 1499 158 48 autem
535 1499 158 48 aliud
640 1499 123 48 est
710 1499 228 48 magnitudo
886 1499 88 48 &
921 1499 281 48 magnitudinis
1131 1499 88 48 es-

294 1550 112 41 se,
358 1550 80 41 &
390 1550 128 41 aqua
471 1550 80 41 &
503 1550 144 41 aquae
599 1550 144 41 esse:
695 1550 80 41 &
727 1550 112 41 sic
792 1550 96 41 in
840 1550 161 41 multis
952 1550 161 41 aliis.
1064 1550 112 41 non
1113 1550 112 41 autem

275 1587 98 57 ue
324 1587 98 57 in
373 1587 197 57 omnibus.
520 1587 98 57 in
570 1587 213 57 quibusdam
733 1587 131 57 enim
815 1587 131 57 idem
897 1587 115 57 est
963 1587 131 57 esse
1045 1587 180 57 carnis,
1176 1587 82 57 &

172 1635 162 41 carnem,
290 1635 103 41 aut
349 1635 118 41 ergo
423 1635 133 41 alio,
511 1635 103 41 aut
570 1635 147 41 aliter
673 1635 162 41 habente
791 1635 206 41 discernit.
953 1635 118 41 Caro
1027 1635 118 41 enim
1100 1635 103 41 non
1144 1635 74 41 si-

165 1672 98 50 ne
214 1672 197 50 materia,
361 1672 115 50 sed
427 1672 147 50 sicut
525 1672 164 50 simum,
640 1672 115 50 hoc
705 1672 98 50 in
738 1672 98 50 hoc.

206 1740 121 55 Cum
275 1740 155 55 autem
378 1740 155 55 aliud
482 1740 121 55 sit
551 1740 242 55 magnitudo,
741 1740 86 55 &
775 1740 259 55 magnitudini
982 1740 155 55 esse:
1086 1740 86 55 &
1103 1740 121 55 aqua,

167 1787 71 49 &
195 1787 128 49 aquae
281 1787 128 49 esse:
366 1787 71 49 &
395 1787 100 49 sic
452 1787 85 49 in
494 1787 142 49 multis
594 1787 128 49 alus,
680 1787 100 49 sed
737 1787 100 49 non
794 1787 85 49 in
836 1787 171 49 omnibus:
965 1787 85 49 in
1007 1787 185 49 nonnullis
1136 1787 85 49 enim

170 1836 120 46 udem
245 1836 105 46 est
305 1836 135 46 carni
395 1836 120 46 esse
470 1836 75 46 &
500 1836 165 46 carnem:
620 1836 105 46 aut
680 1836 135 46 alio,
769 1836 105 46 aut
829 1836 150 46 aliter
934 1836 90 46 se
979 1836 165 46 habente
1084 1836 135 46 iudicat

166 1883 229 47 untellectus.
352 1883 114 47 caro
423 1883 114 47 enim
495 1883 100 47 non
552 1883 100 47 est
609 1883 114 47 sine
681 1883 172 47 materia:
809 1883 100 47 sed
866 1883 129 47 sicut
952 1883 143 47 simum,
1052 1883 100 47 hoc
1110 1883 86 47 in
1138 1883 86 47 hoc.
