1416 2066
171 179 214 55 augmentum
335 179 181 55 accidit
467 179 99 55 in
516 179 198 55 plantis.
665 179 99 55 in
714 179 115 55 hoc
780 179 165 55 autem,
895 179 132 55 quod
978 179 247 55 ramificatur
1159 179 82 55 per

182 227 175 41 radices
309 227 206 41 inferius,
468 227 111 41 fit
531 227 111 41 per
595 227 143 41 motum
690 227 159 41 ipsius
801 227 159 41 terrae
912 227 238 41 naturaliter
1102 227 95 41 ad
1134 227 111 41 istam

182 268 182 55 partem:
315 268 83 55 &
348 268 116 55 hoc
414 268 165 55 posuit
530 268 182 55 causam.
662 268 99 55 in
712 268 116 55 hoc
778 268 149 55 vero,
877 268 132 55 quod
960 268 248 55 ramificatur
1142 268 99 55 supe

187 312 133 42 rius,
276 312 119 42 fit,
350 312 119 42 quia
424 312 133 42 ignis
513 312 163 42 mouetur
632 312 193 42 similiter
780 312 89 42 ad
824 312 193 42 superius:
972 312 74 42 &
1002 312 104 42 hoc
1061 312 148 42 posuit
1150 312 89 42 cau-

190 353 124 42 sam.
268 353 109 42 Hoc
330 353 156 42 etiam,
439 353 109 42 quo
502 353 124 42 vsus
579 353 124 42 fuit
657 353 93 42 in
704 353 109 42 suo
766 353 171 42 sermone
891 353 93 42 de
937 353 218 42 superiori,
1109 353 78 42 &
1124 353 109 42 infe-

177 387 155 56 riori,
285 387 108 56 non
347 387 139 56 recte
440 387 124 56 fuit
517 387 170 56 dictum.
641 387 186 56 superius
780 387 124 56 enim
857 387 77 56 &
888 387 186 56 inferius
1027 387 108 56 non
1089 387 124 56 sunt
1151 387 93 56 idem

189 435 192 46 omnibus
328 435 175 46 rebus,
450 435 87 46 &
485 435 105 46 in
538 435 157 46 omni.
642 435 140 46 sed,
730 435 262 46 quemadmodum
939 435 157 46 caput
1044 435 122 46 est
1096 435 140 46 anima-

181 482 154 41 libus,
289 482 108 41 ita
350 482 170 41 radices
474 482 185 41 plantis:
613 482 108 41 cum
675 482 108 41 per
737 482 185 41 actiones
876 482 170 41 debemus
999 482 154 41 dicere
1107 482 93 41 in
1154 482 108 41 in¬

183 524 225 46 strumentis
359 524 160 46 eorum,
472 524 128 46 quae
552 524 128 46 sunt
632 524 273 46 conuenientia,
857 524 112 46 aut
905 524 160 46 diuersa,

228 580 95 41 Cum
283 580 190 41 declaraui:
432 580 108 41 quod
499 580 122 41 motus
581 580 163 41 augmenti
703 580 95 41 non
757 580 95 41 est
811 580 81 41 ex
852 580 190 41 principio,
1001 580 108 41 quod
1068 580 95 41 est
1109 580 122 41 elntum.

187 619 160 40 incoepit
307 619 173 40 declarare
440 619 107 40 quod
507 619 187 40 Empedocles
653 619 160 40 errauit,
773 619 93 40 cum
827 619 187 40 opinabatur
973 619 107 40 quod
1040 619 93 40 hoc
1080 619 160 40 principium

187 659 92 39 est
239 659 79 39 ex
279 659 184 39 elementis,
423 659 66 39 &
449 659 105 39 quod
515 659 170 39 augmentum
646 659 79 39 in
685 659 144 39 plantis
790 659 79 39 ad
829 659 157 39 inferius
947 659 92 39 est
1000 659 118 39 prper
1079 659 131 39 partem
1157 659 79 39 gra-

193 700 78 39 uem
238 700 134 39 scilicet
338 700 123 39 terram,
428 700 56 39 &
450 700 112 39 aquam:
529 700 56 39 &
551 700 134 39 superius
652 700 134 39 propter.
753 700 90 39 leue
809 700 134 39 scilicet
909 700 112 39 aerem,
988 700 56 39 &
1010 700 112 39 ignem.
1088 700 78 39 Et.
1133 700 67 39 d.
1156 700 78 39 Empe-

175 740 130 47 docles
266 740 130 47 autem,
357 740 91 47 &c.
409 740 78 47 i.
449 740 182 47 Empedocles
592 740 117 47 autem
670 740 91 47 non
722 740 104 47 bene
787 740 208 47 existimabat,
956 740 91 47 cum
1009 740 182 47 opinabatur
1152 740 104 47 quod

189 780 93 38 hoc
242 780 186 38 principium
388 780 93 38 non
441 780 93 38 est
494 780 133 38 anima:
587 780 66 38 &
614 780 106 38 quod
680 780 106 38 hoc,
747 780 106 38 quod
813 780 146 38 accidit
919 780 80 38 de
959 780 159 38 augmento
1079 780 80 38 in
1105 780 120 38 plantis

189 817 96 42 est
244 817 96 42 per
299 817 150 42 naturam
408 817 219 42 elementorum.
586 817 123 42 illud
668 817 150 42 igitur,
777 817 109 42 quod
846 817 150 42 augetur
955 817 178 42 inferius,
1092 817 96 42 est
1146 817 96 42 per
1187 817 55 42 na

189 854 209 44 turanterrae:
359 854 65 44 &
385 854 92 44 hoc
438 854 131 44 posuit
529 854 131 44 causam
621 854 118 44 eius.
699 854 79 44 i.
739 854 65 44 &
765 854 131 44 posuit
856 854 131 44 causam
948 854 118 44 motus
1027 854 131 44 istius
1118 854 79 44 ad
1144 854 92 44 infe-

184 896 109 42 rius
252 896 150 42 naturam
361 896 150 42 orauem:
470 896 68 42 &
498 896 136 42 causam
593 896 82 42 in
634 896 163 42 augmento
756 896 150 42 ramorum
865 896 82 42 ad
906 896 163 42 superius
1029 896 150 42 naturam
1124 896 109 42 leuem,

183 934 151 44 cilicet
293 934 151 44 igneam.
403 934 193 44 D.incoepit
555 934 151 44 narrare
665 934 110 44 quid
733 934 179 44 contingit
871 934 110 44 huic
940 934 151 44 sermoni
1050 934 83 44 de
1091 934 151 44 errore,
1201 934 69 44 &

196 973 82 46 d.
237 973 95 46 Hoc
292 973 136 46 etiam,
387 973 95 46 quo
442 973 109 46 vsus
510 973 109 46 fuit
578 973 82 46 in
619 973 150 46 sermone
728 973 95 46 suo
783 973 82 46 de
824 973 191 46 superiori,
974 973 95 46 &c.
1028 973 82 46 i.
1069 973 68 46 &
1097 973 109 46 iste
1151 973 82 46 ser-

186 1013 99 40 mo,
243 1013 114 40 quem
314 1013 156 40 induxit
427 1013 85 40 in
470 1013 128 40 dando
555 1013 142 40 causam
655 1013 142 40 istius
754 1013 128 40 motus
839 1013 199 40 contrarij,
996 1013 99 40 qui
1052 1013 185 40 inuenitur
1180 1013 57 40 in

186 1052 238 40 augmentabili,
382 1052 98 40 non
438 1052 98 40 est
495 1052 140 40 verus.
593 1052 98 40 Hoc
649 1052 112 40 enim
719 1052 112 40 quod
789 1052 238 40 existimabatur
986 1052 112 40 quod
1056 1052 168 40 superius
1182 1052 84 40 in

193 1091 141 53 plantis
296 1091 90 53 est
347 1091 154 53 superius
462 1091 77 53 in
501 1091 128 53 mundo,
590 1091 64 53 &
616 1091 154 53 inferius
731 1091 167 53 inferius,
859 1091 90 53 non
911 1091 90 53 est
962 1091 128 53 verum:
1052 1091 141 53 quoniam
1141 1091 90 53 ueque

182 1130 81 41 in
223 1130 122 41 parte
305 1130 204 41 conueniunt,
467 1130 122 41 neque
549 1130 81 41 in
590 1130 149 41 natura,
698 1130 122 41 neque
780 1130 81 41 in
820 1130 176 41 potentia.
956 1130 81 41 In
997 1130 122 41 parte
1078 1130 136 41 autem:
1160 1130 81 41 quia

190 1168 120 39 licet
269 1168 93 39 hoc
323 1168 186 39 concedamus
469 1168 80 39 in
508 1168 159 39 plantis,
628 1168 120 39 tamen
708 1168 80 39 in
748 1168 159 39 pluribus
867 1168 186 39 animalibus
1013 1168 93 39 non
1066 1168 159 39 possumus
1173 1168 66 39 il-

190 1209 98 42 lud
246 1209 197 42 concedere.
401 1209 169 42 superius
528 1209 113 42 enim
598 1209 84 42 in
640 1209 98 42 eis
696 1209 98 42 non
753 1209 169 42 respicit
879 1209 169 42 superius
1006 1209 141 42 mundi.
1104 1209 70 42 &
1118 1209 127 42 veritas

184 1259 93 46 non
237 1259 160 46 concedit
357 1259 106 46 hoc.
423 1259 133 46 natura
516 1259 106 46 enim
583 1259 186 46 inferioris
729 1259 80 46 in
769 1259 146 46 plantis
875 1259 106 46 alia
942 1259 93 46 est
995 1259 66 46 a
1021 1259 133 46 natura
1101 1259 133 46 inferio-

188 1284 99 54 ris
244 1284 85 54 in
287 1284 141 54 mundo,
385 1284 99 54 sed
442 1284 183 54 contingit
583 1284 211 54 congregatio
752 1284 127 54 eorum
836 1284 85 54 in
879 1284 127 54 parte
963 1284 127 54 eadem
1048 1284 127 54 casu:
1132 1284 70 54 &
1146 1284 85 54 ipsa

192 1326 114 45 eadem
269 1326 89 45 est
319 1326 127 45 natura
408 1326 178 45 superioris
548 1326 76 45 in
586 1326 191 45 animalibus.
739 1326 76 45 Et
777 1326 127 45 signum
866 1326 102 45 eius
929 1326 102 45 est,
993 1326 102 45 quod
1056 1326 114 45 caput
1132 1326 76 45 in
1158 1326 76 45 ani-

191 1365 143 45 malibus
295 1365 91 45 est
347 1365 130 45 simile
438 1365 169 45 radicibus
567 1365 78 45 in
606 1365 156 45 plantis:
723 1365 91 45 cum
775 1365 117 45 actio
853 1365 117 45 eorum
931 1365 91 45 sit
982 1365 130 45 eadem.
1073 1365 65 45 &
1099 1365 91 45 per
1138 1365 91 45 actio

189 1404 103 52 nes
248 1404 162 52 debemus
366 1404 191 52 respicere
513 1404 250 52 conueientiam,
719 1404 74 52 &
749 1404 236 52 diuersitatem
940 1404 88 52 in
984 1404 177 52 partibus
1102 1404 118 52 augmen

187 1449 188 48 tabilibus.
334 1449 94 48 Et.
388 1449 67 48 d
415 1449 161 48 superius
536 1449 121 48 enim,
616 1449 94 48 &c.
670 1449 81 48 i.
710 1449 67 48 &
737 1449 134 48 primus
831 1449 121 48 error
912 1449 188 48 Empedoclis
1059 1449 107 48 est,
1127 1449 107 48 quod
1180 1449 54 48 su

193 1483 154 49 perius,
305 1483 70 49 &
333 1483 168 49 inferius
459 1483 98 49 non
514 1483 112 49 sunt
584 1483 126 49 eadem
668 1483 112 49 pars
738 1483 84 49 in
780 1483 154 49 omnibus
892 1483 140 49 rebus.
989 1483 70 49 &
1017 1483 84 49 in
1059 1483 126 49 omni,
1129 1483 98 49 scili

189 1529 100 41 cet
246 1529 143 41 mundo,
346 1529 172 41 quoniam,
475 1529 129 41 licet
560 1529 100 41 hoc
618 1529 200 41 concedamus
775 1529 86 41 in
818 1529 172 41 plantis,
946 1529 114 41 quid
1018 1529 172 41 possumus
1132 1529 86 41 dice

192 1571 81 41 re
232 1571 81 41 in
272 1571 162 41 pluribus
394 1571 202 41 animalibus:
555 1571 162 41 superius
677 1571 108 41 enim
744 1571 81 41 in
784 1571 189 41 animalibus
933 1571 94 41 non
986 1571 162 41 respicit
1094 1571 135 41 superius

190 1601 150 50 mundi.
295 1601 120 50 D.d.
370 1601 105 50 sed
430 1601 225 50 quemadmodum
611 1601 150 50 caput,
716 1601 105 50 &c.
776 1601 135 50 idest
866 1601 105 50 sed
926 1601 105 50 non
987 1601 210 50 concedamus
1137 1601 90 50 quod

196 1638 157 44 inferius
314 1638 78 44 in
353 1638 144 44 plantis
457 1638 92 44 sit
510 1638 157 44 inferius
627 1638 78 44 in
667 1638 118 44 mundo
745 1638 157 44 secundum
863 1638 157 44 uaturam,
981 1638 65 44 &
1007 1638 183 44 potentiam:
1137 1638 92 44 neque

200 1676 168 47 superius
326 1676 84 47 in
368 1676 98 47 eis
424 1676 168 47 superius
550 1676 84 47 in
592 1676 140 47 mundo,
690 1676 126 47 licet
773 1676 112 47 sint
843 1676 84 47 in
885 1676 126 47 eadem
969 1676 140 47 parte.
1067 1676 140 47 Natura
1151 1676 84 47 enim

199 1723 149 39 capitis
308 1723 82 39 in
349 1723 190 39 animalibus
498 1723 95 39 est
553 1723 136 39 natura
648 1723 149 39 radicis
756 1723 82 39 in
797 1723 163 39 plantis,
920 1723 109 39 cum:
987 1723 149 39 habeant
1096 1723 136 39 easdem
1178 1723 54 39 a-

206 1755 161 50 ctiones,
326 1755 67 50 &
353 1755 161 50 secundum
474 1755 161 50 actiones
594 1755 94 50 est
648 1755 161 50 dicendum
768 1755 107 50 quod
835 1755 134 50 partes
929 1755 188 50 animalium,
1076 1755 67 50 &
1090 1755 147 50 plantarum

204 1796 74 39 &
234 1796 222 39 instrumenta
411 1796 133 39 eorum
500 1796 118 39 sunt
574 1796 252 39 conuenientia,
781 1796 104 39 aut
840 1796 163 39 diuersa
959 1796 89 39 in
1003 1796 163 39 natura.
1122 1796 104 39 Et,
1166 1796 74 39 cum

204 1836 133 39 natura
297 1836 146 39 radicis
403 1836 80 39 in
442 1836 146 39 plantis
548 1836 93 39 est
602 1836 133 39 natura
694 1836 146 39 capitis
800 1836 80 39 in
840 1836 199 39 animalibus,
999 1836 106 39 tunc
1066 1836 159 39 superius
1185 1836 80 39 in

209 1883 134 48 plantis
306 1883 85 48 est
355 1883 73 48 in
392 1883 85 48 rei
441 1883 146 48 veritate
550 1883 146 48 inferius
660 1883 73 48 in
697 1883 122 48 mundo.
782 1883 85 48 Et,
831 1883 73 48 si
868 1883 98 48 nos.
929 1883 220 48 conceisissemus
1112 1883 98 48 quod
1161 1883 85 48 esset
