1416 2066
169 172 120 45 lor
237 172 137 45 enim
323 172 86 45 &
357 172 223 45 quantitas
529 172 274 45 consequuntur
752 172 223 45 adinuicem
923 172 206 45 insimul.
1078 172 137 45 modo
1146 172 86 45 au-

183 218 131 57 tem,
265 218 131 57 quia
347 218 197 57 communia
494 218 131 57 sunt
576 218 230 57 sensibilia
756 218 98 57 ab
806 218 180 57 aliquo,
937 218 262 57 manifestatur
1134 218 98 57 quod

186 260 215 52 quodlibet
352 260 149 52 eorum
451 260 116 52 est
501 260 132 52 aliud,

226 316 115 47 Vult
297 316 115 47 dare
369 316 158 47 causam,
483 316 158 47 propter
598 316 115 47 quam
670 316 115 47 haec
741 316 200 47 sensibilia
899 316 172 47 communia
1028 316 100 47 non
1070 316 158 47 comprehen

181 357 148 46 duntur
285 357 89 46 ab
329 357 104 46 vno
389 357 148 46 sensu,
492 357 74 46 &
522 357 89 46 d.
566 357 89 46 Et
611 357 133 46 debet
700 357 119 46 homo
774 357 237 46 perscrutari,
966 357 104 46 &c.
1026 357 89 46 i.
1070 357 133 46 debet
1144 357 89 46 homo

188 397 213 51 perserutari,
361 397 120 51 quare
441 397 107 51 haec
507 397 187 51 sensibilia
654 397 133 51 comnia
747 397 253 51 comprehenduntur
961 397 67 51 a
987 397 160 51 pluribus
1094 397 133 51 sensibus

184 436 111 44 vno,
254 436 70 44 &
282 436 97 44 non
337 436 264 44 comprehenduntur
560 436 84 44 ab
602 436 111 44 vno.
671 436 111 44 D.d.
741 436 181 44 rationem,
880 436 70 44 &
908 436 139 44 dixit,
1005 436 153 44 Dicamus
1103 436 125 44 igitur,

187 480 82 35 vt
228 480 96 35 non
283 480 192 35 ignoremus,
434 480 96 35 &c.
489 480 82 35 i.
530 480 82 35 vt
571 480 96 35 non
625 480 178 35 ignoremus
762 480 178 35 alietatem
899 480 205 35 sensibilium
1064 480 178 35 communium
1187 480 41 35 a

184 515 230 39 fensibilibus
371 515 187 39 propriis.
515 515 115 39 D.d.
587 515 173 39 Quoniam,
717 515 86 39 si
760 515 187 39 haberemus
904 515 130 39 solum
990 515 144 39 visum,
1091 515 101 39 &c.
1149 515 86 39 i.
1192 515 72 39 &

187 554 87 48 hoc
236 554 112 48 esset
311 554 149 48 necesse.
423 554 149 48 quoniam,
535 554 75 48 si
572 554 162 48 poneremus
696 554 99 48 quod
759 554 112 48 solus
833 554 112 48 uisus
908 554 199 48 comprehendit
1069 554 112 48 ista,
1144 554 62 48 &
1156 554 75 48 quod

182 593 107 45 ipse
249 593 121 45 sclus
329 593 94 45 est
383 593 80 45 in
423 593 121 45 nobis
503 593 80 45 in
543 593 94 45 hac
597 593 201 45 intentione,
758 593 107 45 tunc
825 593 174 45 accideret
959 593 121 45 visui
1039 593 80 45 vt
1066 593 161 45 ignoraret,

186 636 71 39 &
214 636 99 39 non
271 636 226 39 distingueret
455 636 127 39 album
540 636 85 39 ab
582 636 156 39 aliquo:
695 636 113 39 adeo
766 636 113 39 quod
837 636 212 39 existimaret
1007 636 170 39 colorem,
1134 636 71 39 &
1148 636 85 39 quam

187 679 162 44 titatem,
308 679 67 44 &
335 679 148 44 figuram
443 679 135 44 eandem
537 679 121 44 esse.
618 679 67 44 &
645 679 94 44 hoc
699 679 175 44 accideret
833 679 94 44 ei,
887 679 81 44 eo
928 679 108 44 quod
995 679 135 44 color,
1089 679 67 44 &
1103 679 121 44 quanti-

185 711 88 44 tas
236 711 200 44 consequuntur
398 711 100 44 sibi
461 711 163 44 adinuicem
586 711 150 44 scilicet
698 711 100 44 quod
761 711 113 44 color
836 711 88 44 non
886 711 163 44 inuenitur
1011 711 100 44 nisi
1073 711 75 44 in
1111 711 113 44 super
1173 711 63 44 fi-

190 748 103 48 cie,
254 748 64 48 &
280 748 192 48 superficies
434 748 77 48 in
472 748 154 48 corpore.
587 748 103 48 D.d.
651 748 103 48 modo
716 748 115 48 autem
792 748 103 48 quia
856 748 167 48 communia,
985 748 90 48 &c.
1036 748 77 48 i.
1074 748 103 48 modo
1126 748 103 48 autem,

185 796 112 45 quia
255 796 154 45 videmus
367 796 112 45 quod
438 796 183 45 communia,
578 796 84 45 vt
620 796 197 45 quantitas,
775 796 70 45 &
803 796 183 45 magnitudo
943 796 267 45 comprehenduntur
1154 796 70 45 per

184 836 134 39 alium
274 836 149 39 sensum
378 836 75 39 a
408 836 134 39 uisu.
498 836 179 39 Secundum
632 836 105 39 hoc
692 836 149 39 igitur
797 836 105 39 est
856 836 254 39 intelligendus
1066 836 120 39 suus
1125 836 105 39 sermo

188 867 84 48 in
230 867 98 48 hoc
286 867 126 48 loco,
370 867 98 48 non
426 867 168 48 secundum
551 867 112 48 quod
621 867 140 48 sonant
719 867 126 48 verba
803 867 112 48 eius
873 867 279 48 superficietenus,
1096 867 140 48 secundum

191 908 103 41 quod
255 908 167 41 loquitur:
383 908 77 41 vt
422 908 115 41 quare
499 908 128 41 sensus
588 908 103 41 sint
652 908 128 41 plures
742 908 103 41 vno.
806 908 115 41 causa
883 908 103 41 enim
947 908 154 41 formalis
1062 908 77 41 in
1101 908 90 41 hoc
1139 908 90 41 mani-

185 945 117 43 festa
263 945 91 43 est
315 945 157 43 scilicet
433 945 170 43 multitudo
563 945 209 43 sensibilium.
733 945 65 43 &
759 945 91 43 hoc
811 945 91 43 iam
864 945 131 43 dictum
955 945 104 43 est.
1020 945 65 43 &
1046 945 117 43 causa
1112 945 117 43 finalis

189 985 93 44 est
242 985 212 44 perscrutanda
414 985 106 44 post
480 985 79 44 in
520 985 106 44 fine
586 985 132 44 istius
665 985 106 44 libri.

495 1045 292 39 SVMMA
657 1045 259 39 SEXTA.

290 1091 153 45 Quaestio,
408 1091 71 45 an
443 1091 118 45 eodem,
526 1091 83 45 quo
573 1091 141 45 sentimus
679 1091 118 45 sensu,
762 1091 106 45 etiam
832 1091 130 45 sentire
927 1091 83 45 nos
974 1091 189 45 percipiamus:

374 1128 202 36 Sensusquoe,
535 1128 108 36 quem
602 1128 161 36 communem
723 1128 202 36 appellamus,
871 1128 175 36 explanatio.

298 1172 191 47 Voniam
431 1172 172 47 autem
546 1172 229 47 sentimus
717 1172 153 47 quod
813 1172 210 47 videmus
965 1172 95 47 &
1003 1172 229 47 audimus,
1156 1172 76 47 ne

285 1201 145 64 lcesse
386 1201 101 64 est
444 1201 116 64 visu
516 1201 159 64 sentire
632 1201 116 64 quia
705 1201 145 64 videt,
806 1201 101 64 aut
864 1201 159 64 altero:
980 1201 87 64 si
1023 1201 130 64 autem
1096 1201 130 64 altero,

290 1265 121 42 eaut
366 1265 121 42 ipso
442 1265 121 42 erit
518 1265 121 42 quod
593 1265 152 42 videt,
700 1265 106 42 aut
760 1265 167 42 altero:
882 1265 106 42 sed
943 1265 121 42 idem
1018 1265 121 42 erit
1094 1265 137 42 visus
1185 1265 76 42 &

178 1300 175 47 subiecti
310 1300 175 47 coloris,
441 1300 131 47 quare
529 1300 102 47 aut
587 1300 102 47 duo
646 1300 161 47 eiusdem
763 1300 131 47 erit:
850 1300 102 47 aut
909 1300 117 47 idem
982 1300 175 47 eiusdem.
1099 1300 131 47 Amplius

184 1352 135 43 autem
274 1352 90 43 si
319 1352 75 43 &
349 1352 135 43 alter
439 1352 105 43 sit
498 1352 150 43 sensus
603 1352 150 43 visus,
708 1352 105 43 aut
768 1352 90 43 in
813 1352 329 43 infinitumprocedit:
1097 1352 105 43 aut
1142 1352 90 43 ali-

185 1384 125 58 quis
263 1384 125 58 ipse
341 1384 109 58 sui
404 1384 156 58 ipsius
513 1384 125 58 erit
591 1384 156 58 iudex:
700 1384 140 58 quare
794 1384 94 58 in
841 1384 140 58 primo
934 1384 109 58 hoc
997 1384 203 58 faciendum
1137 1384 94 58 est.

228 1451 171 58 Quoniam
353 1451 140 58 autem
447 1451 187 58 sentimus
587 1451 109 58 nos
649 1451 156 58 uidere
758 1451 78 58 &
789 1451 171 58 audire,
914 1451 171 58 necesse
1038 1451 109 58 est
1101 1451 109 58 aut
1148 1451 93 58 uisu

181 1500 154 55 sentiat
293 1500 84 55 se
335 1500 154 55 uidere,
447 1500 98 55 aut
502 1500 126 55 alio:
586 1500 98 55 sed
642 1500 112 55 idem
712 1500 126 55 etiam
796 1500 112 55 erit
866 1500 126 55 uisus
950 1500 70 55 &
977 1500 168 55 subiecti
1089 1500 140 55 coloris.

189 1548 187 62 Quamobrem
332 1548 101 62 aut
390 1548 101 62 duo
447 1548 158 62 eiusdem
562 1548 144 62 erunt,
663 1548 101 62 aut
720 1548 115 62 ipse
792 1548 101 62 sui
849 1548 158 62 ipsius.
964 1548 187 62 Praeterea
1108 1548 86 62 si
1136 1548 101 62 etiam

187 1596 120 47 alius
267 1596 133 47 sensus
360 1596 93 47 sit
413 1596 133 47 uisus,
507 1596 93 47 aut
560 1596 80 47 in
600 1596 173 47 infinitum
734 1596 173 47 procedet:
867 1596 93 47 aut
920 1596 107 47 ipse
987 1596 107 47 erit
1054 1596 93 47 sui
1107 1596 147 47 ipsius:

194 1638 145 70 itaque,
299 1638 79 70 in
339 1638 119 70 primo
418 1638 105 70 illo
484 1638 92 70 hoc
536 1638 171 70 faciendum
655 1638 79 70 est.

225 1692 108 46 Et,
286 1692 123 46 quia
363 1692 185 46 sentimus
502 1692 108 46 nos
564 1692 169 46 videre,
687 1692 77 46 &
718 1692 169 46 audire,
841 1692 169 46 necesse
964 1692 108 46 est
1026 1692 123 46 quod
1087 1692 139 46 sentire

185 1734 128 42 quod
265 1734 112 42 nos
329 1734 191 42 videmus,
472 1734 112 42 aut
536 1734 112 42 est
599 1734 112 42 per
663 1734 128 42 hunc
743 1734 175 42 sensum,
870 1734 112 42 aut
934 1734 112 42 per
998 1734 159 42 aliud.
1109 1734 112 42 Sed
1157 1734 80 42 il-

190 1777 104 42 lud
249 1777 118 42 erit
323 1777 148 42 visus,
427 1777 74 42 &
457 1777 163 42 coloris
575 1777 193 42 subiecti:
723 1777 104 42 aut
783 1777 104 42 duo
842 1777 178 42 eiusdem,
975 1777 104 42 aut
1034 1777 118 42 idem
1109 1777 118 42 sui.
1168 1777 59 42 Et

187 1821 140 54 etiam,
285 1821 84 54 si
327 1821 140 54 sensus
425 1821 168 54 visionis
551 1821 98 54 sit
607 1821 140 54 alius,
705 1821 98 54 aut
760 1821 126 54 erunt
844 1821 112 54 haec
914 1821 84 54 in
956 1821 196 54 infinitum,
1110 1821 98 54 aut
1152 1821 84 54 erit

187 1860 119 46 idem
262 1860 119 46 sui.
336 1860 164 46 necesse
455 1860 104 46 est
515 1860 149 46 igitur
619 1860 104 46 hoc
679 1860 149 46 facere
768 1860 119 46 primo.
