1416 2066
218 204 163 53 minatus
337 204 163 53 remanet
455 204 133 53 motus
544 204 89 53 in
589 204 104 53 suo
648 204 119 53 motu
722 204 178 53 proprio,
856 204 133 53 sicut
945 204 163 53 accidit
1064 204 89 53 in
1093 204 193 53 corporibus,

223 252 240 39 coelestibus.
418 252 225 39 Vnusquisque
598 252 120 39 enim
673 252 150 39 orbium
779 252 195 39 stellarum
929 252 225 39 erraticarum
1109 252 165 39 videtur
1214 252 60 39 mo

223 293 120 37 ueri
298 293 105 37 per
358 293 195 37 appetitum
508 293 135 37 orbis
598 293 195 37 stellarum
748 293 165 37 fixarum
867 293 120 37 motu
942 293 165 37 diurno:
1062 293 135 37 licet
1152 293 105 37 cum
1197 293 75 37 suo

220 323 188 42 appetitu
361 323 173 42 proprio
487 323 204 42 moueantur
644 323 125 42 motu
722 323 188 42 proprio.
863 323 157 42 Deinde
973 323 94 42 d.
1020 323 110 42 est
1083 323 125 42 enim
1146 323 125 42 secun-

225 364 90 39 dum
277 364 154 39 naturam,
392 364 90 39 &c.
443 364 77 39 i.
482 364 64 39 &
508 364 141 39 accidit
610 364 103 39 huic
675 364 154 39 sphaerae
790 364 180 39 continenti
931 364 116 39 alias
1008 364 154 39 scilicet
1124 364 154 39 dominari
1227 364 51 39 su

221 411 95 48 per
276 411 95 48 eas
330 411 149 48 propter
438 411 108 48 hoc,
505 411 108 48 quia
573 411 95 48 est
627 411 122 48 prior
708 411 135 48 natura
803 411 122 48 aliis
884 411 68 48 &
911 411 135 48 mouens
1006 411 108 48 eas:
1073 411 95 48 ita
1127 411 81 48 vt
1168 411 95 48 per
1208 411 68 48 hoc

224 452 155 32 accidat
336 452 84 32 vt
379 452 127 32 aliae
463 452 183 32 moueantur
604 452 84 32 ab
632 452 70 32 ea.

262 508 291 47 Scientificum
498 508 163 47 autem
607 508 127 47 non
680 508 182 47 mouet,
807 508 127 47 sed
879 508 182 47 manet.
1007 508 200 47 Quoniam
1134 508 145 47 autem.

212 550 125 45 haec
291 550 157 45 quidem
400 550 235 45 vniuersalis
588 550 235 45 existimatio
776 550 78 45 &
807 550 157 45 ratio:
917 550 125 45 alia
995 550 125 45 uero
1073 550 157 45 partic
1167 550 110 45 aila-

219 595 118 55 ris,
293 595 118 55 haec
366 595 147 55 quidem
469 595 118 55 enim
543 595 147 55 dicit,
646 595 118 55 quod
719 595 162 55 oportet
837 595 147 55 talem,
940 595 118 55 tale
1013 595 147 55 agere,
1116 595 118 55 haec
1175 595 103 55 autem

231 636 123 55 quod
307 636 108 55 hoc
369 636 154 55 quidem
477 636 138 55 tale,
569 636 77 55 &
600 636 108 55 ego
661 636 154 55 talis:
769 636 108 55 iam
830 636 123 55 haec
907 636 138 55 mouet
999 636 169 55 opinio,
1122 636 108 55 non
1184 636 123 55 quae

227 683 263 48 vniuersalis:
440 683 115 48 aut
506 683 197 48 utraque:
654 683 115 48 sed
720 683 132 48 haec
802 683 164 48 quidem
917 683 214 48 quiescens
1082 683 164 48 magis:
1180 683 99 48 haec

220 732 152 39 autem
321 732 118 39 non
389 732 84 39 .

276 770 212 42 Scientiale
443 770 136 42 autem
533 770 106 42 non
594 770 152 42 mouet,
700 770 106 42 sed
761 770 152 42 manet.
867 770 106 42 Sed
927 770 106 42 cum
988 770 227 42 existimatio
1170 770 91 42 ac
1200 770 76 42 ra-

224 819 111 56 tio,
294 819 153 56 quaedam
405 819 97 56 sit
461 819 97 56 rei
516 819 223 56 uniuersalis:
697 819 167 56 quaedam,
823 819 209 56 singularis:
990 819 139 56 altera
1087 819 139 56 nanque
1171 819 97 56 dicit

233 853 177 66 oportere
366 853 118 66 hunc
439 853 147 66 talem,
542 853 103 66 hoc
601 853 118 66 tale
675 853 147 66 agere:
778 853 162 66 altera,
895 853 103 66 hoc
954 853 118 66 esse
1028 853 132 66 tale,
1116 853 74 66 &
1146 853 88 66 me
1175 853 103 66 etiam

231 907 150 65 talem:
336 907 120 65 haec
411 907 135 65 demum
501 907 150 65 opinio
606 907 150 65 mouet,
711 907 105 65 non
770 907 120 65 illa
845 907 240 65 uniuersalis:
1040 907 210 65 Anutraque,
1205 907 105 65 sed

236 956 113 64 illa
307 956 184 64 cuiescens
448 956 155 64 potius:
561 956 127 64 haec,
646 956 99 64 non
688 956 99 64 item.

273 1002 153 49 virtus
380 1002 137 49 autem
471 1002 229 49 scientialis
654 1002 107 49 non
715 1002 183 49 mouetur,
853 1002 107 49 sed
914 1002 198 49 quiescit:
1066 1002 122 49 quia
1143 1002 122 49 illa
1204 1002 76 49 est

233 1060 287 39 existimationis,
475 1060 76 39 &
505 1060 166 39 iudicum
626 1060 227 39 vniuersalis
807 1060 181 39 insimul,
943 1060 121 39 ista
1018 1060 136 39 autem
1109 1060 106 39 est
1154 1060 121 39 parti-

229 1098 185 41 cularium.
371 1098 114 41 illa
443 1098 114 41 enim
514 1098 128 41 facit
600 1098 114 41 quod
671 1098 157 41 oportet
785 1098 114 41 tale
856 1098 143 41 facere
956 1098 128 41 talem
1042 1098 185 41 actionem:
1184 1098 71 41 &
1199 1098 71 41 il-

219 1135 112 44 lud
283 1135 128 44 est,
363 1135 128 44 quia
443 1135 128 44 ista
523 1135 112 44 res
587 1135 112 44 est
651 1135 192 44 secundum
796 1135 128 44 hunc
876 1135 160 44 modum,
988 1135 112 44 ego
1052 1135 144 44 etiam
1148 1135 112 44 sum
1196 1135 80 44 fe-

227 1186 149 39 cundum
331 1186 149 39 illum.
436 1186 104 39 hoc
496 1186 119 39 enim
570 1186 134 39 etiam
660 1186 149 39 mouet,
764 1186 104 39 sed
824 1186 104 39 non
883 1186 224 39 vniuersale,
1062 1186 104 39 aut
1107 1186 164 39 vtrunque:

222 1224 106 44 sed
282 1224 136 44 illud
373 1224 106 44 est
433 1224 211 44 quiescens,
599 1224 136 44 istud
690 1224 136 44 autem
780 1224 121 44 non.

269 1276 152 47 Dicit,
375 1276 152 47 Virtus
482 1276 152 47 autem,
588 1276 122 47 quae
664 1276 243 47 comprehendit
862 1276 228 47 vniuersale,
1045 1276 107 47 non
1106 1276 167 47 mouetur
1212 1276 61 47 ad

229 1331 240 40 comprehensum:
427 1331 113 40 quia
497 1331 113 40 ista
568 1331 141 40 virtus
667 1331 99 40 est
723 1331 254 40 existimationis
935 1331 155 40 tanteu,
1048 1331 71 40 &
1062 1331 212 40 comprehensio-

230 1366 100 37 nis
287 1366 100 37 rei
344 1366 228 37 vniuersalis,
530 1366 100 37 res
587 1366 129 37 autem
672 1366 214 37 vniuersalis
844 1366 100 37 non
901 1366 129 37 mouet
986 1366 157 37 omnino,
1101 1366 100 37 cum
1158 1366 100 37 non
1201 1366 71 37 sit

226 1400 155 45 aliquod
339 1400 113 45 hoc,
409 1400 127 45 idest
494 1400 197 45 singulare.
649 1400 141 45 virtus
747 1400 127 45 enim,
832 1400 113 45 quae
903 1400 226 45 comprehendit
1072 1400 197 45 particulare,

227 1438 104 45 est
286 1438 266 45 particularium,
508 1438 74 45 &
538 1438 178 45 mouetur,
671 1438 148 45 quando
775 1438 148 45 mouet.
878 1438 207 45 Intendebat
1041 1438 148 45 igitur
1145 1438 104 45 hic
1204 1438 104 45 per

231 1483 196 39 virtutem,
382 1483 226 39 scientialem
563 1483 181 39 virtutem
699 1483 287 39 comprehendentem
940 1483 106 39 rem
1000 1483 241 39 vniuersalem.
1181 1483 91 39 D.d.

223 1522 111 49 illa
292 1522 111 49 enim
361 1522 138 49 facit,
458 1522 97 49 &c.
513 1522 83 49 i.
555 1522 138 49 virtus
651 1522 124 49 enim,
734 1522 111 49 quae
803 1522 221 49 comprehendit
983 1522 207 49 vniuersale,
1135 1522 138 49 affirmat

227 1558 112 47 quod
297 1558 154 47 oportet
409 1558 112 47 omne
479 1558 112 47 tale
549 1558 112 47 agat
619 1558 126 47 talem
703 1558 182 47 actionem:
843 1558 140 47 virtus
941 1558 126 47 autem
1025 1558 224 47 particularis
1193 1558 84 47 est,

235 1599 104 48 quae
300 1599 209 48 comprehendit
470 1599 156 48 exemplum
587 1599 104 48 sibi
652 1599 156 48 secundum
770 1599 104 48 hanc
835 1599 222 48 dispositionem
1017 1599 104 48 quam
1082 1599 196 48 affirmauit,
1226 1599 52 48 si

224 1635 129 47 esset
310 1635 143 47 sciens
410 1635 86 47 ut
453 1635 143 47 ageret
554 1635 129 47 illam
640 1635 187 47 actionem.
783 1635 187 47 Proueniet
927 1635 143 47 igitur
1027 1635 72 47 a
1041 1635 230 47 comprehensione

235 1676 170 40 istarum
358 1676 155 40 duarum
466 1676 185 40 virtutum
605 1676 232 40 congregatio
791 1676 108 40 per
853 1676 124 40 quam
930 1676 108 40 fit
992 1676 155 40 actio.
1100 1676 155 40 Teinde
1193 1676 77 40 di-

227 1716 116 40 xit.
299 1716 101 40 hoc
357 1716 116 40 enim
429 1716 130 40 etiam
516 1716 145 40 mouet,
617 1716 101 40 &c.
675 1716 87 40 i.
718 1716 174 40 intentio
849 1716 116 40 enim
921 1716 231 40 particularis
1109 1716 145 40 mouet:
1196 1716 72 40 mo-

234 1755 95 49 tio
289 1755 122 49 autem
370 1755 81 49 ad
410 1755 190 49 vniuersale
559 1755 95 49 non
614 1755 95 49 est
668 1755 95 49 ei.
722 1755 95 49 Aut
776 1755 149 49 dicamus
884 1755 108 49 quod
952 1755 122 49 motio
1033 1755 95 49 est
1087 1755 162 49 vtrique.
1209 1755 95 49 sed

232 1796 96 38 est
287 1796 205 38 vniuersali,
451 1796 109 38 quia
519 1796 96 38 est
574 1796 191 38 quiescens,
724 1796 68 38 &
752 1796 205 38 particulari
916 1796 109 38 quia
984 1796 96 38 est
1039 1796 137 38 motum.
1134 1796 68 38 &
1162 1796 96 38 hoc
1203 1796 68 38 in-

232 1834 160 40 tendebat
352 1834 93 40 cum
405 1834 80 40 d.
445 1834 93 40 sed
498 1834 120 40 illud
578 1834 93 40 est
631 1834 187 40 quiescens,
778 1834 120 40 istud
858 1834 120 40 autem
938 1834 107 40 non.
1005 1834 80 40 i.
1044 1834 93 40 sed
1098 1834 80 40 si
1124 1834 147 40 vniuersa-

227 1874 81 41 le
268 1874 136 41 fuerit
363 1874 149 41 mouens,
472 1874 109 41 erit
540 1874 163 41 secundum
662 1874 109 41 quod
730 1874 95 41 est
784 1874 190 41 quiescens,
934 1874 122 41 aliud
1015 1874 122 41 autem
1083 1874 190 41 particulare.

222 1915 184 56 secundum
359 1915 122 56 quod
436 1915 107 56 est
482 1915 122 56 motum,
