1416 2066
221 178 153 53 mentum
328 178 77 53 a
359 178 123 53 loco
435 178 245 53 remotissimo,
635 178 77 53 &
665 178 123 53 sunt
742 178 245 53 exanimalibus
942 178 215 53 carentibus
1095 178 184 53 sanguine.I

231 218 69 41 &
259 218 180 41 similiter
397 218 83 41 in
438 218 180 41 piscibus,
576 218 69 41 &
604 218 83 41 in
646 218 138 41 multis
742 218 193 41 animalibus
894 218 124 41 aquae
977 218 83 41 Et
1018 218 221 41 ratiocinatio
1184 218 83 41 su

226 259 87 43 per
275 259 99 43 hoc,
337 259 99 43 quod
399 259 111 43 dixit
473 259 74 43 de
510 259 124 43 medio,
597 259 87 43 est
646 259 198 43 ratiocinatio
807 259 173 43 praedicta,
943 259 148 43 scilicet
1055 259 99 43 quod
1117 259 87 43 cum
1154 259 111 43 odorabi

219 296 85 52 le
261 296 141 52 fuerit
360 296 155 52 positum
473 296 127 52 super
557 296 141 52 sensum
656 296 183 52 odoratus,
797 296 99 52 non
853 296 197 52 sentietur.
1008 296 85 52 Et
1051 296 113 52 quod
1121 296 127 52 dixit
1192 296 70 52 de,

226 336 135 39 visione,
327 336 90 39 quod
383 336 113 39 natura
462 336 113 39 media,
541 336 90 39 quae
597 336 113 39 seruit
676 336 113 39 visui,
755 336 79 39 non
800 336 79 39 est
845 336 90 39 aer,
902 336 135 39 secundum
1003 336 90 39 quod
1059 336 79 39 est
1104 336 90 39 aer,
1161 336 79 39 aut
1194 336 68 39 aqua

227 374 122 46 secundum
319 374 82 46 quod
369 374 71 46 est
410 374 92 46 aqua,
471 374 71 46 sed
512 374 102 46 natura
583 374 132 46 communis,
685 374 71 46 ita
726 374 71 46 est
767 374 173 46 intelligendum
909 374 71 46 hic
950 374 61 46 in
981 374 61 46 na
1011 374 82 46 quae
1062 374 71 46 est
1103 374 102 46 media,
1164 374 102 46 scilicet

234 414 98 48 quia
295 414 86 48 est
344 414 122 48 natura
429 414 147 48 communis
539 414 122 48 aquae,
625 414 61 48 &
649 414 122 48 aeris,
735 414 61 48 &
760 414 98 48 quod
821 414 122 48 odores
906 414 98 48 sunt
967 414 147 48 extranei
1077 414 73 48 in
1114 414 98 48 ista
1175 414 98 48 nam.
1236 414 61 48 &

231 460 95 45 per
286 460 109 45 ista
354 460 136 45 natura
450 460 123 45 caret
531 460 177 45 odoribus,
668 460 123 45 sicut
750 460 177 45 diaphanum
886 460 191 45 coloribus.
1036 460 68 45 &
1063 460 123 45 sicut
1145 460 123 45 color
1213 460 55 45 ha

223 491 87 40 bet
272 491 124 40 duplex
359 491 99 40 esse
421 491 148 40 scilicet
532 491 99 40 esse
594 491 74 40 in
631 491 136 40 corpore
730 491 161 40 colorato,
854 491 62 40 &
878 491 87 40 hoc
928 491 87 40 est
977 491 99 40 esse
1039 491 173 40 corporale:
1175 491 62 40 &
1188 491 74 40 esse

222 531 81 39 in
263 531 177 39 diaphano,
399 531 68 39 &
426 531 95 39 hoc
480 531 95 39 est
535 531 109 39 esse
603 531 204 39 spirituale:
766 531 95 39 ita
820 531 109 39 odor
888 531 122 39 habet
969 531 136 39 duplex
1064 531 122 39 esse,
1132 531 136 39 scilicet

223 572 109 39 esse
292 572 82 39 in
333 572 150 39 corpore
442 572 191 39 odorabili,
592 572 68 39 &
619 572 109 39 esse
688 572 82 39 in
729 572 137 39 medio.
824 572 68 39 &
851 572 96 39 hoc
906 572 96 39 est
961 572 109 39 esse
1029 572 191 39 corporale,
1179 572 68 39 &
1193 572 68 39 il-

225 612 105 40 lud
285 612 225 40 spirituale:
465 612 75 40 &
495 612 135 40 illud
585 612 195 40 naturale,
735 612 75 40 &
764 612 105 40 hoc
824 612 210 40 extraneum.
989 612 105 40 Et,
1049 612 105 40 cum
1109 612 105 40 hoc
1154 612 105 40 igno-

220 649 189 41 rauerunt
362 649 173 41 quidam,
488 649 79 41 &
520 649 252 41 extimauerunt
724 649 126 41 quod
803 649 126 41 odor
882 649 110 41 non
945 649 205 41 separatur
1102 649 79 41 a
1118 649 142 41 corpore

222 688 218 49 odorabili,
394 688 78 49 &
425 688 125 49 quod
503 688 109 49 non
565 688 140 49 habet
659 688 125 49 nisi
736 688 125 49 vnum
814 688 125 49 esse
892 688 171 49 tantum,
1017 688 187 49 dixerunt
1157 688 125 49 quod
1219 688 47 49 a

228 725 163 45 corpore
346 725 192 45 odorabili
494 725 222 45 dissoluitur
672 725 148 45 corpus
775 725 222 45 odoriferum,
953 725 148 45 habens
1056 725 148 45 corpus
1145 725 118 45 subti-

222 767 105 40 le,
282 767 75 40 &
312 767 151 40 odorem
418 767 196 40 subtilem,
568 767 75 40 &
598 767 120 40 quod
674 767 166 40 mouetur
794 767 90 40 in
839 767 136 40 aere,
930 767 136 40 donec
1020 767 181 40 peruemat
1156 767 90 40 ad
1186 767 75 40 sen

223 805 107 46 sum
284 805 199 46 odoratus.
437 805 92 46 Et
483 805 107 46 hoc
544 805 214 46 destruitur
713 805 153 46 multis
820 805 153 46 modis.
927 805 168 46 Videmus
1050 805 123 46 enim
1126 805 123 46 quod
1187 805 77 46 mul

218 844 96 40 ta
266 844 193 40 animalia
411 844 193 40 mouentur
555 844 96 40 ad
603 844 241 40 nutrimentum
796 844 112 40 per
860 844 177 40 spacium
989 844 209 40 7multarum
1134 844 129 40 dieta-

228 891 113 46 rum,
299 891 128 46 sicut
384 891 156 46 apparet
497 891 85 46 in
540 891 213 46 Vulturibus:
710 891 71 46 &
738 891 128 46 sicut
823 891 156 46 apparet
936 891 85 46 de
979 891 184 46 Tigribus,
1120 891 113 46 quae
1177 891 85 46 vene

226 924 114 52 runt
297 924 85 52 ad
339 924 128 52 locum
425 924 171 52 praelii,
553 924 114 52 quod
624 924 156 52 accidit
737 924 85 52 in
780 924 128 52 terra
865 924 185 52 Graecorum
1007 924 71 52 a
1036 924 156 52 remotis
1135 924 128 52 regioni

219 961 131 41 bus.
301 961 98 41 Et
350 961 180 41 Tquando
481 961 115 41 iam
547 961 197 41 posuimus
694 961 131 41 quod
776 961 131 41 omne
858 961 246 41 sensibilel,
1055 961 131 41 quod
1120 961 148 41 compre-

217 1002 176 49 henditur
349 1002 102 49 per
408 1002 146 49 medium
510 1002 220 49 aequaliter,
686 1002 132 49 debet
773 1002 161 49 sentiri
891 1002 88 49 ex
934 1002 161 49 omnibus
1051 1002 190 49 partibus,
1183 1002 88 49 nisi

222 1041 162 50 aliquid
340 1041 191 50 impediat.
487 1041 118 50 vnde
560 1041 162 50 necesse
678 1041 118 50 est,
752 1041 88 50 vt
796 1041 132 50 istud
884 1041 147 50 corpus
987 1041 191 50 vaporosum
1134 1041 103 50 sit
1178 1041 88 50 cen-

221 1081 129 41 trum
301 1081 145 41 vnum,
398 1081 80 41 &
430 1081 129 41 quod
510 1081 113 41 sua
575 1081 257 41 semidiameter
784 1081 113 41 sit
848 1081 193 41 secundum
993 1081 257 41 longitudinem
1186 1081 80 41 li-

216 1120 174 49 nearum,
343 1120 127 49 vnde
422 1120 174 49 veniunt
548 1120 127 49 ista
627 1120 190 49 animalia
770 1120 95 49 ad
817 1120 127 49 suum
896 1120 158 49 cibum,
1007 1120 95 49 vt
1054 1120 174 49 dicitur
1165 1120 95 49 quod

227 1159 173 43 Vultures
356 1159 173 43 mouentur
486 1159 72 43 a
515 1159 202 43 quingentis
674 1159 216 43 miliaribus:
847 1159 101 43 sed
905 1159 216 43 impossibile
1078 1159 101 43 est
1136 1159 87 43 vt
1164 1159 87 43 cor-

220 1196 106 46 pus
280 1196 151 46 paruum
386 1196 227 46 extendatur,
568 1196 136 46 donec
659 1196 182 46 recipiat
796 1196 136 46 tales
886 1196 242 46 dimensiones,
1083 1196 106 46 cum
1129 1196 121 46 impos-

221 1237 143 45 sibile
321 1237 100 45 est
378 1237 86 45 vt
421 1237 157 45 materia
536 1237 172 45 recipiat
664 1237 215 45 extensionem
836 1237 86 45 ad
879 1237 114 45 tale
950 1237 172 45 vltimum.
1079 1237 143 45 maxima
1165 1237 86 45 enim

221 1276 170 53 remotio,
348 1276 113 53 quam
419 1276 156 53 materia
533 1276 170 53 recipit,
660 1276 99 53 est
717 1276 170 53 dimensio
845 1276 142 53 ignis,
944 1276 142 53 deinde
1043 1276 142 53 aeris.
1143 1276 85 53 Si
1171 1276 85 53 igi-

221 1316 103 51 tur
280 1316 147 51 corpus
383 1316 192 51 odorabile
531 1316 192 51 alteretur
678 1316 133 51 totum
767 1316 88 51 in
811 1316 147 51 ignem,
914 1316 103 51 aut
973 1316 147 51 aerem,
1061 1316 192 51 impossibile

224 1356 109 46 est
287 1356 140 46 ipsum
380 1356 187 46 recipere
520 1356 233 46 dimensionem
707 1356 140 46 mille
800 1356 249 46 miliariorum.
1002 1356 156 46 Minima
1111 1356 124 46 enim
1173 1356 78 46 di-

216 1396 218 40 mensionum,
388 1396 125 40 quam
466 1396 172 40 materia
591 1396 187 40 recipit,
731 1396 109 40 est
793 1396 187 40 dimensio
934 1396 172 40 terrae,
1058 1396 78 40 &
1090 1396 156 40 maxima
1183 1396 78 40 est

218 1436 172 46 dimensio
347 1436 144 46 ignis.
447 1436 72 46 &
476 1436 129 46 inter
562 1436 100 46 has
620 1436 115 46 duas
691 1436 215 46 dimensiones
863 1436 100 46 non
921 1436 172 46 sentitur
1050 1436 86 46 ex
1079 1436 172 46 diuersita,

219 1472 84 43 te
261 1472 112 43 haec
331 1472 197 43 quantitas,
486 1472 169 43 scilicet
612 1472 84 43 vt
655 1472 183 43 magnitudo
795 1472 126 43 vnius
880 1472 126 43 palmi
964 1472 141 43 terrae
1062 1472 112 43 fiat
1133 1472 84 43 ad
1161 1472 98 43 mille

218 1511 178 44 miliaria.
355 1511 96 44 hoc
410 1511 109 44 enim
478 1511 205 44 impossibile
642 1511 109 44 est.
710 1511 82 44 Et
751 1511 137 44 etiam,
847 1511 82 44 si
888 1511 96 44 ita
943 1511 137 44 esset,
1038 1511 109 44 tunc
1107 1511 123 44 illud
1175 1511 82 44 cor-

226 1551 115 43 pus:
298 1551 202 43 sphaericum
456 1551 101 43 non
514 1551 187 43 odorabile
658 1551 158 43 necesse
773 1551 130 43 esset
859 1551 86 43 vt
902 1551 202 43 penetraret
1061 1551 130 43 aerem
1133 1551 115 43 secun-

219 1591 106 51 dum
279 1591 151 51 totum,
385 1591 106 51 aut
445 1591 121 51 quod
521 1591 106 51 aer
581 1591 196 51 recederet
732 1591 76 51 a
763 1591 121 51 loco
838 1591 121 51 suo.
914 1591 106 51 Et,
974 1591 106 51 cum
1035 1591 106 51 hoc
1080 1591 166 51 impossibi

230 1634 80 47 se
270 1634 106 47 est,
336 1634 119 47 etiam
416 1634 199 47 impossibile
575 1634 93 47 est
628 1634 80 47 vt
668 1634 106 47 odor
734 1634 93 47 sit
787 1634 80 47 in
827 1634 119 47 aere,
907 1634 119 47 sicut
986 1634 80 47 in
1026 1634 146 47 corpore
1119 1634 133 47 composi-

225 1673 98 41 to.
281 1673 195 41 Tsimplicia
434 1673 111 41 enim
504 1673 98 41 non
559 1673 181 41 recipiunt
699 1673 153 41 odores.
810 1673 153 41 remanet
922 1673 139 41 igitur
1019 1673 84 41 vt
1061 1673 98 41 sit
1117 1673 84 41 in
1158 1673 84 41 eo
1186 1673 56 41 si

226 1708 103 47 cut
285 1708 133 47 color
374 1708 88 47 in
418 1708 192 47 diaphano.
565 1708 118 47 TSed
639 1708 133 47 tamen
727 1708 162 47 apparet
845 1708 118 47 quod
919 1708 118 47 esse
993 1708 162 47 coloris
1111 1708 133 47 magis
1184 1708 74 47 est

225 1747 211 54 spirituale,
394 1747 113 54 quam
465 1747 113 54 esse
535 1747 155 54 odoris.
648 1747 127 54 venti
732 1747 113 54 enim
803 1747 169 54 videntur
930 1747 169 54 adducere
1057 1747 155 54 odores.
1169 1747 70 54 &
1184 1747 70 54 hoc

225 1794 111 49 est,
295 1794 84 49 ex
337 1794 98 49 quo
392 1794 111 49 fuit
462 1794 209 49 existimatum
629 1794 139 49 odorem
727 1794 111 49 esse
796 1794 153 49 corpus.
908 1794 98 49 Sed
963 1794 98 49 ita
1019 1794 98 49 est
1075 1794 84 49 de
1117 1794 125 49 odore
1200 1794 84 49 in

218 1829 95 40 hac
273 1829 204 40 intentione,
436 1829 123 40 sicut
518 1829 82 40 de
559 1829 123 40 sono.
641 1829 123 40 Sonus
723 1829 109 40 enim
791 1829 95 40 fit
845 1829 68 40 a
872 1829 164 40 passione
995 1829 82 40 in
1036 1829 123 40 aere:
1118 1829 95 40 sed
1159 1829 95 40 etiam

217 1866 194 48 impellitur
369 1866 69 48 a
397 1866 152 48 ventis:
508 1866 97 48 sed
563 1866 125 48 tamen
646 1866 97 48 non
701 1866 208 48 consequitur
868 1866 83 48 ex
909 1866 97 48 hoc
964 1866 83 48 vt
1006 1866 97 48 sit
1061 1866 152 48 corpus.
1158 1866 97 48 quasi
