1416 2066
233 191 119 44 rem,
307 191 74 44 &
337 191 119 44 homo
411 191 104 44 non
471 191 134 44 videt
560 191 134 44 ipsum
649 191 148 44 uidere
753 191 178 44 colorem,
886 191 119 44 nisi
960 191 148 44 quando
1064 191 134 44 videt
1139 191 148 44 aliquid,

250 224 192 43 continget
398 224 89 43 ut
442 224 148 43 illud,
546 224 118 43 quod
620 224 133 43 primo
708 224 148 43 videt,
812 224 148 43 quando
915 224 162 43 iudicat
1033 224 133 43 ipsum
1122 224 162 43 videre,
1225 224 74 43 ha-

249 266 112 41 beat
319 266 126 41 etiam
403 266 168 41 colorem.
529 266 70 41 &
557 266 196 41 intendebat
711 266 98 41 per
767 266 98 41 hoc
824 266 126 41 quod,
908 266 84 41 si
950 266 154 41 necesse
1062 266 98 41 est
1118 266 84 41 ut
1160 266 112 41 omne
1216 266 84 41 com-

249 304 238 51 prehensibile
443 304 74 51 a
472 304 119 51 uisu
547 304 104 51 sit
606 304 208 51 coloratum,
770 304 74 51 &
800 304 134 51 uisus
889 304 238 51 comprehendit
1068 304 223 51 comprehenfio-

241 344 105 43 nem
301 344 180 43 coloris:
436 344 120 43 ergo
511 344 195 43 contingit
661 344 90 43 ex
706 344 105 43 hoc
766 344 90 43 vt
812 344 120 43 ipsa
887 344 240 43 comprehensio
1082 344 105 43 sit
1127 344 165 43 colorata.

242 379 123 56 quod
318 379 107 56 est
364 379 215 56 impossibile.

279 427 233 48 Manifestum
463 427 117 48 est
529 427 167 48 igitur
646 427 183 48 quoniam
779 427 117 48 non
846 427 117 48 est
913 427 150 48 vnum,
1013 427 133 48 visu
1096 427 200 48 sentire.
1229 427 67 48 Et

244 468 169 51 nanque
362 468 135 51 quum
446 468 118 51 non
514 468 202 51 videmus,
665 468 135 51 visu
750 468 253 51 discernimus
952 468 84 51 &
986 468 202 51 tenebras
1137 468 84 51 &
1154 468 135 51 lumen,

243 515 123 39 sed
314 515 123 39 non
384 515 245 39 similiter.
576 515 193 39 Amplius
716 515 158 39 autem
821 515 88 39 &
856 515 175 39 videns
979 515 193 39 tanquam
1101 515 193 39 coloratum

241 551 125 44 est.
320 551 219 44 sensitiuum
492 551 125 44 enim
570 551 235 44 susceptiuum
757 551 109 44 est
820 551 219 44 sensibilis
992 551 125 44 sine
1070 551 172 44 materia
1180 551 109 44 vnun-

252 594 192 53 quodque.
396 594 128 53 vnde
476 594 224 53 abeuntibus
652 594 256 53 sensibilibus
861 594 160 53 insunt
973 594 160 53 sensus
1085 594 80 53 &
1101 594 192 53 phantasiae

250 644 154 46 quibus
358 644 200 46 sentiunt.
512 644 216 46 Sensibilis
681 644 139 46 autem
774 644 139 46 actus
866 644 77 46 &
897 644 170 46 sensus,
1020 644 123 46 idem
1098 644 108 46 est
1159 644 77 46 &
1190 644 139 46 vnus:

240 679 130 51 esse
321 679 147 51 autem
419 679 179 51 ipsorum
549 679 114 51 non
615 679 147 51 idem:
712 679 130 51 dico
794 679 147 51 autem
892 679 98 51 vt
940 679 147 51 sonus
1038 679 196 51 secundum
1169 679 130 51 actum,

250 723 87 42 &
284 723 192 42 auditus
424 723 210 42 secundum
582 723 175 42 actum.
704 723 122 42 Est
774 723 140 42 enim
861 723 192 42 auditum
1001 723 210 42 habentia
1158 723 122 42 non
1211 723 87 42 au-

240 763 151 56 dire,
341 763 84 56 &
375 763 168 56 habens
492 763 151 56 sonum
593 763 118 56 non
660 763 168 56 semper
778 763 168 56 sonat:
895 763 118 56 cum
962 763 151 56 autem
1063 763 201 56 operetur
1197 763 101 56 pos-

249 808 158 43 sibile
360 808 174 43 audire,
486 808 79 43 &
518 808 142 43 sonet
613 808 205 43 possibile
771 808 174 43 sonare,
897 808 126 43 tunc
976 808 190 43 secundum
1118 808 142 43 actum
1197 808 95 43 audi

245 859 112 47 tus
309 859 207 47 simulfit,
468 859 80 47 &
500 859 191 47 secundum
644 859 144 47 actum
740 859 160 47 sonus.
851 859 160 47 quorum
963 859 144 47 dicet
1059 859 160 47 vtique
1154 859 144 47 aliquis

243 893 119 46 hoc
311 893 170 46 quidem
430 893 136 46 esse
515 893 255 46 auditionem,
719 893 119 46 hoc
787 893 136 46 vero
855 893 221 46 sonationem.

291 941 210 54 perspicuum
456 941 150 54 igitur
561 941 105 54 est
621 941 120 54 uisu
696 941 180 54 sentire,
832 941 105 54 non
892 941 120 54 esse
967 941 135 54 unum.
1057 941 150 54 etenim
1162 941 105 54 cum
1222 941 105 54 non

241 996 182 47 uidemus,
377 996 121 47 uisu
453 996 182 47 tenebras
590 996 182 47 lumenque
726 996 243 47 discernimus,
924 996 106 47 sed
984 996 106 47 non
1045 996 137 47 eodem
1136 996 137 47 modo.
1212 996 91 47 Quin

240 1043 84 56 &
274 1043 101 56 id
324 1043 151 56 ipsum
425 1043 134 56 quod
509 1043 151 56 uidet
610 1043 168 56 quodam
727 1043 134 56 modo
811 1043 218 56 coloratum
979 1043 134 56 est:
1063 1043 118 56 nam
1113 1043 185 56 sensorium

247 1091 167 65 quodque,
372 1091 125 65 capax
455 1091 97 65 est
511 1091 194 65 sensibilis
664 1091 111 65 sine
733 1091 167 65 materia.
858 1091 153 65 idcirco
969 1091 97 65 uel
1024 1091 139 65 amotis
1108 1091 194 65 sensibilibus

247 1140 143 47 insunt
347 1140 143 47 sensus
447 1140 243 47 phantasiaeque
647 1140 86 47 in
690 1140 200 47 sensoriis.
847 1140 129 47 Actus
933 1140 129 47 porro
1019 1140 200 47 sensibilis
1176 1140 72 47 &
1191 1140 114 47 sensus

248 1187 118 56 idem
322 1187 103 56 est
381 1187 74 56 &
411 1187 133 56 unus,
499 1187 118 56 esse
573 1187 133 56 autem
661 1187 133 56 ipsis
750 1187 103 56 non
809 1187 133 56 idem:
898 1187 133 56 uerbi
986 1187 148 56 causa,
1089 1187 118 56 actu
1163 1187 133 56 sonus
1237 1187 59 56 a-

245 1239 141 52 ctuque
343 1239 169 52 auditus,
470 1239 84 52 fi
512 1239 98 52 eri
568 1239 112 52 enim
638 1239 155 52 potest,
751 1239 84 52 ut
793 1239 155 52 auditum
905 1239 112 52 quis
976 1239 155 52 habeat,
1088 1239 98 52 nec
1144 1239 155 52 audiat:
1257 1239 70 52 &

247 1288 125 68 quod
325 1288 140 68 sonum
419 1288 156 68 habet,
528 1288 109 68 non
591 1288 156 68 semper
700 1288 156 68 sonat.
809 1288 109 68 cum
872 1288 140 68 autem
965 1288 187 68 operatur
1106 1288 94 68 id
1153 1288 125 68 quod
1215 1288 78 68 po-

235 1336 105 62 test
300 1336 144 62 audire,
405 1336 170 62 sonatque,
536 1336 105 62 quod
602 1336 131 62 sonare
694 1336 144 62 potest,
799 1336 105 62 tunc
864 1336 105 62 actu
930 1336 144 62 auditus
1035 1336 118 62 simul
1113 1336 105 62 fit,
1166 1336 131 62 actuque.

250 1388 136 55 sonus.
345 1388 122 55 quoru
427 1388 149 55 dixerit
535 1388 163 55 aliquis,
657 1388 163 55 alterum,
780 1388 203 55 auditionem:
942 1388 163 55 alterum,
1064 1388 190 55 sonationem
1200 1388 95 55 esse.

287 1452 169 46 Dicamns
409 1452 153 46 igitur
517 1452 123 46 quod
593 1452 215 46 manifestum
762 1452 107 46 est
823 1452 123 46 quod
900 1452 169 46 sentire
1022 1452 107 46 per
1083 1452 138 46 visum
1175 1452 107 46 non
1221 1452 77 46 est

239 1492 134 48 num.
323 1492 167 48 iudica
440 1492 117 48 mus
506 1492 134 48 enim
590 1492 117 48 per
657 1492 150 48 visum
757 1492 134 48 nos,
840 1492 117 48 non
907 1492 200 48 videndo,
1041 1492 250 48 obscuritatem,

241 1533 83 45 &
275 1533 167 45 lucem,
392 1533 117 45 sed
458 1533 117 45 non
525 1533 150 45 eodem
625 1533 150 45 modo.
725 1533 100 45 Et
776 1533 150 45 etiam
876 1533 167 45 videns
993 1533 117 45 est
1059 1533 150 45 quasi
1143 1533 150 45 colora-

254 1572 122 63 tum.
330 1572 183 63 sentiens
468 1572 122 63 enim
544 1572 168 63 recipit
666 1572 199 63 sensibile
819 1572 138 63 extra
911 1572 199 63 materiam,
1064 1572 199 63 quidlibet
1201 1572 92 63 quod

250 1620 152 47 libet.
356 1620 76 47 &
386 1620 136 47 ideo,
477 1620 106 47 cum
538 1620 167 47 fuerint
659 1620 212 47 sensibilia
826 1620 197 47 abstracta
978 1620 136 47 erunt
1069 1620 167 47 sensus,
1190 1620 76 47 &
1205 1620 91 47 ima-

242 1661 208 52 ginationes
406 1661 223 52 existentes.
584 1661 89 52 Et
629 1661 134 52 actio
718 1661 208 52 sensibilis
882 1661 74 52 &
911 1661 149 52 sensus
1015 1661 134 52 eadem
1105 1661 119 52 est:
1179 1661 89 52 in
1209 1661 89 52 esse

249 1701 135 54 autem
339 1701 105 54 non
399 1701 120 54 sunt
473 1701 135 54 eadem
563 1701 90 54 in
608 1701 120 54 eis.
683 1701 90 54 v.
728 1701 90 54 g.
773 1701 150 54 sonus,
877 1701 105 54 qui
937 1701 105 54 est
997 1701 90 54 in
1042 1701 135 54 actu,
1131 1701 75 54 &
1161 1701 165 54 auditus

247 1748 103 57 qui
306 1748 103 57 est
365 1748 88 57 in
409 1748 132 57 actu.
497 1748 191 57 possibile
645 1748 103 57 est
703 1748 118 57 enim
777 1748 88 57 vt
821 1748 162 57 aliquis
939 1748 147 57 habeat
1042 1748 177 57 auditum,
1174 1748 103 57 sed
1218 1748 74 57 non

241 1790 179 45 audiat,
371 1790 81 45 &
403 1790 98 45 vt
452 1790 179 45 aliquid
582 1790 163 45 habeat
696 1790 163 45 sonum,
810 1790 114 45 sed
875 1790 114 45 non
940 1790 163 45 semper
1053 1790 163 45 sonet.
1167 1790 114 45 cum
1216 1790 81 45 au-

246 1826 102 50 tem
305 1826 160 50 fecerit
421 1826 145 50 illud,
523 1826 116 50 quod
595 1826 102 50 est
653 1826 87 50 in
697 1826 102 50 sua
755 1826 189 50 potentia,
901 1826 87 50 vt
944 1826 160 50 audiat,
1060 1826 73 50 &
1090 1826 189 50 sonauerit
1220 1826 73 50 il-

244 1875 122 40 lud,
320 1875 122 40 quod
397 1875 107 40 est
458 1875 92 40 in
504 1875 184 40 potentia
642 1875 122 40 sua,
718 1875 92 40 vt
764 1875 153 40 sonet,
871 1875 122 40 tunc
948 1875 138 40 erunt
1040 1875 168 40 insimul
1162 1875 168 40 auditus
