1416 2066
246 196 100 47 Et,
303 196 100 47 cum
360 196 200 47 declarauit
517 196 157 47 naturam
632 196 143 47 istius
732 196 243 47 definitionis,
932 196 71 47 &
960 196 157 47 quantum
1075 196 172 47 largitur
1203 196 86 47 de
1232 196 57 47 eo

255 238 175 52 gnitione,
389 238 135 52 dixit.
484 238 148 52 Oportet
592 238 135 52 igitur
686 238 162 52 quaerere
807 238 81 52 in
848 238 162 52 quolibet
969 238 108 52 quid
1037 238 108 52 est,
1104 238 94 52 &c.
1158 238 81 52 i.
1199 238 94 52 cum
1239 238 54 52 de

252 275 158 45 claratum
370 275 92 45 est
423 275 105 45 quod
489 275 105 45 ista
554 275 171 45 definitio
686 275 132 45 animae
778 275 92 45 est
831 275 79 45 de
870 275 132 45 genere
962 275 210 45 definitionis
1133 275 158 45 figurae:
1252 275 66 45 &

249 315 222 48 quemadmodum
427 315 104 48 non
486 315 177 48 sufficit
619 315 89 48 in
663 315 207 48 cognitione
826 315 163 48 figurae
944 315 177 48 rectarum
1077 315 192 48 linearum,
1225 315 74 48 &
1240 315 59 48 fi

249 356 105 53 gurae
319 356 163 53 circularis
447 356 140 53 cognitio
552 356 128 53 figurae
645 356 186 53 simpliciter,
796 356 81 53 ita
842 356 81 53 est
889 356 70 53 in
924 356 174 53 definitione
1063 356 116 53 animae
1133 356 163 53 vniversalis.

252 403 152 44 quaerenda
369 403 82 44 est
416 403 117 44 igitur
497 403 93 44 post
556 403 175 44 cognitionem
696 403 117 44 istius
778 403 187 44 definitionis
929 403 175 44 vniversalis
1069 403 163 44 definitio,
1186 403 105 44 propria

254 436 164 47 vniuscuiusque
389 436 116 47 virtutis
476 436 97 47 anima,
544 436 116 47 scilicet
631 436 77 47 quae
679 436 68 47 est
718 436 87 47 anima
776 436 125 47 plantaae,
872 436 48 47 &
891 436 77 47 quae
940 436 87 47 anima
997 436 106 47 homins,
1075 436 106 47 propria
1152 436 87 47 illi,
1210 436 58 47 et
1229 436 58 47 quae

250 474 136 41 bruti.
345 474 109 41 D.d.
413 474 81 41 Et
454 474 149 41 oportet
562 474 163 41 quaerere
685 474 95 41 qua
739 474 81 41 de
780 474 95 41 cam
834 474 109 41 sunt
902 474 122 41 talis
983 474 176 41 disponis.
1119 474 81 41 i.
1159 474 68 41 &
1173 474 122 41 oportet

251 518 163 44 pscrutari
377 518 113 44 etiam
453 518 113 44 quare
528 518 163 44 inuenitur
654 518 75 44 in
691 518 176 44 virtutibus
830 518 126 44 animae
918 518 113 44 prius
993 518 63 44 &
1018 518 189 44 consequens.
1157 518 138 44 sensibile

254 551 102 43 enim
318 551 191 43 impossibile
470 551 89 43 est
521 551 76 43 vt
559 551 89 43 sit
610 551 127 43 absque
699 551 178 43 nutritiuo.
839 551 178 43 nutritiuum
978 551 114 43 autem
1055 551 127 43 potest
1144 551 102 43 esse
1194 551 102 43 absque

253 591 170 44 sensibili.
386 591 61 44 &
411 591 85 44 hoc
459 591 85 44 est
508 591 73 44 in
544 591 146 44 plantis.
654 591 73 44 Et
690 591 109 44 etiam
763 591 134 44 apparet
860 591 97 44 quod
921 591 182 44 impossibile
1066 591 85 44 est
1115 591 73 44 vt
1151 591 134 44 aliquis
1236 591 61 44 qua

258 632 105 43 tuor
323 632 144 43 sensuum
428 632 92 43 sit
481 632 105 43 sine
546 632 131 43 tactu:
638 632 131 43 tactus
730 632 118 43 autem
809 632 131 43 potest
901 632 105 43 esse
966 632 118 43 extra
1045 632 118 43 alios
1124 632 131 43 sensus
1202 632 92 43 plura

254 668 112 47 enim
324 668 168 47 animalia
450 668 140 47 carent
548 668 126 47 visu,
632 668 70 47 &
660 668 154 47 auditu,
772 668 70 47 &
799 668 168 47 odoratu,
925 668 70 47 &
953 668 140 47 gustu.
1051 668 70 47 &
1079 668 98 47 hoc
1121 668 168 47 intendebat

256 707 96 47 cum
311 707 123 47 dixit
393 707 123 47 neque
475 707 123 47 alium
557 707 150 47 sensum.
667 707 82 47 Et
708 707 109 47 iste
776 707 123 47 locus
858 707 150 47 indiget
968 707 260 47 consyderatione.
1173 707 123 47 existi-

250 748 117 39 natur
328 748 104 39 enim
393 748 104 39 quod
458 748 130 39 gustus
549 748 91 39 est
601 748 104 39 vnus
666 748 143 39 modorum
770 748 143 39 tactus,
874 748 156 39 secundum
991 748 104 39 quod
1056 748 143 39 dixitus
1147 748 143 39 superius.

247 787 107 40 Sed,
313 787 80 40 si
353 787 160 40 aliquodi
473 787 133 40 animal
567 787 160 40 nutritur
687 787 80 40 ex
727 787 120 40 rebus
807 787 187 40 carentibus
954 787 160 40 saporem,
1074 787 107 40 tunc
1140 787 133 40 gustus
1220 787 67 40 il-

250 828 105 40 lius
316 828 158 40 animalis
434 828 92 40 non
487 828 105 40 erit
553 828 105 40 nisi
619 828 158 40 secundum
737 828 158 40 calidum,
855 828 66 40 &
882 828 171 40 frigidum,
1013 828 66 40 &
1040 828 158 40 humidum,
1158 828 66 40 &
1172 828 119 40 siccum.

275 867 90 40 Aut
327 867 167 40 intendit,
455 867 90 40 cum
506 867 77 40 d.
545 867 116 40 neque
622 867 116 40 alium
699 867 141 40 sensum.
801 867 77 40 i.
840 867 103 40 quod
904 867 116 40 alius
981 867 128 40 sensus
1071 867 90 40 non
1109 867 180 40 distinouitur

248 895 70 52 in
283 895 129 52 vltimo.
377 895 70 52 i.
412 895 70 52 in
447 895 105 52 fine,
517 895 59 52 a
541 895 105 52 sensu
611 895 129 52 tactus,
705 895 140 52 secundum
810 895 94 52 quod
868 895 152 52 inuenitur
985 895 70 52 in
1021 895 164 52 animalibus
1138 895 140 52 perfectis.

249 943 68 43 Et
283 943 192 43 vniversaliter
441 943 147 43 opinandum
554 943 79 43 est
599 943 102 43 quod,
667 943 68 43 si
701 943 113 43 animal
780 943 102 43 habet
848 943 113 43 sensum
927 943 124 43 tactus,
1018 943 57 43 &
1040 943 136 43 nutritur
1142 943 57 43 a
1165 943 90 43 suis
1210 943 79 43 radi-

247 981 136 53 cibus,
343 981 122 53 sicut
424 981 150 53 plantae
533 981 204 53 nutriuntur,
696 981 82 53 vt
737 981 150 53 dicitur
845 981 82 53 de
886 981 150 53 spongia
995 981 136 53 maris,
1090 981 68 53 &
1117 981 122 53 istud
1185 981 109 53 animal

243 1025 130 42 habet
329 1025 145 42 sensum
431 1025 145 42 tactus
532 1025 116 42 sine
604 1025 145 42 gustu.
705 1025 72 42 &
734 1025 130 42 forte
821 1025 145 42 innuit
922 1025 130 42 tales
1009 1025 130 42 istos
1096 1025 130 42 modos
1168 1025 116 42 anima-

242 1063 140 44 lium.
336 1063 124 44 omne
413 1063 124 44 enim
491 1063 155 44 animal
599 1063 155 44 habens
708 1063 109 44 os.
770 1063 140 44 habet
863 1063 171 44 aliquem
971 1063 140 44 gustum,

284 1131 92 56 Et
330 1131 244 56 sensitiuorum
528 1131 153 56 autem,
635 1131 122 56 alia
711 1131 153 56 quidem
818 1131 153 56 habent
925 1131 183 56 secundum
1062 1131 137 56 locum
1138 1131 153 56 motiuum,

235 1173 139 47 alia
321 1173 139 47 vero
408 1173 121 47 non
477 1173 190 47 habent:
616 1173 190 47 vltimum
754 1173 156 47 autem
858 1173 87 47 &
893 1173 208 47 minimum,
1031 1173 260 47 ratiocinatio-

243 1217 111 49 nem
307 1217 80 49 &
339 1217 255 49 intellectum:
545 1217 159 49 Quibus
657 1217 127 49 enim
736 1217 143 49 inest
832 1217 255 49 ratiocinatio
1023 1217 270 49 corruptibilium,

241 1259 117 39 his
308 1259 84 39 &
342 1259 184 39 reliqua
476 1259 168 39 omnia:
593 1259 168 39 quibus
710 1259 151 39 autem
811 1259 184 39 illorum
945 1259 268 39 vnumquodque,
1163 1259 117 39 non
1213 1259 84 39 om-

234 1300 150 47 nibus
334 1300 283 47 iatiocinatio:
567 1300 116 47 sed
634 1300 216 47 quibusdam
800 1300 166 47 quidem
916 1300 150 47 neque
1016 1300 250 47 imaginatio:
1199 1300 100 47 alia

236 1341 140 47 autem
330 1341 109 47 hac
392 1341 124 47 sola
469 1341 171 47 viuunt.
593 1341 93 47 De
640 1341 233 47 speculatiuo
826 1341 140 47 autem
919 1341 217 47 intellectu
1089 1341 155 47 altera
1182 1341 109 47 ratio

235 1395 124 48 est.
313 1395 124 48 quod
391 1395 155 48 quidem
500 1395 155 48 igitur
608 1395 93 48 de
655 1395 140 48 horum
748 1395 202 48 vnoquoque
904 1395 155 48 ratio,
1012 1395 124 48 haec
1074 1395 218 48 propriissima

237 1428 85 45 &
271 1428 102 45 de
322 1428 170 45 anima,
441 1428 238 45 manifestum
611 1428 102 45 est.

286 1467 130 48 inter
372 1467 188 48 sensitiua
517 1467 130 48 etiam
603 1467 115 48 sunt
675 1467 115 48 quae
747 1467 159 48 habeant
863 1467 159 48 motiuum
978 1467 115 48 motu
1051 1467 130 48 loci,
1137 1467 115 48 sunt
1209 1467 115 48 quae

233 1513 118 50 non
301 1513 202 50 habeant.
452 1513 169 50 ultima
571 1513 152 50 autem
672 1513 84 50 &
706 1513 169 50 minima
824 1513 202 50 rationem
975 1513 84 50 &
1009 1513 219 50 dianoeam:
1178 1513 101 50 in
1212 1513 84 50 qui

241 1564 99 47 bus
298 1564 114 47 enim
369 1564 184 47 mortalium
510 1564 128 47 inest
596 1564 142 47 ratio,
695 1564 99 47 iis
752 1564 156 47 quoque,
865 1564 156 47 reliqua
979 1564 128 47 omnia
1064 1564 156 47 insunt:
1177 1564 85 47 in
1206 1564 85 47 qui-

240 1612 103 47 bus
299 1612 132 47 autem
387 1612 220 47 unumquodque
563 1612 176 47 illorum,
694 1612 88 47 in
738 1612 103 47 iis
797 1612 103 47 non
856 1612 161 47 omnibus
973 1612 132 47 inest
1061 1612 146 47 ratio.
1163 1612 103 47 sed
1207 1612 88 47 qui-

239 1660 158 50 busdam
350 1660 95 50 ne
397 1660 205 50 phantasia
555 1660 174 50 quidem:
682 1660 190 50 quaedam,
824 1660 111 50 hac
887 1660 126 50 sola
966 1660 174 50 uiuunt.
1093 1660 95 50 De
1124 1660 174 50 contempla

246 1708 111 63 tiuo
316 1708 97 63 aut
371 1708 194 63 intellectu
524 1708 111 63 alia
593 1708 97 63 est
649 1708 139 63 ratio.
746 1708 83 63 ac
788 1708 236 63 disputationem
982 1708 139 63 quidem
1080 1708 83 63 de
1121 1708 97 63 uno
1163 1708 125 63 quoqde,

239 1756 150 54 horum
339 1756 166 54 maxime
456 1756 150 54 etiam
556 1756 100 54 ad
606 1756 166 54 animam
722 1756 216 54 pertinere
889 1756 233 54 perspicuum
1055 1756 100 54 est.

287 1805 93 46 Et
333 1805 93 46 ex
379 1805 123 46 eis,
456 1805 123 46 quae
533 1805 231 46 sentiuntur,
718 1805 108 46 est
780 1805 123 46 quod
857 1805 170 46 quaedam
981 1805 154 46 habent
1089 1805 139 46 motum
1181 1805 93 46 in
1212 1805 77 46 lo-

240 1851 118 57 co,
307 1851 84 57 &
341 1851 185 57 quaedam
475 1851 134 57 non:
559 1851 269 57 complementum
778 1851 168 57 autem,
895 1851 84 57 &
929 1851 151 57 finis
1029 1851 118 57 est
1097 1851 168 57 illud,
1197 1851 101 57 quod

231 1893 150 46 habet
331 1893 267 46 cognitionem,
549 1893 83 46 &
582 1893 301 46 distinctionem.
832 1893 134 46 omne
916 1893 134 46 enim
999 1893 100 46 ex
1050 1893 150 46 rebus
1133 1893 167 46 corrupti
