1416 2066
199 157 97 38 est,
259 157 85 38 non
308 157 121 38 semper
392 157 109 38 autem
465 157 97 38 post
526 157 121 38 sensum
610 157 85 38 est
647 157 60 38 ap-

194 190 139 39 petitus.
299 190 93 39 quod
356 190 69 39 si
391 190 81 39 ita
437 190 69 39 se
472 190 116 39 habet,
553 190 81 39 non
588 190 127 39 vbicunque

193 229 129 29 altera
283 229 116 29 harum
361 229 181 29 potestatum
503 229 103 29 est,
567 229 129 29 ibidem
645 229 64 29 sem

200 251 83 40 per
248 251 131 40 alteram
343 251 95 40 esse
402 251 166 40 contingit,
533 251 59 40 &
557 251 83 40 est
592 251 119 40 expressa

203 281 177 34 contradictio,
348 281 94 34 sicut
411 281 104 34 vides.
484 281 83 34 Nisi
536 281 94 34 esset
598 281 83 34 quod
640 281 73 34 Alex-

200 314 136 32 loquitur
302 314 68 32 de
336 314 148 32 appetitu,
450 314 80 32 qui
495 314 80 32 est
541 314 159 32 principium
654 314 57 32 mo-

200 346 82 38 tus
247 346 129 38 localis
341 346 175 38 determinati
481 346 70 38 in
516 346 164 38 animalibus
633 346 82 38 perfe

201 377 87 34 ctis
256 377 131 34 inuenti.
354 377 87 34 Vnde
409 377 87 34 ista
464 377 66 34 se
496 377 109 34 habent
573 377 77 34 per
606 377 109 34 ordinem,

200 404 157 39 imaginatio,
325 404 136 39 assensus,
429 404 136 39 impulsio,
534 404 104 39 actio.
607 404 84 39 stat
648 404 63 39 enim

203 439 96 39 esse
263 439 204 39 imaginationem
431 439 96 39 sine
491 439 144 39 assensu,
599 439 72 39 vt
623 439 84 39 imagi

193 474 122 32 nemut
275 474 122 32 Solem
356 474 108 32 esse
423 474 162 32 pedalem,
545 474 68 32 &
572 474 122 32 tamen
653 474 95 32 non

195 499 197 31 assentimus.
352 499 171 31 Similiter
484 499 92 31 non
536 499 118 31 omnem
602 499 105 31 assen-

193 533 88 30 sum
244 533 152 30 sequitur
358 533 164 30 impulsio.
484 533 101 30 nam,
547 533 88 30 qui
585 533 126 30 cuipiam,

203 565 96 37 quod
263 565 108 37 album
335 565 96 37 sit,
396 565 157 37 assentit,
516 565 84 37 non
564 565 145 37 continuo
661 565 48 37 in

193 592 67 36 id
226 592 122 36 impulsu
315 592 144 36 trahitur.
426 592 67 36 &,
459 592 67 36 si
492 592 133 36 Socratem
592 592 89 36 esse
636 592 78 36 esum,

195 629 77 34 qui
239 629 109 34 obiter
315 629 175 34 progreditur,
458 629 164 34 assentimus,
589 629 77 34 non
622 629 87 34 proin-

197 653 81 42 de
237 653 81 42 ad
277 653 94 42 rem
331 653 148 42 quapiam
438 653 201 42 appetitione
600 653 67 42 &
613 653 94 42 impul

197 684 77 33 su
236 684 167 33 trabimur.
364 684 141 33 Accidit
466 684 115 33 etiam
543 684 77 33 vt
569 684 141 33 plerunque

200 717 174 38 impulsione,
339 717 104 38 atque
409 717 139 38 appetitu
513 717 116 38 parati
594 717 104 38 nihil
652 717 58 38 aga

196 746 96 33 mus,
256 746 131 33 quoties
351 746 155 33 appetitui
471 746 108 33 neque
543 746 167 33 consilium,
662 746 48 33 ne

203 777 79 36 que
248 777 169 36 deliberatio
383 777 180 36 suffragauit,
529 777 68 36 vt
563 777 124 36 asserit
642 777 68 36 idem

201 809 118 33 Alexan.
287 809 64 33 in
319 809 86 33 cap.
373 809 64 33 de
405 809 150 33 phantasia,
523 809 64 33 in
556 809 97 33 para.
620 809 64 33 de
642 809 64 33 ani-

200 840 78 33 ma.
244 840 56 33 &
267 840 78 33 ita
311 840 100 33 patet
378 840 89 33 quod
433 840 133 33 loquitur
533 840 67 33 de
567 840 133 33 appetitu
655 840 56 33 de-

199 871 151 36 terminato
315 871 58 36 &
338 871 151 36 perfecto.
454 871 116 36 Arils.
535 871 104 36 autem
593 871 116 36 loquitur

195 903 80 34 de
235 903 159 34 appetitu
354 903 199 34 imperfecto,
514 903 66 34 &
527 903 186 34 imaginatione

202 932 165 31 imperfecta,
334 932 88 31 quae
389 932 77 31 est
433 932 132 31 respectu
533 932 121 31 obiecti
610 932 99 31 praesen

191 963 100 31 tis,
254 963 75 31 vt
292 963 113 31 notat
367 963 126 31 Commen
455 963 88 31 ibi
505 963 75 31 in
543 963 126 31 commen
631 963 63 31 &
643 963 63 31 om-

200 992 80 41 nes
234 992 159 41 expositores.

233 1027 204 32 Decimaoctaua
399 1027 204 32 contradictio
564 1027 89 32 est
615 1027 76 32 in
641 1027 76 32 com.

208 1059 79 39 1o.
253 1059 102 39 dicit
321 1059 91 39 quod
378 1059 91 39 omne
435 1059 113 39 animal
514 1059 102 39 habet
571 1059 136 39 imaginati-

205 1087 87 38 uam.
259 1087 141 38 Oppositum
368 1087 109 38 infra.
444 1087 87 38 136.
499 1087 141 38 Soluitur.
607 1087 65 38 lo
629 1087 87 38 quitur

204 1117 80 35 hic
249 1117 69 35 de
284 1117 172 35 imaginatiua
422 1117 149 35 absolute,
537 1117 92 35 siue
583 1117 126 35 perfecta,

198 1149 100 30 siue
260 1149 188 30 imperfecta:
410 1149 88 30 ibi
460 1149 100 30 vero
523 1149 75 30 de
548 1149 163 30 imaginatiua

200 1177 146 40 perfecta
297 1177 109 40 tantum.

230 1205 169 37 Decimanona
363 1205 193 37 contradictio
519 1205 84 37 est
567 1205 72 37 in
604 1205 96 37 com.
652 1205 60 37 11.

195 1241 100 33 Dicit
261 1241 89 33 quod
317 1241 122 33 sentire
405 1241 77 33 est
449 1241 111 33 actio.
527 1241 144 33 Oppositum
626 1241 89 33 infra.

203 1271 78 37 com.
252 1271 68 37 32.
291 1271 68 37 vbi
330 1271 107 37 dicitur
408 1271 78 37 quod
457 1271 68 37 est
496 1271 88 37 pati.
555 1271 78 37 Nisi
604 1271 88 37 esset
652 1271 59 37 quod

195 1302 124 34 fumpsit
285 1302 136 34 actionem
387 1302 79 34 pro
432 1302 147 34 passione,
545 1302 90 34 aut.
602 1302 68 34 si
625 1302 90 34 verius

200 1333 133 37 dicamus,
300 1333 77 37 non
344 1333 77 37 est
388 1333 155 37 formaliter
510 1333 111 37 actio,
587 1333 100 37 neque
643 1333 66 37 for-

199 1364 125 34 maliter
290 1364 125 34 passio,
381 1364 80 34 sed
426 1364 171 34 assimilatur
563 1364 114 34 illis,
643 1364 57 34 &
654 1364 57 34 hoc

200 1395 83 33 Deo
247 1395 94 33 duce
306 1395 83 33 in.
354 1395 71 33 3.
389 1395 71 33 de
425 1395 106 33 anima
495 1395 201 33 declarabimus,
649 1395 59 33 vbi

201 1429 167 29 videbimus
330 1429 77 29 in
368 1429 128 29 simili
458 1429 141 29 quomodo
548 1429 167 29 intelligere

199 1457 76 30 sit
243 1457 98 30 pati.
308 1457 76 30 sed
351 1457 76 30 pro
394 1457 87 30 nunc
449 1457 119 30 recurre
535 1457 76 30 ad.
579 1457 65 30 13
601 1457 108 30 quaestio

193 1492 80 38 nem
238 1492 183 38 quolibetorum
387 1492 114 38 Scoti.
467 1492 114 38 artic.
547 1492 69 38 3.
581 1492 57 38 &
604 1492 91 38 ibi,
649 1492 69 38 vide

198 1520 82 35 bis
233 1520 140 35 veritatem.

232 1548 127 44 Vigesima
328 1548 137 44 contradi.
433 1548 74 44 est
476 1548 63 44 in
507 1548 85 44 tex.
560 1548 63 44 3.
592 1548 63 44 4.
613 1548 95 44 Aristo,

200 1581 66 37 &
226 1581 146 37 Commen.
332 1581 159 37 videntur
452 1581 133 37 dicere
545 1581 133 37 formam
624 1581 80 37 esst

203 1614 105 36 actum
273 1614 128 36 agentis
366 1614 70 36 in
401 1614 140 36 patiente
506 1614 58 36 &
530 1614 163 36 disposito.
658 1614 82 36 Sed

203 1642 108 32 huius
275 1642 156 32 oppositum
395 1642 132 32 habetur
492 1642 84 32 in.
540 1642 72 32 7.
576 1642 108 32 meta.
636 1642 72 32 tex-

199 1673 126 32 commen.
290 1673 80 32 36.
336 1673 80 32 vbi
382 1673 126 32 dicitur
473 1673 92 32 quod
531 1673 103 32 agens
599 1673 80 32 non
634 1673 80 32 facit

206 1704 67 34 in
239 1704 89 34 alio
295 1704 111 34 aliud.
372 1704 78 34 non
417 1704 89 34 enim
472 1704 100 34 facit
539 1704 67 34 in
572 1704 122 34 materia
650 1704 55 34 for

198 1740 104 30 mam,
263 1740 91 30 sed
315 1740 78 30 ex
355 1740 144 30 materia
459 1740 170 30 formatum.
576 1740 131 30 Solutio-

201 1773 178 32 generatio,
341 1773 64 32 &
367 1773 115 32 omnis
443 1773 115 32 motus
520 1773 178 32 dupliciter
647 1773 64 32 po-

200 1797 90 38 test
256 1797 180 38 consyderari.
402 1797 79 38 Vno
447 1797 101 38 modo,
515 1797 67 38 vt
548 1797 79 38 est
593 1797 101 38 extra
650 1797 67 38 ani-

207 1829 78 36 mam
251 1829 67 36 in
285 1829 134 36 effectu.
385 1829 56 36 &
408 1829 78 36 sic
452 1829 89 36 quod
508 1829 78 36 per
553 1829 67 36 se
575 1829 134 36 generatur,

197 1858 88 41 est
247 1858 175 41 compositum
384 1858 75 41 ex
422 1858 138 41 materia
522 1858 63 41 &
547 1858 125 41 forma,
622 1858 88 41 istud

734 149 98 49 enim
795 149 147 49 terminat
905 149 74 49 in
942 149 98 49 esse
1004 149 110 49 reali
1077 149 147 49 actionem
1175 149 74 49 agen

733 197 87 34 tis.
788 197 55 34 &
809 197 87 34 isto
864 197 87 34 modo
919 197 109 34 Arist.
995 197 131 34 loquitur
1093 197 76 34 in.
1137 197 65 34 7.
1159 197 87 34 primae

737 220 215 32 philosophiae.
914 220 101 32 Alio
978 220 101 32 modo
1041 220 202 32 consyderatur
1192 220 51 32 vt

737 260 75 31 est
780 260 65 31 in
813 260 173 31 abstractione
953 260 119 31 animae,
1039 260 65 31 vt
1071 260 129 31 refertur
1169 260 65 31 ad
1190 260 54 31 sua

733 285 149 35 principia
847 285 69 35 ex
882 285 115 35 quibus
962 285 138 35 constat,
1066 285 57 35 &
1089 285 80 35 sic
1135 285 92 35 sunt
1181 285 57 35 ma-

731 317 120 30 teria,
815 317 120 30 forma,
898 317 60 30 &
922 317 155 30 priuatio,
1042 317 120 30 quorum
1125 317 84 30 duo
1161 317 84 30 sunt,

740 344 78 35 per
784 344 78 35 se,
829 344 56 35 &
851 344 89 35 vnum
907 344 78 35 per
951 344 145 35 accidens.
1063 344 89 35 vnde
1119 344 78 35 sic
1163 344 67 35 in
1185 344 56 35 ra-

739 375 88 35 tione
798 375 156 35 generationis
924 375 78 35 ista
973 375 78 35 tria
1022 375 117 35 apparent
1110 375 117 35 scilicet
1188 375 58 35 ter-

734 408 111 34 mini,
808 408 62 34 &
832 408 172 34 subiectum.
968 408 86 34 nam
1017 408 160 34 generatio
1140 408 86 34 est
1177 408 74 34 tras

733 439 120 32 mutatio
820 439 65 32 ex
853 439 76 32 non
897 439 87 32 esse
951 439 65 32 ad
984 439 98 32 esse.
1050 439 76 32 nam
1093 439 65 32 ex
1126 439 87 32 hoc,
1181 439 87 32 quod

735 468 81 32 est
782 468 197 32 transmutatio,
944 468 127 32 apparet
1037 468 162 32 subiectum,
1164 468 58 32 &
1176 468 69 32 eius

732 500 198 35 transmutatio
893 500 87 35 est
942 500 112 35 actus
1017 500 235 35 transmutabilis,
1215 500 62 35 &

731 532 78 31 non
775 532 89 31 esse
831 532 78 31 est
875 532 144 31 priuatio,
986 532 56 31 &
1009 532 89 31 esse
1064 532 78 31 est
1109 532 89 31 ipsa
1153 532 89 31 forma.

730 564 63 30 &
756 564 89 30 sic
806 564 202 30 intelligitur
971 564 127 30 dictum
1047 564 202 30 Philosophorum,

727 592 93 35 dum
780 592 133 35 dicunt
873 592 133 35 formam
966 592 66 35 e
993 592 93 35 sse
1046 592 120 35 actum
1112 592 133 35 agentis,

731 622 131 36 secundum
829 622 131 36 rationem
928 622 164 36 consyderata
1059 622 175 36 generatione.
1190 622 55 36 Aut

731 653 77 38 dic
775 653 88 38 quod
830 653 154 38 compositum
951 653 77 38 est
995 653 132 38 terminus
1094 653 132 38 totalis,
1193 653 77 38 sed

737 684 98 39 orma
786 684 146 39 partialis.

766 709 204 45 Vigesimaprima
934 709 156 45 contradi.
1054 709 84 45 est
1102 709 72 45 in
1138 709 96 45 com.
1186 709 60 45 1A.

734 748 118 34 Habetur
820 748 86 34 quod
873 748 96 34 actio
938 748 160 34 attribuitur
1066 748 128 34 primitus
1151 748 86 34 formae

739 780 130 32 pppositum
839 780 80 32 est.
889 780 60 32 I.
919 780 60 32 de
949 780 100 32 anima.
1018 780 80 32 com.
1068 780 60 32 3.
1098 780 70 32 vbi
1138 780 90 32 dicit
1188 780 60 32 ali-

738 807 77 40 qua
782 807 154 40 accidentia
903 807 132 40 primitus
1002 807 132 40 attribui
1101 807 121 40 corpori
1178 807 66 40 quae

737 846 114 36 animae.
819 846 134 36 Soluitur,
923 846 83 36 quod
974 846 83 36 illa
1026 846 155 36 accidentia,
1150 846 83 36 quae
1191 846 52 36 di-

731 868 85 38 xit
779 868 133 38 Commen.
876 868 145 38 primitus
985 868 145 38 attribui
1094 868 133 38 corpori
1179 868 73 38 quam

732 906 128 38 animae,
825 906 81 38 non
872 906 162 38 intellexit
999 906 70 38 de
1034 906 128 38 corpore
1127 906 70 38 in
1161 906 81 38 quo
1196 906 58 38 est

731 933 117 32 anima,
813 933 105 32 sicut
883 933 105 32 forma
954 933 70 32 in
989 933 140 32 materia,
1094 933 82 32 sed
1141 933 70 32 de
1164 933 82 32 corpo

732 967 67 28 re
765 967 168 28 extrinsceo,
900 967 101 28 sicut
967 967 79 28 est
1012 967 101 28 vapor
1080 967 135 28 respectu
1169 967 79 28 somni

730 993 81 33 aut
777 993 127 33 aliquid
869 993 161 33 huiusmodi,
996 993 58 33 &
1019 993 81 33 sic
1065 993 81 33 non
1111 993 81 33 est
1157 993 69 33 ad
1180 993 69 33 pro-

732 1025 149 39 positum.
844 1025 87 39 Sed
893 1025 112 39 adhuc
968 1025 174 39 dubitatur.
1105 1025 100 39 quia
1155 1025 87 39 actio

734 1053 131 38 videtur
830 1053 108 38 primo
901 1053 155 38 composito
1021 1053 143 38 attribui
1128 1053 72 38 in
1152 1053 96 38 prooe-

734 1088 87 34 mio
783 1088 99 34 met.
845 1088 62 34 &
870 1088 112 34 primo
945 1088 75 34 de
982 1088 124 34 anima.
1069 1088 87 34 64.
1106 1088 137 34 Soluitur,

736 1118 165 36 composito
863 1118 76 36 vt
902 1118 114 36 quod,
978 1118 127 36 formae
1067 1118 76 36 vt
1105 1118 102 36 quo.
1169 1118 64 36 &
1181 1118 64 36 hoc

736 1149 81 37 non
783 1149 104 37 negat
852 1149 81 37 hic
898 1149 127 37 Commen.
990 1149 92 37 quia
1048 1149 104 37 dicit
1117 1149 92 37 quod
1163 1149 81 37 actio

731 1179 184 38 attribuitur
878 1179 147 38 primitus
988 1179 98 38 enti
1050 1179 135 38 propter
1136 1179 110 38 formam.

771 1213 221 37 Vigesimasecunda
958 1213 140 37 contrad.
1063 1213 82 37 est
1109 1213 70 37 in
1144 1213 93 37 tex.
1191 1213 58 37 16.

736 1236 116 41 Aristo.
821 1236 63 41 in
853 1236 137 41 praesenti
958 1236 84 41 loco
1011 1236 106 41 laudat
1085 1236 106 41 illos,
1159 1236 74 41 qui
1190 1236 53 41 opi

739 1273 93 35 nati
797 1273 93 35 sunt
855 1273 116 35 animam
936 1273 93 35 sine
994 1273 127 35 corpore
1087 1273 81 35 non
1133 1273 104 35 esse.
1191 1273 58 35 Sed

735 1304 85 33 hoc
783 1304 134 33 videtur
881 1304 134 33 inferre
978 1304 121 33 animam
1063 1304 170 33 intellecti
1184 1304 61 33 uam

739 1333 96 45 sine
799 1333 131 45 corpore
894 1333 84 45 non
942 1333 108 45 esse.
1014 1333 84 45 Sed
1062 1333 108 45 huius
1122 1333 131 45 oppositum

731 1373 116 33 videtur
816 1373 74 33 ex.
858 1373 64 33 2.
890 1373 64 33 de
922 1373 106 33 anima,
996 1373 74 33 vbi
1038 1373 127 33 dicitur,
1134 1373 85 33 quod
1176 1373 74 33 sepa-

730 1398 116 34 ratur,
811 1398 104 34 sicut
881 1398 150 34 perpetuum
996 1398 58 34 a
1020 1398 197 34 corruptibili.
1182 1398 58 34 &
1193 1398 58 34 est

737 1426 116 32 contra
818 1426 81 32 id,
865 1426 93 32 quod
923 1426 185 32 demonstratur
1073 1426 81 32 in.
1120 1426 69 32 3.
1154 1426 69 32 de
1178 1426 69 32 ani-

730 1457 74 34 ma,
773 1457 85 34 quod
826 1457 116 34 nullius
910 1457 127 34 corporis
1006 1457 74 34 est
1048 1457 106 34 actus.
1122 1457 85 34 Nisi
1164 1457 85 34 esset,

729 1493 126 33 quohoc
818 1493 126 33 dictum
906 1493 114 33 locum
982 1493 114 33 habet
1058 1493 76 33 de
1096 1493 114 33 anima
1159 1493 88 33 vege-

738 1526 122 34 tatiua,
827 1526 55 34 &
849 1526 155 34 sensitiua,
971 1526 89 34 quae
1026 1526 89 34 sunt
1082 1526 111 34 formae
1148 1526 100 34 organi-

729 1556 77 30 cae
773 1556 177 30 constitutae,
917 1556 99 30 sicut
983 1556 121 30 formae,
1071 1556 88 30 quae
1115 1556 133 30 constituun

731 1582 80 36 tur
776 1582 80 36 per
822 1582 148 36 subiecta.
936 1582 103 36 tales
1004 1582 91 36 enim
1061 1582 91 36 sunt
1107 1582 137 36 inseparabi

729 1611 95 32 les,
788 1611 59 32 &
812 1611 154 32 separatio
930 1611 106 32 earum
1001 1611 59 32 a
1025 1611 130 32 materia
1119 1611 83 32 est
1154 1611 95 32 corru-

737 1644 88 30 ptio
792 1644 110 30 earum,
869 1644 66 30 vt
903 1644 99 30 dicit
969 1644 121 30 Commen.
1057 1644 66 30 4.
1090 1644 88 30 phy.
1146 1644 88 30 com.
1190 1644 55 30 13.

736 1672 114 32 fallit
815 1672 102 32 autem
883 1672 68 32 de
917 1672 193 32 intellectiua.
1077 1672 91 32 quia
1122 1672 125 32 Aristote.

739 1704 63 34 de
770 1704 84 34 illa
822 1704 126 34 superius
916 1704 94 34 dixit
979 1704 84 34 quod
1031 1704 73 34 est
1073 1704 94 34 aliud
1136 1704 94 34 genus
1188 1704 63 34 ani-

729 1735 91 41 mae,
785 1735 57 41 &
808 1735 91 41 quod
865 1735 147 41 separatio
978 1735 91 41 eius
1035 1735 79 41 non
1080 1735 79 41 est
1125 1735 79 41 per
1159 1735 91 41 eortu-

736 1767 142 34 ptionem,
842 1767 83 34 sed
890 1767 106 34 sicut
961 1767 154 34 perpetuum
1079 1767 59 34 a
1090 1767 154 34 corruptibi-

728 1797 76 35 li,
771 1797 86 35 quia
825 1797 76 35 est
869 1797 141 35 separatio
977 1797 130 35 secundum
1074 1797 119 35 maximam
1150 1797 97 35 distan-

732 1835 93 31 tiam
791 1835 70 31 in
826 1835 140 31 essentia
930 1835 58 31 &
954 1835 128 31 natura.
1047 1835 82 31 Sed
1094 1835 117 31 contra
1163 1835 82 31 istam

731 1860 171 38 solutionem,
867 1860 91 38 quae
924 1860 102 38 licet
993 1860 80 38 sit
1038 1860 102 38 Ammo.
1106 1860 68 38 in
1129 1860 114 38 praesen
