1416 2066
116 179 137 47 propter
215 179 162 47 prentitur
340 179 137 47 secundo
440 179 62 47 a
465 179 162 47 lateribus
590 179 112 47 vasis
664 179 187 47 terminatis:
814 179 62 47 &
839 179 87 47 sic
889 179 175 47 contingitr
1026 179 100 47 alia
1076 179 100 47 passio

125 222 145 44 similis
230 222 145 44 primae,
335 222 184 44 quapropter
480 222 105 44 ille
546 222 118 44 sonus
625 222 171 44 iteratur.
756 222 132 44 Arist.
848 222 132 44 igitur
940 222 197 44 assimilauit
1085 222 92 44 aerem

124 260 80 43 in
164 260 93 43 hoc
217 260 120 43 motui
297 260 174 43 sphaerae:
431 260 120 43 quae,
511 260 93 43 cum
564 260 200 43 proiicitur,
724 260 187 43 expellitur
871 260 107 43 mota
938 260 80 43 ab
978 260 93 43 eo,
1031 260 107 43 quod
1085 260 93 43 occur

136 299 88 40 rit,
191 299 110 40 quando
268 299 99 40 motus
333 299 88 40 suus
388 299 77 40 non
432 299 153 40 perficitur
552 299 153 40 expulsioni
673 299 110 40 simili
750 299 121 40 primae,
837 299 77 40 non
881 299 131 40 secundum
980 299 88 40 quod
1035 299 77 40 vna
1078 299 88 40 pars
1122 299 55 40 ae-

135 337 86 42 ris
184 337 86 42 est
233 337 111 42 illa,
307 337 86 42 cui
356 337 135 42 accidit
455 337 135 42 secundo
553 337 98 42 ista
614 337 160 42 ressexio,
737 337 62 42 &
762 337 160 42 expulsio.
885 337 98 42 D.d.
947 337 74 42 Et
983 337 111 42 forte
1057 337 98 42 echo
1106 337 62 42 sem

123 376 88 51 per
174 376 101 51 fit,
237 376 88 51 sed
287 376 88 51 non
338 376 177 51 manifeste.
477 376 63 51 &
502 376 126 51 innuit
590 376 88 51 per
641 376 88 51 hoc
691 376 139 51 quomodo
792 376 114 51 motus
868 376 151 51 sphaerae
982 376 88 51 fit
1032 376 76 51 in
1070 376 101 51 aere
1121 376 50 51 a-

135 415 89 50 pud
186 415 216 50 percussionem.
364 415 114 50 Talis
440 415 102 50 enim
504 415 114 50 motus
580 415 89 50 non
631 415 89 50 sit
682 415 76 50 in
720 415 102 50 aere
784 415 64 50 a
809 415 203 50 percussione,
975 415 102 50 nisi
1025 415 153 50 moturesse-

130 458 143 50 xionis.
234 458 182 50 Percutiens
377 458 104 50 enim
442 458 117 50 primo
520 458 156 50 expellit
637 458 117 50 aerem
716 458 78 50 in
755 458 143 50 directo
859 458 104 50 eius
924 458 78 50 ad
963 458 143 50 partem,
1067 458 78 50 ad
1093 458 78 50 quam

135 492 139 47 mouetur
237 492 190 47 percutiens:
388 492 76 47 &,
426 492 101 47 nisi
490 492 152 47 partibus
604 492 114 47 aeris
679 492 165 47 acciderit
806 492 114 47 motus
882 492 215 47 conuersionis,
1059 492 89 47 non
1097 492 76 47 fie-

129 538 87 47 ret
178 538 100 47 iste
241 538 112 47 motus
316 538 75 47 ex
353 538 137 47 omnibus
453 538 150 47 partibus
565 538 87 47 rei
615 538 162 47 percussae
740 538 187 47 aequaliter,
889 538 87 47 aut
939 538 125 47 prope,
1026 538 87 47 ita
1076 538 100 47 quod
1126 538 50 47 ex

132 572 87 47 hoc
181 572 124 47 fieret
268 572 124 47 figura
355 572 174 47 sphaerica,
492 572 87 47 aut
542 572 124 47 prope,
629 572 112 47 cuius
704 572 137 47 centrum
803 572 87 47 est
853 572 87 47 res
902 572 162 47 percussa,
1027 572 62 47 &
1052 572 124 47 dixit.
1126 572 50 47 Et

135 608 100 44 forte
202 608 89 44 echo
257 608 78 44 fit
302 608 122 44 semper.
390 608 67 44 i.
424 608 56 44 &
446 608 100 44 forte
513 608 89 44 cam,
568 608 100 44 prper
635 608 89 44 quam
690 608 78 44 fit
735 608 89 44 echo
790 608 133 44 scilicet
890 608 156 44 conuersio,
1012 608 111 44 semper
1090 608 78 44 est
1135 608 67 44 in

133 651 114 48 sono,
209 651 89 48 sed
260 651 177 48 debiliter.
399 651 89 48 Cum
450 651 101 48 enim
513 651 127 48 fuerit
602 651 89 48 ita
652 651 127 48 fortis
741 651 101 48 quod
804 651 127 48 faciet
893 651 165 48 passionem
1006 651 165 48 permanenten

136 690 82 41 in
177 690 123 41 aere,
260 690 123 41 aliam
342 690 137 41 numero
438 690 69 41 a
465 690 123 41 prima
547 690 178 41 passione,
685 690 69 41 &
712 690 137 41 siilem
808 690 82 41 ei
849 690 82 41 in
890 690 192 41 qualitate,
1041 690 110 41 tunc
1096 690 82 41 fiet

132 737 116 42 echo.
209 737 103 42 D.d.
274 737 116 42 sicut
351 737 141 42 accidit
453 737 77 42 in
492 737 116 42 luce.
569 737 90 42 Lux
620 737 103 42 enim
685 737 206 42 reffectitur,
852 737 90 42 &c.
903 737 77 42 i.
942 737 64 42 &
967 737 103 42 hoc,
1032 737 103 42 quod
1083 737 90 42 acci-

135 767 83 44 dit
183 767 71 44 in
218 767 107 44 sono,
290 767 119 44 simile
373 767 83 44 est
420 767 107 44 illi,
492 767 95 44 quod
551 767 131 44 accidit
646 767 107 44 luci.
717 767 83 44 Lux
765 767 95 44 enim
824 767 107 44 habet
896 767 95 44 duas
955 767 190 44 ressexiones,
1098 767 71 44 for-

114 804 113 46 Stem,
190 804 63 46 &
215 804 151 46 debilem.
328 804 125 46 fortis
415 804 100 46 enim
478 804 113 46 facit
553 804 113 46 lucem
629 804 163 46 secundam,
754 804 63 46 &
779 804 88 46 est
829 804 176 46 conuersio,
967 804 100 46 quae
1030 804 88 46 fit
1080 804 63 46 a
1093 804 75 46 cor-

139 846 127 44 poribus
232 846 127 44 tersis:
325 846 58 44 &
348 846 81 44 est
394 846 127 44 similis
486 846 174 44 ressexioni,
625 846 93 44 quae
683 846 104 44 facit
753 846 69 44 in
787 846 93 44 aere
845 846 104 44 sonum
915 846 127 44 scundm,
1007 846 81 44 qui
1053 846 81 44 est
1088 846 81 44 echo.

131 887 123 44 Secunda
220 887 100 44 autem
287 887 78 44 est
332 887 78 44 lux
376 887 134 44 debilis,
477 887 100 44 prper
544 887 89 44 quam
599 887 123 44 vinduit
689 887 78 44 res
733 887 67 44 in
767 887 112 44 vmbra:
845 887 56 44 &
867 887 78 44 est
912 887 123 44 similis
990 887 156 44 conuersioni,

131 923 110 60 quam
200 923 123 60 audit
282 923 110 60 homo
351 923 123 60 sonum
433 923 123 60 suum,
515 923 69 60 &
543 923 96 60 est
598 923 137 60 illud,
694 923 110 60 quod
762 923 96 60 non
817 923 165 60 peruenit
941 923 82 60 ad
982 923 110 60 hoc,
1051 923 110 60 quod
1105 923 69 60 sit

135 973 106 43 icut
201 973 186 43 conuersio,
348 973 106 43 quae
414 973 93 43 fit
467 973 80 43 ab
507 973 120 43 aqua,
587 973 67 43 &
614 973 133 43 cupro,
707 973 106 43 quae
774 973 120 43 facit
854 973 160 43 secundam
973 973 120 43 lucem
1053 973 80 43 in
1080 973 93 43 parte

136 1011 151 47 opposita
249 1011 126 47 primae
337 1011 113 47 luci,
413 1011 113 47 sicut
488 1011 163 47 conuersio
614 1011 126 47 fortis
702 1011 113 47 facit
777 1011 75 47 in
815 1011 100 47 aere
878 1011 151 47 secundam
991 1011 113 47 vocem
1066 1011 75 47 in
1091 1011 88 47 parte

131 1043 162 40 opposita
252 1043 135 40 primae
346 1043 121 40 voci.
427 1043 81 40 Et
468 1043 135 40 illud,
562 1043 94 40 per
616 1043 108 40 quod
683 1043 135 40 scimus
778 1043 108 40 hanc
845 1043 216 40 conuersionem
1021 1043 135 40 lucis,
1102 1043 67 40 si-

138 1086 87 37 cut
187 1086 125 37 dixit,
275 1086 87 37 est
325 1086 100 37 quia
387 1086 137 37 videmus
487 1086 75 37 in
525 1086 112 37 loco,
600 1086 112 37 super
674 1086 100 37 quem
737 1086 87 37 non
787 1086 112 37 cadit
862 1086 100 37 sol.
924 1086 87 37 Lux
974 1086 100 37 enim
1037 1086 125 37 innata
1112 1086 62 37 est

128 1122 118 52 exire
206 1122 65 52 a
233 1122 131 52 lucido
324 1122 157 52 secundum
442 1122 131 52 rectas
534 1122 236 52 illuminationes
730 1122 79 52 ad
769 1122 131 52 partem
861 1122 170 52 oppositam
992 1122 144 52 lucidae
1083 1122 92 52 parti

127 1164 80 46 ex
167 1164 147 46 corpore
274 1164 174 46 luminoso,
408 1164 120 46 sicut
488 1164 227 46 declarauerunt
675 1164 174 46 facientes
809 1164 134 46 libros
902 1164 174 46 aspectum.
1036 1164 80 46 Si
1063 1164 107 46 igitur

137 1204 94 45 non
190 1204 121 45 esset
271 1204 121 45 illic
352 1204 188 45 conuersio,
500 1204 108 45 tunc
567 1204 188 45 obscuritas
715 1204 121 45 esset
795 1204 81 45 in
836 1204 148 45 omnibus
943 1204 161 45 partibus
1051 1204 121 45 praeter

134 1241 100 50 ptem,
201 1241 78 50 cui
245 1241 156 50 opponuntur
367 1241 111 50 radii.
445 1241 111 50 quemad
523 1241 111 50 modum,
601 1241 67 50 si
634 1241 100 50 motus
701 1241 111 50 aeris,
779 1241 78 50 qui
823 1241 100 50 facit
890 1241 111 50 sonum,
968 1241 100 50 esset
1034 1241 67 50 in
1068 1241 111 50 parte,
1135 1241 44 50 in

134 1277 76 45 qua
178 1277 152 45 inpellitur
297 1277 54 45 a
319 1277 163 45 percutiente
450 1277 109 45 tameu,
526 1277 87 45 tunc
580 1277 98 45 sonus
646 1277 76 45 non
689 1277 152 45 audiretur,
809 1277 87 45 nisi
863 1277 65 45 ab
896 1277 76 45 eo,
940 1277 76 45 qui
983 1277 76 45 est
1027 1277 65 45 in
1059 1277 87 45 illa
1103 1277 76 45 parte

116 1316 139 51 Vtameum.
220 1316 81 51 sed
267 1316 104 51 sonus
336 1316 127 51 auditur
428 1316 69 51 in
463 1316 127 51 omnibus
555 1316 139 51 partibus
659 1316 81 51 rei
705 1316 150 51 percussae
821 1316 58 51 &
844 1316 92 51 ideo
902 1316 115 51 scimus
983 1316 92 51 quod
1040 1316 115 51 illud,
1110 1316 69 51 quod

131 1363 165 48 contingit
258 1363 102 48 luci
322 1363 76 48 de
360 1363 127 48 figura
449 1363 178 48 sphaerica,
589 1363 127 48 simile
678 1363 89 48 est
728 1363 89 48 ei,
779 1363 102 48 quod
843 1363 165 48 contingit
970 1363 114 48 motui
1033 1363 140 48 percussio

136 1403 91 32 nis
188 1403 78 32 in
227 1403 117 32 aere.
305 1403 130 32 Secudm
396 1403 91 32 hoc
448 1403 130 32 igitur
539 1403 91 32 est
591 1403 208 32 intelligenda
761 1403 221 32 consimilitudo
943 1403 117 32 inter
1021 1403 91 32 has
1073 1403 104 32 duas
1125 1403 52 32 re

128 1434 187 41 slexiones.
275 1434 134 41 Corpus
369 1434 134 41 autem,
462 1434 94 41 cum
516 1434 134 41 fuerit
610 1434 174 41 luminosum
744 1434 80 41 ex
784 1434 147 41 omnibus
891 1434 174 41 partibus,
1025 1434 94 41 non
1078 1434 94 41 est
1118 1434 54 41 du

133 1475 99 39 bium
195 1475 99 39 quod
257 1475 124 39 faciet
343 1475 149 39 sphaeram
455 1475 149 39 lucidam.
567 1475 62 39 &
591 1475 87 39 hoc
641 1475 174 39 declaratum
777 1475 87 39 est
827 1475 74 39 in
864 1475 186 39 aspectibus.
1013 1475 99 39 Dria
1062 1475 112 39 igitur,

129 1512 108 43 inter
201 1512 96 43 hanc
261 1512 156 43 sphaeram,
382 1512 60 43 &
406 1512 132 43 primam,
502 1512 84 43 est
550 1512 96 43 quod
610 1512 84 43 lux
659 1512 84 43 est
707 1512 72 43 in
743 1512 96 43 ista
803 1512 181 43 consimilis,
947 1512 60 43 &
971 1512 72 43 in
1008 1512 96 43 illa
1056 1512 120 43 diuersa,

128 1552 131 43 secundum
226 1552 186 43 fortitudinem,
380 1552 55 43 &
401 1552 175 43 debilitatem.
544 1552 66 43 Et
576 1552 120 43 videtur
664 1552 98 43 etiam
730 1552 87 43 quod
784 1552 120 43 sphaera
872 1552 98 43 lucis
937 1552 98 43 facta
1003 1552 55 43 a
1025 1552 120 43 corpore
1101 1552 77 43 lumi-

126 1597 94 39 noso
185 1597 70 39 ex
220 1597 82 39 vna
267 1597 117 39 suarum
349 1597 140 39 partium,
454 1597 82 39 cum
501 1597 82 39 hoc
548 1597 94 39 quod
606 1597 82 39 est
653 1597 82 39 non
700 1597 164 39 consimilis
829 1597 94 39 sibi
887 1597 70 39 in
922 1597 105 39 luce,
992 1597 82 39 est
1039 1597 105 39 etiam
1109 1597 82 39 non

130 1630 155 50 perfectae
249 1630 203 50 rotunditatis.
416 1630 72 50 i.
452 1630 95 50 quod
512 1630 155 50 logissima
631 1630 143 50 diameter
739 1630 84 50 est
786 1630 107 50 illa,
858 1630 95 50 quae
917 1630 95 50 exit
977 1630 60 50 a
1001 1630 131 50 corpore
1084 1630 84 50 lumi-

127 1669 104 46 noso
192 1669 78 46 ad
231 1669 246 46 circunferentiam
438 1669 78 46 in
476 1669 129 46 parte,
567 1669 91 46 cui
619 1669 181 46 opponuntur
761 1669 129 46 radij:
852 1669 65 46 &
877 1669 181 46 breuissima
1020 1669 78 46 in
1059 1669 104 46 prte
1110 1669 65 46 op-

129 1708 133 54 posita:
226 1708 61 54 &
250 1708 85 54 est
299 1708 109 54 pars,
371 1708 97 54 quae
432 1708 85 54 est
480 1708 170 54 spissioris
614 1708 121 54 vmbrae
699 1708 133 54 omnibus
796 1708 145 54 prtibus,
905 1708 61 54 &
929 1708 158 54 paucioris
1038 1708 97 54 sucis.

174 1780 173 45 Vacuum
295 1780 138 45 enim
381 1780 155 45 recte
484 1780 190 45 dicitur
623 1780 207 45 proprium
778 1780 224 45 audiendi.
951 1780 190 45 videtur
1071 1780 104 45 enim

121 1828 133 39 esse
205 1828 167 39 vacuum
321 1828 133 39 aer.
405 1828 117 39 hoc
472 1828 150 39 autem
572 1828 117 39 est
638 1828 183 39 faciens
772 1828 167 39 audire
888 1828 117 39 cum
955 1828 200 39 moueatur
1089 1828 83 39 con

124 1863 145 44 tinuus
226 1863 73 44 &
255 1863 131 44 vnus:
342 1863 102 44 sed
400 1863 160 44 propter
516 1863 87 44 id
560 1863 116 44 quod
632 1863 218 44 frangibilis
806 1863 116 44 est,
879 1863 102 44 non
937 1863 145 44 sonat,
1038 1863 116 44 nisi
1096 1863 73 44 le
