1416 2066
219 149 111 38 leetu.
297 149 78 38 Sed
341 149 100 38 huius
407 149 144 38 oppositum
518 149 133 38 habetur.
618 149 78 38 12.
651 149 78 38 meta.

224 189 85 31 tex.
277 189 74 31 co.
320 189 74 31 30.
362 189 127 31 Soluitur
457 189 63 31 in
489 189 148 31 intellectu
605 189 74 31 non
647 189 74 31 est
679 189 53 31 de-

227 220 127 36 ectatio
320 220 127 36 eiusdem
413 220 139 36 rationis
517 220 81 36 cum
563 220 104 36 illa,
633 220 93 36 quae
679 220 58 36 est

223 248 65 34 in
256 248 109 34 sensu,
332 248 76 34 sed
376 248 87 34 bene
430 248 131 34 alterius
529 248 131 34 rationis
627 248 109 34 potest
692 248 44 34 de

219 279 134 36 lectatio
319 279 100 36 esse.
386 279 89 36 Vide
442 279 156 36 Themistium
564 279 78 36 in.
609 279 67 36 3.
642 279 67 36 de
664 279 67 36 ani-

219 310 78 40 ma.
264 310 90 40 cap.
320 310 56 40 4
342 310 67 40 7.
376 310 56 40 &
398 310 157 40 intelliges
510 310 67 40 hoc.

254 341 189 35 Decimaoctaua
408 341 153 35 contradi.
525 341 83 35 est
573 341 71 35 in
608 341 106 35 eodem
667 341 59 35 com

224 373 88 36 fuit
279 373 143 36 oppositum
389 373 110 36 nobis.
466 373 77 36 nam
509 373 77 36 ibi
553 373 99 36 dicit
619 373 88 36 Com.
663 373 66 36 quod

217 402 151 39 proprium
331 402 163 39 appetitus
456 402 163 39 sensitiui
582 402 63 39 &
595 402 138 39 desyderil

219 437 152 29 sensibilis
338 437 76 29 est
382 437 76 29 cum
425 437 152 29 praesentia
545 437 119 29 obiecti
621 437 108 29 sensati-

222 469 132 30 econtra
318 469 108 30 autem
390 469 84 30 est
438 469 72 30 de
474 469 144 30 appetitu
571 469 156 30 intellectua

216 494 84 37 li.
264 494 84 37 Sed
312 494 108 37 huius
383 494 155 37 oppositum
503 494 179 37 inducebatur
646 494 72 37 de
670 494 60 37 ani

220 529 129 39 malibus
314 529 165 39 perfectis,
444 529 94 39 quia
503 529 106 39 talia
573 529 118 39 habent
644 529 82 39 imagi

215 559 152 38 nationem
329 559 63 38 &
354 559 177 38 desyderium
493 559 152 38 respectu
594 559 139 38 absentium

220 590 169 36 sensatorum,
355 590 101 36 sicut
422 590 112 36 patet.
501 590 67 36 2.
535 590 67 36 de
568 590 112 36 anima.
647 590 90 36 136.
703 590 56 36 &

221 620 78 32 10.
265 620 78 32 Nec
310 620 100 32 valet
376 620 67 32 si
409 620 122 32 dicatur
498 620 89 32 quod
554 620 78 32 ibi
598 620 133 32 loquitur
687 620 44 32 de

219 651 207 40 imaginatione,
390 651 85 40 non
438 651 110 40 autem
511 651 73 40 de
548 651 171 40 desyderio.
670 651 61 40 nam

219 685 188 31 desyderium
366 685 201 31 consequitur
514 685 215 31 imaginationem,

218 716 110 30 sicut
291 716 110 30 vmbra
365 716 184 30 consequitur
512 716 135 30 corpus.
598 716 135 30 Soluitur.

219 744 86 35 ista
273 744 161 35 differentia
401 744 171 35 intelligitur
540 744 75 35 cum
572 744 161 35 praecisione:,

220 773 101 37 sicut
287 773 124 37 dicitur
377 773 67 37 in
411 773 112 37 simili
490 773 67 37 de
523 773 157 37 vniuersali
647 773 56 37 &
658 773 79 37 singu

220 805 99 37 lari,
286 805 66 37 vt
319 805 88 37 sunt
374 805 121 37 obiecta
462 805 110 37 sensus
540 805 55 37 &
551 805 154 37 intellectus.

249 835 170 40 Decimanona
383 835 158 40 contradi.
504 835 85 40 est
553 835 73 40 in
589 835 97 40 com.
650 835 85 40 33.
686 835 49 40 di

225 869 87 34 cit
274 869 137 34 Commen.
374 869 99 34 quod
436 869 174 34 cogitatiua
572 869 87 34 non
610 869 124 34 componit

218 901 214 29 intelligibilia
397 901 179 29 singularia.
540 901 107 29 Huius
599 901 131 29 oppositum

222 930 99 38 patet
288 930 66 38 in
321 930 88 38 hoc.
375 930 66 38 3.
408 930 88 38 com.
463 930 77 38 20.
507 930 66 38 &.
540 930 88 38 3.2.
584 930 142 38 Confirmatur

222 965 92 39 quia
280 965 161 39 cogitatiua
407 965 127 39 apparet
499 965 173 39 intellectus
626 965 104 39 particu

218 993 119 34 laris,
301 993 71 34 eo
337 993 95 34 quia
396 993 95 34 homo
455 993 83 34 per
503 993 107 34 ipsam
562 993 166 34 particulari-

224 1023 73 37 ter
265 1023 146 37 discurrit.
380 1023 136 37 Soluitur,
484 1023 104 37 dictum
557 1023 94 37 Com,.
620 1023 73 37 hic
651 1023 73 37 intel

220 1055 121 35 ligitur
308 1055 88 35 sano
363 1055 99 35 modo.
429 1055 55 35 &
451 1055 110 35 sensus
528 1055 77 35 est
572 1055 99 35 iste:
627 1055 99 35 cogita,

219 1086 91 34 tiua
276 1086 80 34 non
321 1086 137 34 componit
424 1086 171 34 singularia,
561 1086 103 34 idest
618 1086 114 34 terminos

216 1119 164 30 simplices,
345 1119 82 30 qui
392 1119 106 30 tamen
463 1119 176 30 vniuersales
604 1119 106 30 sunt,
663 1119 70 30 quia

221 1146 78 40 hoc
265 1146 134 40 pertinet
366 1146 67 40 ad
399 1146 178 40 intellectum,
544 1146 78 40 qui
589 1146 78 40 est
622 1146 112 40 superior

225 1182 168 29 cogitatiua.
360 1182 146 29 singulare
472 1182 79 29 hic
517 1182 79 29 non
562 1182 135 29 sumitur,
663 1182 67 29 vt
685 1182 45 29 di

221 1212 162 38 stinguitur
349 1212 116 38 contra
430 1212 174 38 vniuersale,
569 1212 69 38 vt
592 1212 139 38 intelligit

221 1245 214 30 contradicens,
398 1245 88 30 sed
448 1245 76 30 vt
486 1245 202 30 distinguitur
637 1245 101 30 contia

200 1271 190 40 compositum

260 1301 123 41 Vigesima
352 1301 133 41 contradi.
454 1301 72 41 est
495 1301 61 41 in
526 1301 82 41 com.
577 1301 72 41 34.
618 1301 92 41 Dicit
670 1301 61 41 quod

223 1334 120 36 bonum
303 1334 67 36 &
330 1334 134 36 malum,
423 1334 120 36 verum
504 1334 67 36 &
530 1334 134 36 falsum
624 1334 107 36 sunt
677 1334 54 36 in

219 1365 113 37 eodem
295 1365 138 37 genere.
395 1365 88 37 Sed
445 1365 163 37 oppositum
570 1365 113 37 huius
633 1365 100 37 patet.

227 1396 63 31 6.
258 1396 94 31 meta.
321 1396 84 31 tex.
373 1396 84 31 com.
425 1396 115 31 vltimi.
509 1396 73 31 vbi
551 1396 94 31 habet
614 1396 84 31 quod
656 1396 73 31 bonum

227 1426 64 32 &
253 1426 116 32 malum
330 1426 103 32 sunt
394 1426 77 32 in
433 1426 128 32 rebus,
523 1426 90 32 sed
574 1426 116 32 verum
651 1426 64 32 &
664 1426 64 32 fal

226 1459 79 31 sum
271 1459 90 31 sunt
327 1459 68 31 in
361 1459 169 31 intellectu.
496 1459 147 31 Soluitur,
609 1459 90 31 quod
654 1459 79 31 bonum

222 1488 64 34 &
248 1488 115 34 malum
324 1488 179 34 dipliciter
465 1488 140 34 possunt
567 1488 115 34 sumi.
644 1488 89 34 vno
682 1488 51 34 mo

223 1517 71 37 do
259 1517 71 37 vt
294 1517 118 37 mouent
376 1517 71 37 in
412 1517 118 37 genere
494 1517 118 37 causae
565 1517 165 37 efficientiss

222 1550 98 36 alio
283 1550 98 36 modo
344 1550 73 36 vt
381 1550 122 36 mouent
467 1550 73 36 in
503 1550 122 36 genere
589 1550 122 36 causae
663 1550 73 36 fina

219 1581 109 35 lis.
288 1581 82 35 si
329 1581 123 35 primo
411 1581 123 35 modo,
493 1581 96 35 sic
548 1581 123 35 bonum
630 1581 68 35 &
643 1581 96 35 malum

221 1612 97 32 sunt
281 1612 73 32 in
318 1612 109 32 anima
391 1612 109 32 sicut
463 1612 109 32 verum
536 1612 61 32 &
560 1612 133 32 falsum:
657 1612 61 32 &
669 1612 61 32 sic

222 1644 95 38 sunt
282 1644 71 38 in
317 1644 107 38 eodem
389 1644 131 38 genere,
484 1644 95 38 quia
544 1644 143 38 vtrunque
651 1644 83 38 est
686 1644 48 38 co

222 1675 130 38 gnitio.
317 1675 94 38 nam.
376 1675 83 38 12.
423 1675 106 38 mera.
494 1675 94 38 com.
553 1675 83 38 36.
600 1675 130 38 balncum
683 1675 47 38 in

222 1708 115 30 anima
299 1708 115 30 mouet
375 1708 77 30 vt
414 1708 179 30 efficiens,
554 1708 64 30 &
580 1708 140 30 balneum
669 1708 64 30 ex-

224 1733 84 35 tra
272 1733 120 35 animam
356 1733 108 35 mouet
427 1733 72 35 vt
463 1733 120 35 finis.
547 1733 60 35 &
571 1733 108 35 ideo,
642 1733 72 35 si
666 1733 60 35 con

225 1766 166 36 syderentur
356 1766 71 36 vt
391 1766 119 36 mouent
475 1766 71 36 in
510 1766 131 36 ratione
605 1766 119 36 finis,
677 1766 59 36 sic

227 1797 119 37 habent
310 1797 95 37 esse
370 1797 71 37 in
406 1797 119 37 rebus.
489 1797 71 37 de
525 1797 83 37 hoc
572 1797 107 37 tamen
632 1797 95 37 latius

220 1829 147 37 dicemus
326 1829 80 37 in
367 1829 160 37 commento
487 1829 147 37 vltimo:
593 1829 120 37 sexto
660 1829 67 37 me

210 1859 192 48 taphysicorum,

786 148 206 48 Vigesimaprima
956 148 158 48 contradi.
1077 148 85 48 est
1125 148 73 48 in
1162 148 97 48 com.
1210 148 61 48 36.

754 181 115 38 Auer.
831 181 77 38 in
869 181 166 38 recitando
997 181 166 38 opinionem
1125 181 128 38 Themi.
1201 181 64 38 di-

750 215 87 36 cit
799 215 100 36 quod
862 215 137 36 ponendo
962 215 187 36 intellectum
1099 215 162 36 abstractum,

755 250 88 39 tunc
810 250 77 39 hoc
854 250 99 39 verum
920 250 77 39 est
964 250 88 39 quod
1018 250 77 39 id,
1062 250 88 39 quod
1117 250 77 39 est
1161 250 99 39 magis
1216 250 44 39 vi

752 278 128 36 sibile,
845 278 105 36 magis
915 278 221 36 comprehenditur.
1101 278 81 36 Sed
1136 278 128 36 oppositum

752 313 101 33 huius
819 313 112 33 patet.
897 313 67 33 a:
931 313 101 33 meta.
998 313 78 33 com
1043 313 67 33 I.
1077 313 146 33 Soluitur.
1177 313 90 33 dictum

753 341 78 44 eius
802 341 68 44 hic
841 341 156 44 intelligitur
967 341 78 44 sic,
1016 341 88 44 quod,
1074 341 58 44 si
1103 341 146 44 intellectus
1210 341 49 44 ab-

756 372 130 38 stractus
854 372 141 38 itelligit
963 372 76 38 res
1006 372 152 38 materiales
1115 372 152 38 imperfectas,

747 404 103 33 multo
815 404 103 33 magis
884 404 103 33 aptus
952 404 80 33 est
998 404 171 33 intelligere
1135 404 80 33 res
1169 404 91 33 abstra

756 435 87 39 ctas
810 435 152 39 perfectas.
929 435 76 39 hoc
973 435 97 39 tamen
1038 435 76 39 non
1081 435 76 39 est
1124 435 87 39 sibi
1168 435 97 39 facile,

750 467 67 31 sed
789 467 134 31 difficile,
894 467 48 31 &
913 467 67 31 ita
952 467 96 31 dixit.
1019 467 58 31 2.
1048 467 86 31 meta.
1105 467 105 31 commen.
1182 467 58 31 i.
1210 467 77 31 quod

750 501 149 29 exemplum
861 501 112 29 illud
935 501 173 29 Philosophi
1072 501 74 29 de
1109 501 99 29 visu
1158 501 112 29 noetuae

746 529 144 33 respectu
854 529 132 33 luminis
950 529 96 33 dici
1011 529 84 33 non
1059 529 144 33 ostendit
1155 529 108 33 impossi

756 561 156 40 bilitatem,
878 561 78 40 sed
923 561 200 40 difficultatem.
1089 561 100 40 dicos
1156 561 78 40 per
1189 561 78 40 locum

754 591 53 39 a
776 591 105 39 minori
849 591 95 39 quod,
913 591 63 39 si
944 591 158 39 intellectus
1071 591 84 39 ista
1113 591 158 39 imperfectiora

747 620 171 38 intelligit,
884 620 103 38 multo
952 620 103 38 magis
1020 620 103 38 aptus
1089 620 80 38 est
1123 620 137 38 intellige-

751 655 67 31 re
784 655 78 31 res
829 655 89 31 ipso
884 655 189 31 perfectiores,
1040 655 100 31 sicut
1106 655 89 31 Deus
1162 655 78 31 est
1206 655 56 31 &
1218 655 44 31 ab

754 684 121 30 straetae
845 684 161 30 substantiae.
976 684 71 30 hoc
1016 684 91 30 tamen
1076 684 71 30 non
1117 684 71 30 est
1157 684 81 30 sibi
1197 684 71 30 faci-

750 715 84 32 le,
798 715 84 32 sed
846 715 168 32 laboriosum
978 715 132 32 propter
1075 715 108 32 ipsum
1147 715 72 32 in
1171 715 96 32 cogni-

750 746 106 32 tione
821 746 118 32 nostra
903 746 141 32 naturali
1009 746 153 32 dependere
1127 746 59 32 a
1139 746 129 32 sensatis.

781 775 220 35 Vigesimasecunda
966 775 150 35 contradi.
1082 775 81 35 est
1128 775 69 35 in
1163 775 81 35 eo.
1198 775 69 35 com.

751 806 76 39 36.
794 806 65 39 In
827 806 87 39 illa
881 806 119 39 partes,
968 806 65 39 in
1000 806 76 39 qua
1043 806 162 39 reprehendit
1163 806 97 39 Alexam.

755 839 125 35 videtur
846 839 114 35 habere
925 839 80 35 pro
971 839 194 35 inconuenienti
1130 839 91 35 quod
1176 839 91 35 aeter-

753 869 86 42 num
802 869 74 42 in
839 869 86 42 sua
888 869 135 42 actione
986 869 148 42 indigeat
1097 869 123 42 aliquo
1171 869 98 42 cortu-

759 900 121 35 ptibili,
850 900 71 35 ita
890 900 81 35 quod
940 900 60 35 ex
971 900 71 35 eis
1011 900 81 35 fiat
1061 900 71 35 vna
1102 900 91 35 actio
1162 900 71 35 Sed
1192 900 71 35 huius

756 933 142 32 oppositum
865 933 109 32 patet.
942 933 65 32 3.
974 933 65 32 de
1007 933 109 32 anima.
1083 933 87 32 com.
1138 933 76 32 19.
1182 933 65 32 de
1214 933 76 32 in

749 964 141 33 tellectu
855 964 118 33 agente
938 964 59 33 &
961 964 188 33 phantasmate.
1114 964 165 33 similiter.
1232 964 35 33 7

751 993 97 34 meta.
816 993 86 34 com.
869 993 75 34 33.
912 993 64 34 &.
945 993 64 34 2.
977 993 129 34 physico.
1074 993 86 34 tex.
1127 993 86 34 com.
1181 993 75 34 36.
1213 993 54 34 vbi

748 1022 137 36 dicitur
847 1022 100 36 quod
910 1022 87 36 Sol
959 1022 62 36 &
984 1022 100 36 homo
1047 1022 150 36 generant
1146 1022 125 36 hominem.

750 1055 150 40 Soluitur.
865 1055 92 40 Com.
922 1055 104 40 negat
991 1055 138 40 aeternum
1095 1055 81 40 non
1141 1055 104 40 posse
1198 1055 69 40 con-

750 1087 110 35 iungi
823 1087 207 35 corruptibili,
993 1087 73 35 eo
1030 1087 110 35 modo,
1103 1087 85 35 quo
1139 1087 122 35 Alexand,

750 1123 141 33 ponebat.
856 1123 94 33 quia
915 1123 106 33 sicut
986 1123 94 33 sibi
1044 1123 129 33 imponit
1139 1123 106 33 Auer.
1197 1123 71 33 ipse

756 1146 131 33 Alexan.
852 1146 119 33 tenuit
935 1146 179 33 intellectum
1078 1146 167 33 possibilem
1197 1146 72 33 esse

756 1179 178 40 generabilem
898 1179 59 40 &
922 1179 213 40 corruptibilem,
1099 1179 59 40 &
1123 1179 118 40 posuit
1206 1179 83 40 in

750 1212 158 40 tellectum
871 1212 134 40 agentem
968 1212 170 40 abstractum
1102 1212 109 40 esse,
1163 1212 109 40 quiapud

756 1242 85 32 Alex
809 1242 85 32 Deus
862 1242 85 32 est:
915 1242 53 32 &
937 1242 95 32 dixit
1000 1242 85 32 quod
1053 1242 64 32 in
1085 1242 159 32 copulatione
1212 1242 74 32 in

752 1276 157 30 tellectus
873 1276 121 30 adepti
957 1276 97 30 Deus
1017 1276 157 30 vniebatur
1126 1276 145 30 formaliter

760 1301 148 37 ntellectui
877 1301 148 37 possibili.
994 1301 74 37 hoc
1036 1301 95 37 autem
1099 1301 74 37 non
1142 1301 106 37 potest
1216 1301 74 37 in

753 1332 159 33 telligere
875 1332 98 33 Com.
936 1332 98 33 nam,
998 1332 73 33 si
1034 1332 135 33 aliquod
1120 1332 147 33 abstractum

751 1362 185 33 informaret
896 1362 224 33 corruptibile,
1080 1362 132 33 aliquo
1173 1362 105 33 modo
1225 1362 40 33 a

755 1395 198 36 corruptibili
916 1395 186 36 dependeret.
1065 1395 62 36 &
1089 1395 99 36 ideo
1139 1395 124 36 caueant,

749 1428 93 30 qui
802 1428 80 30 ad
842 1428 199 30 intentionem
1001 1428 106 30 eius
1067 1428 133 30 tenent
1147 1428 119 30 animanm

754 1458 203 31 intellectiuam
921 1458 96 31 dare
981 1458 96 31 esse
1041 1458 167 31 formaliter
1160 1458 108 31 homini-

751 1487 113 35 Illud
827 1487 125 35 autem,
914 1487 100 35 quod
977 1487 75 35 de
1015 1487 188 35 phantasmate
1165 1487 63 35 &
1177 1487 88 35 homie

756 1520 183 35 allegabatur,
904 1520 103 35 nihil
973 1520 115 35 mouet:
1053 1520 80 35 tum
1099 1520 92 35 quia
1145 1520 126 35 phantasma

754 1552 78 34 non
798 1552 78 34 est
843 1552 122 34 materia
931 1552 166 34 intellectus
1064 1552 133 34 agentis,
1164 1552 78 34 nec
1197 1552 67 34 vir-

759 1584 74 38 us
796 1584 185 38 informatiua
943 1584 98 38 hoi.
1005 1584 86 38 est
1054 1584 135 38 materia
1140 1584 123 38 respectu

755 1612 102 31 Solis
823 1612 68 31 in
857 1612 125 31 hominis
948 1612 182 31 produetione,
1096 1612 102 31 sicut
1152 1612 114 31 intelle-

756 1645 80 29 cius
806 1645 140 29 possibilis
916 1645 80 29 erat
966 1645 110 29 materia
1046 1645 120 29 secundum
1136 1645 90 29 Alex.
1186 1645 80 29 respe-

752 1677 82 29 ctu
799 1677 175 29 intellectus
939 1677 128 29 agentis
1033 1677 70 29 in
1068 1677 187 29 conulatione:
1208 1677 58 29 tum

753 1708 121 31 etiam,
837 1708 97 31 quia
898 1708 157 31 phantasma
1019 1708 145 31 Socratis
1127 1708 60 31 &
1139 1708 121 31 Platonis

750 1740 89 33 non
801 1740 89 33 est
852 1740 127 33 primum
941 1740 203 33 instrumentum
1094 1740 165 33 intellectus

752 1773 139 29 agentis,
856 1773 81 29 sed
903 1773 173 29 secundarium
1041 1773 58 29 &
1065 1773 150 29 extraneum
1169 1773 92 29 quoquo

750 1797 100 36 modo,
817 1797 100 36 sicut
884 1797 112 36 patet.
962 1797 67 36 3.
995 1797 67 36 de
1029 1797 112 36 anima.
1107 1797 67 36 3.
1140 1797 78 36 19.
1185 1797 67 36 &.
1207 1797 56 36 10.

752 1828 83 31 com.
804 1828 73 31 Nam
845 1828 93 31 sicut
907 1828 93 31 dicit
970 1828 93 31 Auic.
1032 1828 114 31 species
1115 1828 73 31 est
1156 1828 62 31 in
1177 1828 83 31 prinia

752 1857 176 41 intentione
891 1857 151 41 naturae,
1004 1857 88 41 non
1055 1857 189 41 indiuiduum,
1193 1857 76 41 nisi
