1416 2066
296 237 134 45 Quare
386 237 134 45 neque
475 237 149 45 ipsius
579 237 104 45 est
639 237 119 45 esse
698 237 75 45 na-

243 282 113 48 turam
319 282 75 48 ne
356 282 100 48 quod
419 282 113 48 vnam,
495 282 88 48 sed
545 282 88 48 aut
595 282 100 48 hoc,
658 282 100 48 quod
708 282 63 48 pos

249 325 148 49 sibilis
356 325 107 49 sit.
423 325 148 49 vocatus
530 325 134 49 vtique
624 325 134 49 animae
705 325 67 49 in-

252 365 205 53 tellectus,
413 365 117 53 dico
487 365 132 53 autem
560 365 205 53 intellectum,

249 411 109 47 quo
312 411 187 47 opinatur
452 411 78 47 &
483 411 218 47 intelligit
639 411 125 47 anima,

248 446 131 60 nihil
336 446 102 60 est
394 446 116 60 actu
466 446 131 60 eorum
553 446 116 60 quae
626 446 116 60 sunt
684 446 87 60 ante

225 493 216 53 intelligere.

293 532 100 62 ita
350 532 85 62 ut
392 532 128 62 nulla
478 532 100 62 sit
535 532 114 62 eius
606 532 142 62 natura
692 532 85 62 nisi

245 581 128 61 haec,
330 581 113 61 quod
401 581 198 61 possbilis.
557 581 113 61 ergo
627 581 99 61 qui
670 581 99 61 uoca-

242 629 106 46 tur
303 629 152 46 animae
409 629 243 46 intellectus,
606 629 121 46 uoco
667 629 106 46 autem

248 677 216 62 intellectum
420 677 101 62 quo
478 677 115 62 &ia.
549 677 115 62 voer
621 677 86 62 ar
664 677 72 62 &
679 677 86 62 exi-

250 721 147 56 stimat
353 721 147 56 anima,
456 721 132 56 nihil
544 721 103 56 est
603 721 118 56 actu
662 721 103 56 eorum

252 773 111 68 quae
322 773 125 68 sunt,
405 773 153 68 antequa
503 773 181 68 intelligat.

293 821 99 46 Et
343 821 116 46 sic
409 821 165 46 nullam
525 821 149 46 habet
607 821 149 46 naturam

249 864 97 58 nisi
310 864 121 58 istam,
395 864 146 58 scilicet
504 864 97 58 quod
565 864 85 58 est
601 864 158 58 possibilis,

242 909 146 54 Illud
339 909 163 54 igitur
453 909 98 54 de
502 909 163 54 anima,
616 909 130 54 quod
681 909 81 54 di-

248 949 132 46 citur
336 949 234 46 intellectus:
526 949 73 46 &
555 949 117 46 dico
614 949 146 46 intelle-

239 1000 131 44 ctum
320 1000 164 44 illud,
435 1000 114 44 per
500 1000 131 44 quod
566 1000 196 44 distingui-

239 1037 130 45 mus
314 1037 93 45 &
351 1037 259 45 cogitamus:
554 1037 130 45 non
628 1037 130 45 est
684 1037 74 45 in

245 1077 137 46 actu
331 1077 189 46 aliquod
468 1077 189 46 entium,
588 1077 172 46 antequam

225 1122 193 56 intelligat.

276 1188 97 51 Cum
332 1188 195 51 declarauit
485 1188 111 51 quod
554 1188 209 51 intellectus
707 1188 56 51 ma

245 1229 184 41 terialis
382 1229 107 41 non
444 1229 138 41 habet
535 1229 168 41 aliquam
643 1229 122 41 formam

242 1270 225 47 materialium,
425 1270 169 47 incoepit
552 1270 169 47 definire
664 1270 99 47 ipsum

240 1308 110 37 hoc
303 1308 141 37 modo,
397 1308 78 37 &
428 1308 94 37 d.
475 1308 94 37 Et
522 1308 110 37 sic
585 1308 157 37 nullam
679 1308 78 37 ha-

243 1346 107 40 bet
304 1346 169 40 naturam
427 1346 184 40 secundum
565 1346 123 40 hoc,
641 1346 123 40 nisi
703 1346 61 40 na

239 1385 131 54 turam
327 1385 291 54 possibibilitatis
574 1385 87 54 ad
603 1385 145 54 recipien

239 1425 103 43 dum
298 1425 147 43 formas
401 1425 221 43 intellectas
563 1425 192 43 materiales,

243 1467 89 39 Et
288 1467 89 39 d.
332 1467 89 39 Et
377 1467 104 39 sic
437 1467 149 39 nullam
541 1467 134 39 habet
615 1467 134 39 naturam

242 1503 93 43 &c.
295 1503 80 43 i.
335 1503 119 43 illud
414 1503 133 43 igitur
507 1503 80 43 ex
547 1503 133 43 anima,
640 1503 106 43 quod
693 1503 66 43 di-

240 1542 126 52 citur
324 1542 210 52 intellectus
492 1542 210 52 materialis,
647 1542 112 52 nullam

239 1580 144 54 habet
335 1580 192 54 naturam,
479 1580 80 54 &
512 1580 224 54 essentiam,
672 1580 80 54 qua

240 1620 268 50 constituatur
458 1620 201 50 secundum
609 1620 134 50 quod
676 1620 84 50 est

239 1661 216 48 materialis,
411 1661 115 48 nisi
483 1661 158 48 naturam
584 1661 173 48 possibili-

238 1709 161 37 tatis,
351 1709 113 37 cum
415 1709 210 37 denudetur
577 1709 97 37 ab
609 1709 145 37 omnibus

233 1738 239 56 materialibus,
430 1738 70 56 &
444 1738 267 56 intelligibilibus.

272 1810 113 55 D.d.
342 1810 71 55 &
371 1810 113 55 dico
441 1810 226 55 intellectum,
625 1810 99 55 &c.
667 1810 99 55 idest

247 1860 71 39 &
275 1860 156 39 intende
389 1860 99 39 per
445 1860 213 39 intellectum
615 1860 99 39 hic
658 1860 99 39 virtu

236 1896 98 50 tem
292 1896 153 50 animae,
403 1896 112 50 quae
473 1896 153 50 dicitur
571 1896 181 50 intellectus

789 229 176 53 Commentum
925 229 95 53 hoc
979 229 149 53 Quintum
1088 229 68 53 a
1115 229 109 53 vtro
1183 229 109 53 illo
1237 229 68 53 do-

804 278 163 50 ctissimo
927 278 122 50 lacob
1008 278 149 50 Mantino
1103 278 177 50 translatum,

824 312 94 42 vua
877 312 94 42 cum
931 312 147 42 Antiqua
1038 312 215 42 translatione
1199 312 67 42 hic

864 352 187 58 apposuimus,
1013 352 75 58 ut
1050 352 137 58 clarior
1137 352 100 58 ipsiuo

919 390 171 45 redderetur
1041 390 122 45 intelli

970 428 127 54 gentia.

807 821 114 45 Sic
872 821 130 45 ergo
953 821 162 45 nullam
1067 821 146 45 habet
1148 821 162 45 naturam,

784 866 107 48 nisi
850 866 120 48 hanc,
930 866 160 48 scilicet
1051 866 107 48 quod
1117 866 93 48 est
1171 866 107 48 quid
1224 866 80 48 pos-

783 909 154 55 sibile.
895 909 112 55 Ipse
965 909 140 55 igitur
1063 909 210 55 intellectus
1217 909 84 55 ani-

780 952 109 43 mae
843 952 188 43 vocatus:
984 952 125 43 dico
1062 952 141 43 autem
1140 952 156 43 intelle-

782 997 152 50 ctum,
883 997 118 50 quo
951 997 152 50 anima
1052 997 236 50 intelligit
1221 997 84 50 deu

779 1036 214 46 discurrit,
947 1036 76 46 &
977 1036 183 46 opinatur
1115 1036 122 46 ipsa
1176 1036 122 46 anima:

778 1078 150 52 nihil
878 1078 133 52 actu
961 1078 116 52 est
1028 1078 183 52 ipsorum
1144 1078 150 52 entium,

780 1125 200 53 antequam
914 1125 216 53 intelligat.

813 1181 180 54 Bosteaque
951 1181 138 54 Arist.
1048 1181 166 54 exposuit
1159 1181 138 54 intelle-

784 1220 105 45 ctum
849 1220 183 45 materialem
993 1220 131 45 nullam
1085 1220 157 45 obtinere
1189 1220 105 45 formam

784 1265 188 41 materialem.
935 1265 138 41 incipit
1035 1265 100 41 nunc
1098 1265 151 41 definire
1211 1265 88 41 eum
1249 1265 50 41 eo

778 1301 126 51 pacto,
867 1301 139 51 dicens.
967 1301 88 51 Sic
1018 1301 101 51 ergo
1081 1301 126 51 nullam
1169 1301 113 51 habet
1232 1301 63 51 na-

783 1332 117 57 turam,
865 1332 94 57 nisi
924 1332 129 57 naturam
1017 1332 222 57 possibilitatis,
1204 1332 70 57 vt
1228 1332 70 57 pos-

781 1381 95 55 sit
836 1381 163 55 recipere
958 1381 136 55 formas
1053 1381 244 55 intelligibiles
1243 1381 54 55 ma

784 1420 158 57 teriales.
905 1420 85 57 Cum
954 1420 121 57 itaque
1039 1420 134 57 inquit.
1136 1420 85 57 Sic
1185 1420 97 57 ergo
1233 1420 61 57 nul

773 1461 108 45 lam
834 1461 139 45 habet
927 1461 185 45 naturam,
1066 1461 216 45 intelligit
1220 1461 77 45 eam

782 1509 135 46 partem
876 1509 148 46 animae,
983 1509 108 46 quae
1051 1509 202 46 intellectus
1199 1509 94 46 mate-

781 1543 145 51 rialis
882 1543 217 51 nuncupatur,
1055 1543 145 51 nullam
1156 1543 145 51 utique
1243 1543 58 51 ob

781 1583 141 41 tinere
880 1583 169 41 naturam,
1007 1583 127 41 neque
1091 1583 198 41 essentiam,
1232 1583 71 41 qua

784 1620 91 53 ipse
840 1620 159 53 consistat,
965 1620 68 53 ea
1000 1620 136 53 ratione,
1102 1620 136 53 scilicet
1204 1620 80 53 qua
1238 1620 57 53 ma-

780 1668 145 46 terialis
889 1668 145 46 existit,
998 1668 97 46 nisi
1059 1668 133 46 naturam
1143 1668 158 46 potentiali-

775 1700 123 49 tatis
857 1700 109 49 sseu
925 1700 259 49 promptitudinis,
1143 1700 82 49 vt
1184 1700 95 49 ita
1225 1700 68 49 lo-

772 1741 137 45 quar,
863 1741 106 45 cum
924 1741 106 45 sit
984 1741 152 45 expers
1091 1741 152 45 omnium
1182 1741 121 45 forma-

775 1788 90 44 rum
827 1788 206 44 materialium,
994 1788 116 44 atque
1058 1788 232 44 intelligibilium,

817 1816 99 50 Mox
874 1816 99 50 cum
930 1816 156 50 inquit,
1044 1816 113 50 dico
1115 1816 128 50 autem
1186 1816 113 50 intel-

772 1853 149 52 lectum,
881 1853 95 52 &c.
935 1853 95 52 hoc
989 1853 108 52 est,
1057 1853 176 52 intelligo
1179 1853 108 52 autem,

774 1896 95 43 cum
829 1896 108 43 dico
896 1896 217 43 intellectum,
1072 1896 95 43 eam
1127 1896 135 43 animae
1208 1896 81 43 vim,
