1416 2066
194 133 125 38 simile
281 133 100 38 ens,
343 133 125 38 passum
431 133 112 38 autem
505 133 187 38 assimilatum
643 133 62 38 est

191 172 121 31 videtur
279 172 110 31 igitur
356 172 143 31 sensibile
467 172 66 31 in
500 172 143 31 principio
610 172 88 31 esse
654 172 55 31 con

194 198 127 36 trarium
287 198 162 36 sensitiuo,
414 198 58 36 &
437 198 69 36 in
472 198 92 36 fine
530 198 127 36 simile.
622 198 69 36 Ex
645 198 58 36 hoc

199 230 115 38 igitur
280 230 138 38 sequitur
384 230 173 38 sensationem
522 230 92 38 esse
568 230 127 38 alteratio

193 266 88 26 nem
244 266 76 26 in
282 266 214 26 contrarietate
458 266 164 26 fundatam.
584 266 113 26 Huius
647 266 50 26 ta

192 290 90 42 men
244 290 167 42 oppositum
372 290 167 42 Aristote.
501 290 116 42 supra
578 290 90 42 iam
617 290 77 42 dixe

188 322 81 32 rat
235 322 70 32 in
270 322 93 32 tex.
328 322 128 32 commen.
421 322 81 32 37.
467 322 81 32 vbi
514 322 151 32 distinxit
619 322 81 32 ipsum

198 356 86 36 pati
252 356 54 36 &
274 356 140 36 alterari,
382 356 129 36 asserens
479 356 97 36 aliud
543 356 86 36 esse
586 356 119 36 cortuptio

199 386 86 32 nem
248 386 148 32 quandam,
359 386 111 32 aliud
432 386 111 32 autem
506 386 135 32 salutem
592 386 111 32 potius.

193 416 57 35 &
215 416 80 35 ita
261 416 149 35 finaliter
376 416 183 35 concludebat,
525 416 92 35 quod
571 416 137 35 alteratio,

191 445 88 37 qua
242 445 138 37 secunda
342 445 151 37 potentia
456 445 163 37 deducitur
581 445 75 37 ad
606 445 101 37 actum,

191 478 78 36 est
235 478 67 36 ex
269 478 122 36 secundo
358 478 111 36 genere
435 478 189 36 alterationis.
591 478 78 36 sic
624 478 78 36 quan-

192 509 73 37 do
228 509 122 37 sciens
314 509 73 37 in
351 509 122 37 habitu
437 509 98 37 exit
498 509 73 37 ad
535 509 110 37 actum
596 509 110 37 consyde

191 540 126 32 randi:
279 540 63 32 &
304 540 163 32 similiter
430 540 126 32 quando
518 540 126 32 sensus
606 540 100 32 exit
656 540 50 32 in

196 572 101 31 actum
263 572 157 31 sentiendi.
386 572 145 31 Soluitur.
498 572 67 31 vt
531 572 101 31 dicit
587 572 112 31 Aristote

198 603 100 37 quia
261 603 88 37 non
311 603 138 37 habemus
411 603 138 37 propria
511 603 138 37 nomina,
599 603 100 37 quibus

190 637 163 30 nominare
313 637 163 30 possumus
435 637 177 30 huiusmodi
558 637 136 30 intentio

195 663 78 35 nes
239 663 111 35 factas
317 663 56 35 a
340 663 178 35 sensibilibus
484 663 67 35 in
518 663 122 35 sensus,
596 663 111 35 oportuit

199 694 82 32 vti
246 694 152 32 nominibus
363 694 105 32 istis
433 694 128 32 tanquam
526 694 152 32 propriis,
631 694 70 32 sci-

200 724 101 43 licet
267 724 90 43 ipso
324 724 90 43 pati
380 724 56 43 &
402 724 146 43 alterari.
515 724 79 43 Sed
560 724 124 43 aduerte
639 724 68 43 quod

193 756 68 30 in
227 756 170 30 alteratione
363 756 125 30 proprie
454 756 125 30 sumpta,
544 756 91 30 quae
601 756 79 30 est
635 756 68 30 cor-

192 785 113 34 ruptio
271 785 136 34 quaedam,
373 785 102 34 talis
441 785 79 34 est
486 785 102 34 inter
554 785 136 34 teriinos
644 785 57 34 com

199 819 126 32 trarios:
293 819 94 32 sicut
356 819 73 32 est
397 819 63 32 in
429 819 84 32 vero
481 819 94 32 motu,
544 819 73 32 qui
586 819 73 32 est
628 819 63 32 de
649 819 52 32 com

194 853 124 29 trario
280 853 74 29 in
318 853 186 29 contrarium.
466 853 87 29 Sed
516 853 161 29 huiusmodi
628 853 74 29 con-

195 882 153 36 trarietas
313 882 82 36 non
360 882 153 36 inuenitur
478 882 71 36 in
513 882 165 36 sensitiuo,
630 882 71 36 quia

194 912 87 34 non
243 912 137 34 mutatur
343 912 75 34 de
380 912 112 34 forma
455 912 162 34 contraria
579 912 75 34 in
604 912 99 34 formam

200 939 168 33 contrariam:
335 939 79 33 nec
379 939 79 33 sic
424 939 168 33 assimilatur
559 939 146 33 sensibili
660 939 45 33 vt

188 969 93 33 fiat
246 969 93 33 eius
304 969 139 33 materia.
408 969 69 33 ex
443 969 81 33 hoc
489 969 104 33 enim,
559 969 93 33 quod
605 969 104 33 sensiti

190 1005 87 29 uum
239 1005 112 29 visus
314 1005 137 29 mouetur
413 1005 62 29 a
438 1005 137 29 colore,
537 1005 87 29 non
575 1005 124 29 albescit

195 1033 99 33 neque
261 1033 153 33 nigrescit,
381 1033 99 33 sicut
447 1033 77 33 iam
491 1033 77 33 fit
535 1033 66 33 in
557 1033 142 33 alteratione

201 1063 107 33 vera,
272 1063 83 33 vbi
320 1063 119 33 passum
403 1063 83 33 est
450 1063 130 33 materia
545 1063 142 33 agentis,
640 1063 59 33 sed

193 1094 114 31 solum
270 1094 127 31 formam
359 1094 102 31 eius
422 1094 153 31 recipit:
537 1094 89 31 hoc
588 1094 102 31 enim
638 1094 64 31 est

199 1127 207 39 vniuscuiusque
370 1127 122 39 sensus
455 1127 159 39 proprium,
565 1127 134 39 suscepti-

199 1156 84 38 uum
247 1156 96 38 esse
307 1156 156 38 specierum
427 1156 96 38 sine
487 1156 144 38 materia.
595 1156 60 38 &
607 1156 96 38 propte

196 1189 77 32 rea
240 1189 98 32 neque
305 1189 98 32 pati,
371 1189 77 32 nec
415 1189 131 32 alterari
513 1189 120 32 proprie
590 1189 109 32 dicitur,

193 1219 78 32 Sed
237 1219 100 32 istud
304 1219 78 32 est
349 1219 100 32 aliud
416 1219 178 32 alterationis
561 1219 112 32 genus,
639 1219 89 32 quod

192 1248 68 35 in
226 1248 180 35 perfectionem
372 1248 135 35 desinit,
474 1248 79 35 pro
519 1248 113 35 quanto
598 1248 90 35 ista
643 1248 56 35 re-

191 1279 113 35 ceptio
270 1279 79 35 est
315 1279 113 35 solius
395 1279 125 35 formae,
486 1279 91 35 quae
542 1279 113 35 tandem
610 1279 91 35 termi-

192 1316 118 34 natur
271 1316 79 34 in
310 1316 158 34 iudicium
428 1316 66 34 &
455 1316 210 34 cognitionem.
612 1316 92 34 quem-

190 1343 144 40 admodum
295 1343 105 40 enim
360 1343 144 40 dicimus
465 1343 118 40 ceram
543 1343 157 40 excipere
648 1343 52 40 si

192 1380 153 33 gillum,
304 1380 70 33 &
332 1380 167 33 imaginem
457 1380 153 33 auream,
569 1380 98 33 non
610 1380 98 33 tamen

200 1403 136 40 quatenus
302 1403 102 40 aurea
370 1403 91 40 est,
426 1403 91 40 cera
483 1403 91 40 enim
540 1403 91 40 sine
597 1403 102 40 auro,
653 1403 57 40 aut

195 1434 89 33 aere
251 1434 134 33 symbolum
351 1434 134 33 excipit,
452 1434 67 33 vt
486 1434 101 33 dicit
541 1434 157 33 lucidissimus

201 1466 185 31 Themistius.
349 1466 74 31 Et
386 1466 124 31 subdit
472 1466 99 31 quod
534 1466 111 31 nulla
596 1466 111 31 materia

190 1495 71 35 de
226 1495 107 35 forma
297 1495 95 35 sibi
356 1495 166 35 accidente,
487 1495 178 35 haerenteque
618 1495 83 35 iudi-

195 1525 97 37 cium
256 1525 109 37 ferre
328 1525 134 37 potest,
426 1525 134 37 quoniam
523 1525 134 37 materia
608 1525 97 37 suapte

193 1558 133 37 ingenio
290 1558 157 37 incipiens
411 1558 109 37 bruta
471 1558 230 37 itrationabilisque

198 1596 87 30 est:
252 1596 97 30 ratio
317 1596 87 30 vero
371 1596 76 30 tum
415 1596 65 30 de
447 1596 97 30 aliis
512 1596 130 30 iudicat,
609 1596 76 30 tum
642 1596 54 30 ra-

189 1618 121 41 tione
269 1618 67 41 &
296 1618 121 41 forma
377 1618 162 41 rationem
498 1618 67 41 &
525 1618 135 41 formam
606 1618 94 41 appre

192 1650 133 32 hiendit:
292 1650 111 32 sensus
369 1650 89 32 vero
424 1650 133 32 species,
524 1650 55 32 &
546 1650 100 32 ratio
612 1650 66 32 ea
635 1650 66 32 est,

191 1684 101 35 quae
255 1684 114 35 sedem
331 1684 76 35 in
369 1684 114 35 primo
445 1684 190 35 instrumento
584 1684 114 35 sentien

196 1717 68 36 di
230 1717 114 36 habet.
309 1717 68 36 Et
343 1717 91 36 hinc
400 1717 102 36 scire
468 1717 125 36 poteris
559 1717 125 36 propter
639 1717 68 36 quam

198 1749 127 29 causam
287 1749 140 29 ethicus
389 1749 89 29 non
440 1749 140 29 sentiat
542 1749 127 29 febrem
618 1749 89 29 suam,

196 1780 86 31 quia
250 1780 129 31 febrilis
347 1780 86 31 ille
401 1780 97 31 calor
466 1780 129 31 realiter
563 1780 86 31 est,
617 1780 54 31 &
627 1780 65 31 mate

191 1804 153 33 rialiter
306 1804 77 33 in
344 1804 153 33 membris.
459 1804 64 33 &
485 1804 102 33 ideo
549 1804 140 33 membra,
638 1804 64 33 cum

192 1835 94 32 sint
251 1835 129 32 caloris
345 1835 117 32 illius
427 1835 141 32 materia,
532 1835 82 32 non
579 1835 129 32 possunt
661 1835 47 32 de

729 133 83 37 llo
776 133 130 37 afferre
871 133 154 37 iudicium,
989 133 83 37 sed
1037 133 95 37 bene
1096 133 71 37 de
1120 133 106 37 calore,

730 167 92 39 quod
787 167 80 39 est
833 167 69 39 in
867 167 160 39 humoribus,
993 167 80 39 aut
1038 167 160 39 spiritibus
1153 167 80 39 iudi-

725 197 92 31 care
782 197 149 31 poterunt,
897 197 92 31 quia
954 197 69 31 ab
989 197 103 31 illis
1058 197 126 31 possunt
1138 197 92 31 decidi

723 228 124 39 species
813 228 90 39 sine
869 228 124 39 materia
959 228 68 39 in
993 228 113 39 organo
1072 228 124 39 tactus,
1162 228 79 39 sed
1195 228 34 39 a

731 260 115 31 roprio
811 260 115 31 calore
891 260 103 31 nihil
960 260 138 31 patitur,
1063 260 103 31 sicut
1120 260 115 31 combusti

727 288 87 34 bile
781 288 54 34 a
803 288 108 34 seipso
879 288 76 34 non
922 288 163 34 comburitur,
1052 288 65 34 vt
1085 288 98 34 dicit
1139 288 87 34 Arist.

723 319 75 39 in
760 319 138 39 secundo
860 319 75 39 de
898 319 125 39 anima.
985 319 75 39 in
1023 319 100 39 tex.
1085 319 138 39 commen.
1173 319 63 39 32.

727 350 71 36 Et
763 350 83 36 hoc
810 350 131 36 pulchre
906 350 131 36 notauit
1001 350 143 36 Themist.
1108 350 83 36 in.
1156 350 71 36 2.
1179 350 48 36 de

723 389 113 30 anima
799 389 75 30 in
836 389 100 30 tex.
899 389 88 30 62.
949 389 88 30 vbi
1000 389 126 30 inquit
1087 389 100 30 quod
1138 389 100 30 sensum

724 414 132 38 proprie
820 414 96 38 pati
880 414 60 38 &
904 414 144 38 alterari
1013 414 60 38 a
1037 414 180 38 sensilibus,
1169 414 60 38 cum

732 451 99 32 patet
798 451 99 32 quod,
865 451 66 32 si
898 451 99 32 visus
964 451 144 32 exalbuit,
1074 451 88 32 alba
1130 451 77 32 non
1163 451 66 32 per-

728 474 109 32 cipit,
804 474 65 32 si
837 474 98 32 manus
902 474 141 32 recaluit,
1011 474 109 32 calida
1087 474 76 32 non
1119 474 109 32 sentiusi

722 509 136 35 palatum
820 509 173 35 indulcuit,
956 509 123 35 dulcia
1042 509 86 35 non
1079 509 148 35 dignoscit,

725 535 113 35 aures
800 535 163 35 strepitum
925 535 175 35 familiarem
1062 535 175 35 obaudiunt.
1187 535 50 35 Ad

720 568 120 34 formam
804 568 120 34 igitur
889 568 229 34 contradictionis
1081 568 84 34 dic
1130 568 96 34 quod
1190 568 72 34 in

716 597 190 42 alteratione
868 597 63 42 &
894 597 152 42 passione
1008 597 101 42 vera
1071 597 127 42 passum
1147 597 89 42 muta-

718 634 86 32 tur
767 634 74 32 de
804 634 123 32 habitu
890 634 160 32 contrario
1014 634 74 32 in
1051 634 136 32 habitum
1137 634 99 32 contra

721 660 105 37 rium,
792 660 59 37 &
815 660 117 37 passum
897 660 82 37 fit
944 660 129 37 materia
1038 660 141 37 agentis.
1143 660 82 37 sed
1190 660 70 37 in

726 691 162 38 alteratione
856 691 162 38 perfectiua.
985 691 108 38 qualis
1061 691 76 38 est
1093 691 130 38 sensitiui,

723 725 85 30 non
772 725 85 30 est
820 725 73 30 de
857 725 158 30 contrario
978 725 122 30 habitu
1064 725 73 30 in
1088 725 146 30 contrarium

719 755 80 39 nec
764 755 80 39 id,
810 755 92 39 quod
867 755 126 39 patitur
959 755 80 39 fit
1005 755 126 39 materia
1097 755 115 39 formae
1165 755 69 39 agen

718 788 97 37 tis,
778 788 85 37 sed
827 788 109 37 solum
899 788 133 37 desinit
996 788 73 37 in
1032 788 145 37 iudicium
1141 788 60 37 &
1153 788 85 37 cogni

721 815 124 35 tionem
807 815 149 35 mediante
919 815 174 35 receptione
1055 815 124 35 solius
1130 815 99 35 formae

720 847 199 32 circunscripta
884 847 141 32 materia.
990 847 105 32 forma
1060 847 94 32 enim
1119 847 94 32 sola
1166 847 70 32 sen-

718 877 129 33 sibilis
812 877 94 33 est,
871 877 94 33 quae
930 877 153 33 sensorium
1048 877 153 33 percutit.
1154 877 82 33 Solum

722 909 106 38 igitur
796 909 74 38 hic
839 909 74 38 est
881 909 106 38 salus,
955 909 84 38 quia
1007 909 158 38 sensitiuum,
1123 909 106 38 antequam

727 940 140 30 priuatur
832 940 58 30 a
856 940 163 30 sensibili,
984 940 82 30 non
1031 940 105 30 habet
1101 940 117 30 formam
1171 940 58 30 se-

719 969 118 40 cundum
802 969 94 40 quam
860 969 82 40 fit
908 969 188 40 assimilatio,
1060 969 82 40 sed
1108 969 106 40 facta
1166 969 71 40 pas-

718 999 109 35 sione
791 999 121 35 habet.
876 999 97 35 vnde
936 999 73 35 ex
973 999 85 35 non
1021 999 134 35 formato
1119 999 85 35 fit
1155 999 85 35 forma

729 1032 85 34 um,
777 1032 60 34 &
801 1032 72 34 ex
838 1032 85 34 non
886 1032 181 34 cognoscente
1031 1032 72 34 in
1067 1032 97 34 actu
1127 1032 85 34 fit
1164 1032 60 34 co-

723 1061 152 38 gnoscens.
840 1061 164 38 sensibilia
969 1061 94 38 enim
1028 1061 105 38 extra
1098 1061 117 38 actiua
1169 1061 70 38 sunt

719 1095 97 33 huius
784 1095 173 33 operationis,
925 1095 65 33 vt
957 1095 97 33 dicit
1022 1095 141 33 Aristote.
1130 1095 76 33 in.
1173 1095 65 33 2.
1195 1095 43 33 de

720 1131 124 31 anima.
807 1131 75 31 in
844 1131 99 31 tex.
906 1131 137 31 commen.
1005 1131 87 31 39.
1055 1131 99 31 quod
1105 1131 124 31 qualiter

727 1156 86 31 sit
776 1156 210 31 intelligendum
949 1156 148 31 superius
1048 1156 185 31 declarauimus.

722 1188 86 30 non
771 1188 111 30 valet
845 1188 111 30 autem
919 1188 111 30 quod,
993 1188 74 30 si
1030 1188 173 30 sensitiuum
1154 1188 74 30 ante

718 1218 94 38 pati
777 1218 82 38 non
824 1218 82 38 est
870 1218 129 38 simile,
964 1218 117 38 igitur
1046 1218 82 38 est
1081 1218 152 38 contrarium,

718 1249 86 33 qua
767 1249 74 33 ia
804 1249 136 33 negatio
903 1249 210 33 affirmationem
1076 1249 86 33 non
1113 1249 111 33 infert,

726 1284 81 31 Vel
773 1284 81 31 dic
819 1284 92 31 quod
877 1284 81 31 est
923 1284 150 31 priuatiua
1039 1284 196 31 contrarietas,
1189 1284 46 31 ex

720 1309 77 45 quo
764 1309 131 45 existens
862 1309 109 45 simili
939 1309 77 45 fit
983 1309 131 45 similis,
1081 1309 77 45 sed
1125 1309 77 45 non
1157 1309 77 45 posi-

725 1340 92 39 tiua,
786 1340 92 39 sicut
847 1340 72 39 est
888 1340 61 39 in
909 1340 61 39 vera

751 1365 204 37 Trigesimanona
919 1365 156 37 contradi.
1040 1365 84 37 est
1088 1365 108 37 super
1148 1365 84 37 eodem

724 1401 84 33 tex.
776 1401 115 33 Aristo.
860 1401 105 33 inquit
933 1401 84 33 quod
985 1401 146 33 sensitiuum
1100 1401 73 33 est
1142 1401 84 33 tale
1194 1401 63 33 in

723 1436 145 37 potentia,
835 1436 101 37 quale
902 1436 78 37 est
946 1436 145 37 sensibile
1058 1436 101 37 actu,
1125 1436 56 37 &
1137 1436 89 37 passum

724 1466 77 41 est
768 1466 99 41 tale,
834 1466 99 41 quale
899 1466 77 41 est
943 1466 110 41 illud.
1020 1466 77 41 Sed
1064 1466 99 41 huius
1118 1466 121 41 oppositum

724 1493 133 36 sequitur
824 1493 66 36 ex
857 1493 89 36 his,
912 1493 89 36 quae
967 1493 155 36 scribuntur
1089 1493 100 36 infra
1156 1493 66 36 ab
1178 1493 55 36 eo-

722 1526 86 39 dem
771 1526 74 39 in
808 1526 98 39 tex.
869 1526 135 39 commen.
967 1526 98 39 12I.
1028 1526 86 39 vbi
1078 1526 135 39 dicitur
1163 1526 74 39 quod

730 1561 139 37 proprium
835 1561 81 37 est
881 1561 197 37 vniuscuiusque
1043 1561 116 37 sensus
1112 1561 116 37 suscepti

723 1587 87 32 uum
772 1587 100 32 esse
835 1587 162 32 specierum
959 1587 100 32 sine
1021 1587 149 32 materia.
1121 1587 112 32 Manife-

722 1620 89 39 stum
778 1620 78 39 est
822 1620 100 39 autem
889 1620 89 39 quod
945 1620 145 39 sensibile
1057 1620 100 39 actu,
1123 1620 89 39 quod
1179 1620 78 39 mo

719 1647 83 35 uet
767 1647 130 35 sensum,
861 1647 83 35 est
909 1647 107 35 forma
980 1647 71 35 in
1016 1647 142 35 materia,
1122 1647 83 35 sed
1158 1647 71 35 sen-

720 1685 92 38 sus,
777 1685 80 38 seu
823 1685 161 38 sensitiuum
949 1685 126 38 nunquam
1041 1685 103 38 actu,
1110 1685 80 38 vbi
1144 1685 92 38 passum

720 1708 119 38 fuerit,
807 1708 119 38 habebit
894 1708 109 38 formam
970 1708 152 38 sensibilis
1089 1708 65 38 in
1111 1708 130 38 materiali-

720 1742 50 36 &
740 1742 121 36 naturali
831 1742 91 36 esse.
891 1742 60 36 Et
922 1742 81 36 tunc
972 1742 101 36 iterum
1042 1742 121 36 concesso
1133 1742 81 36 quod
1174 1742 60 36 ista

723 1773 141 37 receptio
829 1773 82 37 fit
876 1773 141 37 secundum
982 1773 141 37 speciem,
1088 1773 118 37 restat
1158 1773 71 37 quo-

722 1805 96 38 modo
782 1805 84 38 sit
830 1805 108 38 facta
902 1805 180 38 assimilatio
1045 1805 108 38 inter
1105 1805 132 38 sensibile

717 1836 131 31 habens
808 1836 105 31 esse
874 1836 183 31 materiale,
1018 1836 65 31 &
1044 1836 118 31 ipsum
1109 1836 118 31 sensum.
