1416 2066
206 163 111 51 sunt
276 163 97 51 eam
331 163 111 51 esse
401 163 84 51 ex
443 163 209 51 principiis,
610 163 84 51 ex
652 163 223 51 istimauerunt
832 163 139 51 quidam
930 163 111 51 esse
1000 163 139 51 ignem:
1097 163 111 51 quia
1153 163 111 51 repu

207 215 156 43 tabant
317 215 140 43 ignem
410 215 125 43 esse
488 215 203 43 elementum
644 215 218 43 caeterorum
815 215 249 43 elementorum,
1018 215 78 43 &
1034 215 218 43 simpliciorum

211 255 162 45 partium:
333 255 68 45 &
360 255 108 45 quod
428 255 122 45 magis
509 255 149 45 videtur
617 255 95 45 non
671 255 108 45 esse
739 255 149 45 corpus:
847 255 108 45 quia
914 255 176 45 opinantur
1049 255 176 45 principia
1171 255 81 45 esse

209 293 117 38 talia
287 293 156 38 scilicet
404 293 195 38 simpliciora
560 293 130 38 aliis,
651 293 65 38 &
677 293 169 38 remotiora
808 293 130 38 natura
899 293 169 38 corporea.
1029 293 65 38 &
1055 293 117 38 omnia
1133 293 104 38 ista
1185 293 65 38 cum

212 325 94 53 eo,
265 325 107 53 quod
332 325 107 53 visa
399 325 94 53 est
453 325 80 53 ab
493 325 94 53 eis
546 325 147 53 moueri,
653 325 67 53 &
680 325 134 53 mouere
774 325 107 53 alia
841 325 121 53 prima
921 325 201 53 intentione,
1082 325 121 53 sicut
1149 325 107 53 anima.

253 379 223 47 Demoeritus
428 379 143 47 autem
524 379 175 47 dulcius
651 379 143 47 dixit
747 379 207 47 enuntians
906 379 175 47 propter
1033 379 127 47 quid
1097 379 159 47 vtrumque

200 420 181 54 horum:
327 420 181 54 animam
453 420 181 54 quidem
580 420 145 54 enim
671 420 91 54 &
707 420 272 54 intellectum
924 420 163 54 idem.
1033 420 163 54 Istud
1123 420 127 54 autem

207 472 211 43 primorum
366 472 88 43 &
401 472 317 43 indiuisibilium
665 472 211 43 corporum
823 472 158 43 esse:
928 472 193 43 motiuum
1069 472 158 43 autem
1157 472 88 43 pro

200 508 139 50 pter
286 508 278 50 subtilitatem
512 508 191 50 partium
651 508 87 50 &
685 508 208 50 figuram:
842 508 226 50 Pigurarum
1015 508 156 50 autem
1102 508 156 50 mobilis

208 548 160 47 simam,
320 548 128 47 quae
400 548 208 47 sphaerica
561 548 160 47 dicit,
673 548 112 47 hoc
737 548 144 47 autem
833 548 240 47 intellectum
1026 548 128 47 esse
1106 548 80 47 &
1122 548 128 47 ignem.

250 591 210 60 Democritus
415 591 135 60 autem
505 591 120 60 esto
580 591 135 60 etiam
670 591 180 60 politius
804 591 180 60 loquutus
939 591 120 60 est,
1014 591 120 60 quod
1074 591 180 60 reddiderit

201 651 184 40 causam,
335 651 117 40 cur
402 651 117 40 sit
469 651 150 40 horum
569 651 217 40 vtrumque:
736 651 167 40 Animam
853 651 134 40 enim
937 651 84 40 &
970 651 251 40 intellectum
1154 651 100 40 idem

208 684 129 59 esse:
294 684 101 59 hoc
351 684 129 59 autem
437 684 86 59 ex
481 684 144 59 primis
581 684 129 59 esse,
667 684 72 59 &
696 684 273 59 indiuisibilibus
926 684 215 59 corporibus:
1098 684 158 59 motiuum
1199 684 57 59 ve

202 732 103 47 ro
253 732 103 47 ob
305 732 258 47 exiguitatem
511 732 206 47 partium,
666 732 86 47 &
700 732 206 47 figuram:
855 732 223 47 figurarum
1027 732 155 47 autem
1113 732 137 47 omnium

199 791 237 54 mobilissimam
392 791 207 54 sphaericam
554 791 148 54 dicit:
658 791 133 54 talem
747 791 133 54 autem
836 791 118 54 esse
910 791 237 54 intellectum,
1102 791 74 54 &
1117 791 133 54 ignem.,

247 831 231 42 Democritus
429 831 149 42 autem
528 831 149 42 dixit
627 831 99 42 in
677 831 116 42 hoc
743 831 198 42 sermonem
892 831 149 42 magis
991 831 215 42 latentem,
1156 831 83 42 &
1172 831 83 42 iu-

202 875 160 48 dicauit
319 875 145 48 causam
420 875 87 48 in
464 875 174 48 vtroque,
595 875 73 48 &
624 875 131 48 dixit
711 875 116 48 quod
784 875 145 48 anima,
886 875 73 48 &
915 875 218 48 intellectus
1089 875 116 48 sunt
1147 875 102 48 idem,

199 916 76 48 &
229 916 122 48 quod
305 916 107 48 hoc
366 916 107 48 est
427 916 91 48 ex
473 916 152 48 primis
579 916 213 48 corporibus
747 916 304 48 indiuisibilibus.
1005 916 91 48 Et
1051 916 198 48 attribuit
1188 916 61 48 ip

199 957 118 46 sum
267 957 152 46 motui
368 957 185 46 propter
502 957 236 46 paruitatem
688 957 185 46 partium
823 957 152 46 eius,
924 957 84 46 &
958 957 185 46 propter
1075 957 169 46 figuram.

203 1002 74 48 &
233 1002 132 48 dixit
321 1002 118 48 quod
395 1002 132 48 inter
483 1002 162 48 figuras
601 1002 132 48 magis
689 1002 177 48 obediens
821 1002 132 48 motui
910 1002 103 48 est
968 1002 206 48 sphaerica,
1130 1002 74 48 &
1160 1002 118 48 quod

200 1041 256 49 intellectus,
408 1041 80 49 &
440 1041 144 49 ignis
536 1041 160 49 habent
649 1041 144 49 talem
729 1041 160 49 figuram.

221 1100 113 54 Quia
292 1100 170 54 intentio
419 1100 113 54 eius
489 1100 85 54 in
532 1100 99 54 hoc
588 1100 170 54 capitulo
715 1100 99 54 est
772 1100 212 54 demonstrare
941 1100 113 54 quod
1012 1100 155 54 Antiqui
1125 1100 113 54 bene
1181 1100 71 54 di-

207 1142 127 43 xerunt
296 1142 76 43 in
334 1142 101 43 hoc,
397 1142 101 43 quod
461 1142 177 43 conueniunt
600 1142 76 43 in
638 1142 101 43 hoc,
701 1142 101 43 quod
765 1142 114 43 anima
841 1142 89 43 est
891 1142 76 43 ex
929 1142 177 43 principiis
1069 1142 127 43 perper
1145 1142 101 43 motum,

202 1189 74 31 &
232 1189 148 31 facere
335 1189 251 31 comparationem
542 1189 133 31 inter
631 1189 177 31 sermones
764 1189 133 31 eorum
852 1189 89 31 de
896 1189 118 31 hoc,
970 1189 74 31 &
1000 1189 103 31 iam
1059 1189 162 31 locutus
1162 1189 89 31 fuit

207 1221 86 38 de
250 1221 187 38 sententia
394 1221 129 38 eius,
480 1221 101 38 qui
537 1221 158 38 dicebat
652 1221 144 38 animam
753 1221 115 38 esse
825 1221 144 38 ignem.
925 1221 173 38 incoepit
1055 1221 115 38 modo
1127 1221 129 38 loqui
1199 1221 58 38 de

202 1267 213 40 opinantibus
372 1267 99 40 eam
429 1267 114 40 esse
500 1267 85 40 ex
542 1267 170 40 partibus
670 1267 284 40 indiuisibilibus,
911 1267 170 40 dicendo,
1039 1267 199 40 Democritus
1181 1267 71 40 au-

208 1302 101 49 tem
265 1302 87 49 d.
309 1302 87 49 de
352 1302 145 49 natura
453 1302 145 49 animae
554 1302 130 49 prper
641 1302 130 49 motum
728 1302 173 49 sermonem
858 1302 130 49 magis
945 1302 173 49 latentem
1075 1302 159 49 sermone
1176 1302 72 49 di-

202 1336 136 51 centis
298 1336 123 51 ipsam
380 1336 109 51 esse
448 1336 136 51 ignem.
543 1336 68 51 &
570 1336 95 51 est
625 1336 218 51 magislatens,
802 1336 109 51 quia
870 1336 177 51 iudicauit
1007 1336 136 51 animam
1102 1336 82 51 in
1129 1336 123 51 vtraque

213 1375 139 46 virtute:
318 1375 58 46 &
341 1375 70 46 d.
376 1375 105 46 ipsam
446 1375 93 46 esse
504 1375 128 46 eandem,
597 1375 58 46 &
620 1375 93 46 quod
678 1375 116 46 natura
759 1375 151 46 vtriusque
875 1375 81 46 est
922 1375 105 46 eadem
992 1375 139 46 scilicet
1084 1375 163 46 intellectus,

210 1414 66 44 &
236 1414 133 44 animae
329 1414 173 44 mouentis,
462 1414 66 44 &
488 1414 199 44 sensibilis.
648 1414 80 44 d.
688 1414 106 44 enim
754 1414 106 44 quod
820 1414 133 44 anima.
913 1414 66 44 &
940 1414 199 44 intellectus
1099 1414 106 44 sunt
1152 1414 93 44 idem,

209 1453 67 40 &
235 1453 106 40 quod
302 1453 133 40 natura
395 1453 133 40 illius
488 1453 106 40 est,
555 1453 106 40 quia
621 1453 93 40 est
675 1453 106 40 pars
741 1453 146 40 partium
848 1453 253 40 indiuisibilium:
1047 1453 200 40 sphaericarum.

236 1493 107 46 D.d.
303 1493 80 46 Et
343 1493 174 46 attribuit
477 1493 120 46 ipsum
557 1493 134 46 motui,
651 1493 94 46 &c.
704 1493 80 46 i.
744 1493 67 46 &
771 1493 174 46 attribuit
905 1493 120 46 ipsum
985 1493 134 46 motui,
1079 1493 147 46 proprio
1173 1493 80 46 ani-

208 1533 116 38 mae.
281 1533 87 38 i.
325 1533 145 38 posuit
426 1533 131 38 ipsum
514 1533 145 38 causam
615 1533 131 38 motus
703 1533 145 38 animae
804 1533 160 38 propter
921 1533 203 38 paruitatem
1081 1533 145 38 suarum
1168 1533 87 38 par-

214 1571 114 51 tium,
290 1571 89 51 cum
341 1571 89 51 sit
392 1571 228 51 indiuisibilis,
582 1571 63 51 &
607 1571 127 51 perper
696 1571 101 51 suam
760 1571 152 51 figuram.
874 1571 178 51 opinabatur
1013 1571 101 51 enim
1076 1571 101 51 quod
1140 1571 101 51 illa
1191 1571 63 51 fi-

214 1610 114 51 gura
285 1610 99 51 est
342 1610 170 51 leuioris
469 1610 128 51 motus
554 1610 142 51 omnium
654 1610 199 51 figurarum.
810 1610 71 51 &
838 1610 114 51 ideo
909 1610 199 51 opinabatur
1065 1610 114 51 quod
1136 1610 114 51 ista
1193 1610 57 51 fi

215 1651 112 49 gura
285 1651 154 49 existit
397 1651 84 49 in
439 1651 140 49 anima,
537 1651 70 49 &
565 1651 84 49 in
607 1651 126 49 igne.
691 1651 84 49 Et
733 1651 112 49 iste
802 1651 126 49 sermo
886 1651 126 49 later
970 1651 154 49 propter
1082 1651 112 49 duo.
1138 1651 112 49 quorum

219 1692 104 46 vnum
284 1692 91 46 est
336 1692 104 46 hoc,
401 1692 104 46 quod
466 1692 195 46 opinabatur,
622 1692 156 46 scilicet
739 1692 104 46 quod
805 1692 130 46 anima,
896 1692 65 46 &
922 1692 195 46 intellectus
1078 1692 104 46 sunt
1143 1692 117 46 idem:
1221 1692 65 46 &

221 1728 108 49 quod
288 1728 94 49 est
342 1728 108 49 pars
409 1728 243 49 indiuisibilis.
611 1728 94 49 sed
665 1728 135 49 partem
759 1728 229 49 indiuisibilem
948 1728 108 49 esse
1015 1728 94 49 est
1069 1728 148 49 dubium,
1164 1728 94 49 ignem

212 1765 132 46 antem
300 1765 118 46 esse
374 1765 103 46 est
418 1765 191 46 manifestum,

253 1810 246 41 Anaxagoras
447 1810 158 41 autem
552 1810 193 41 videtur
692 1810 176 41 quidem
815 1810 193 41 alterum
956 1810 176 41 dicere
1078 1810 176 41 animam
1201 1810 88 41 &

207 1853 90 46 i.
252 1853 179 46 cllectum
386 1853 90 46 vt
431 1853 164 46 diximus
551 1853 149 46 prius:
655 1853 149 46 vtitur
760 1853 134 46 autem
850 1853 179 46 vtrisque
984 1853 134 46 sicut
1074 1853 105 46 vna
1119 1853 134 46 natura.
