1416 2066
-54 168 1268 91 ARISTOTELIS

283 285 477 62 DE
442 285 557 62 ANIMA

418 379 308 48 LIBER
589 379 308 48 PRIMVS,

282 452 197 80 Cum
394 452 337 80 Auerrois
619 452 421 80 Commentarijs.

439 548 309 39 SVMMAE
625 548 247 39 LIBRI.

205 595 75 39 In
242 595 112 39 Prima
317 595 175 39 proponitur
454 595 175 39 nobilitas,
591 595 75 39 ac
629 595 187 39 difficultas
778 595 162 39 scientiae
891 595 112 39 Animae.

208 628 80 38 In
248 628 147 38 Secunda
355 628 187 38 Antiquorum
502 628 174 38 narrantur
635 628 174 38 opiniones
769 628 80 38 de
809 628 134 38 Animae
889 628 147 38 essentia.

203 659 78 40 In
242 659 129 40 Tertia
332 659 129 40 eaedem
423 659 194 40 confutantur
578 659 181 40 opiniones:
720 659 220 40 Adducunturque
901 659 168 40 nonnullae
1018 659 90 40 circa

235 691 130 48 Animae
326 691 169 48 veritatem
444 691 182 48 quaestiones.

407 747 231 40 SVMMAE
569 747 255 40 PRIMAE.
754 747 185 40 Cap.
846 747 93 40 1.

325 796 98 51 Quas
386 796 74 51 ob
423 796 86 51 res
472 796 123 51 Animae
558 796 147 51 cognitio
668 796 61 51 &
693 796 135 51 nobilis
791 796 98 51 sit,
852 796 61 51 &
865 796 159 51 difficilis.

392 868 294 38 ANTIQVA
579 868 347 38 TRANSLATIO.

349 916 185 45 Onorum
478 916 92 45 &
515 916 296 45 honorabilium
755 916 222 45 notitiam
922 916 259 45 opinantes,
1107 916 92 45 ma-

348 963 112 48 gis
412 963 144 48 autem
508 963 176 48 alteram
636 963 176 48 altera,
764 963 112 48 aut
828 963 192 48 secundum
956 963 240 48 certitudinem,

352 1010 117 41 aut
419 1010 100 41 ex
469 1010 100 41 eo
520 1010 134 41 quod
603 1010 251 41 meliorumque
804 1010 84 41 &
838 1010 268 41 mirabiliorum
1055 1010 134 41 est,
1122 1010 84 41 pro

352 1044 117 55 pter
426 1044 162 55 vtraque
543 1044 132 55 haec,
631 1044 147 55 animae
734 1044 191 55 historiam
881 1044 264 55 rationabiliter
1087 1044 117 55 vtique

342 1086 108 53 in
396 1086 181 53 primis
504 1086 181 53 ponemus.

207 1156 349 39 MICHAELIS
476 1156 322 39 SOPHIANI
690 1156 403 39 INTERPRETATIO

160 1212 125 68 CVm
232 1212 161 68 omnem
339 1212 232 68 scientiam
517 1212 125 68 rem
589 1212 214 68 pulchram
750 1212 107 68 ac
803 1212 268 68 honorabilem
1017 1212 143 68 esse
1089 1212 107 68 exi-

237 1261 207 60 stimemus,
396 1261 143 60 aliam
492 1261 143 60 tamen
588 1261 143 60 magis
683 1261 143 60 alia,
779 1261 112 60 vel
842 1261 127 60 quod
922 1261 255 60 exquisitior,
1113 1261 80 60 vel

141 1312 120 60 quod
216 1312 136 60 rerum
307 1312 271 60 praestantiorum
532 1312 75 60 &
563 1312 271 60 admirabiliorum
788 1312 120 60 sit,
864 1312 166 60 propter
984 1312 166 60 vtraque
1090 1312 105 60 haec,

137 1372 215 56 scientiam
303 1372 133 56 quae
386 1372 99 56 de
436 1372 149 56 Anima
535 1372 199 56 habetur,
684 1372 133 56 Iure
767 1372 166 56 optimo
883 1372 99 56 in
933 1372 166 56 primis
1032 1372 166 56 ponendam

138 1408 133 67 esse
205 1408 200 67 duxerimus.

440 1471 317 36 AVERROIS
651 1471 238 36 TEXTVS.

185 1515 178 47 Voniam
310 1515 107 47 de
363 1515 160 47 rebus
470 1515 302 47 honorabilibus
719 1515 89 47 &
754 1515 320 47 delectabilibus
1021 1515 125 47 est
1075 1515 125 47 scire

246 1557 171 47 aliquid
371 1557 94 47 de
418 1557 156 47 rebus,
527 1557 125 47 quae
605 1557 203 47 differunt
761 1557 94 47 ab
807 1557 187 47 inuicem,
948 1557 109 47 aut
1010 1557 94 47 in
1041 1557 156 47 subtili-

309 1603 142 54 tate,
404 1603 110 54 aut
467 1603 126 54 quia
545 1603 126 54 sunt
624 1603 189 54 cognitae
766 1603 110 54 per
829 1603 110 54 res
892 1603 220 54 digniores,
1065 1603 79 54 &
1081 1603 110 54 nobi-

132 1644 184 47 liores,
266 1644 167 47 rectum
383 1644 117 47 est
450 1644 184 47 propter
584 1644 134 47 haec
667 1644 117 47 duo
734 1644 167 47 ponere
851 1644 251 47 narrationem
1052 1644 100 47 de
1085 1644 117 47 anima

138 1684 213 55 positione
285 1684 229 55 praecedenti.

147 1747 184 49 INtendit
285 1747 107 49 per
346 1747 245 49 subtilitatem
546 1747 276 49 confirmationem
776 1747 307 49 demonstrationis.
1037 1747 92 49 Et
1067 1747 123 49 inten-

168 1793 99 44 dit
224 1793 99 44 per
281 1793 113 44 hoc,
352 1793 113 44 quod
423 1793 127 44 dixit
508 1793 99 44 aut
564 1793 113 44 quia
635 1793 113 44 sunt
706 1793 170 44 cognitae
833 1793 99 44 per
890 1793 99 44 res
946 1793 184 44 digniores
1088 1793 71 44 &
1102 1793 85 44 nobi

135 1824 149 43 liores,
244 1824 203 43 nobilitatem
407 1824 176 43 subiecti.
542 1824 122 43 Artes
624 1824 108 43 enim
691 1824 95 43 non
746 1824 176 43 differunt
881 1824 190 43 abinuicem,
1030 1824 108 43 nisi
1085 1824 108 43 altero

137 1864 170 43 istorum
260 1864 155 43 duorum
369 1864 186 43 modorum,
508 1864 186 43 scilicet
647 1864 108 43 aut
709 1864 263 43 confirmatione
910 1864 279 43 demonstrationis,
