1416 2066
270 179 82 48 De
311 179 165 48 uirtutis
435 179 206 48 uegetatiuae
600 179 165 48 obiecto,
723 179 165 48 Alimento
847 179 178 48 scilicet.
984 179 110 48 Cap.
1039 179 55 48 1.

253 237 177 46 Voniam
377 237 160 46 autem
484 237 124 46 est
555 237 160 46 eadem
661 237 213 46 potentia
821 237 248 46 vegetatiua
1016 237 89 46 &
1034 237 177 46 generati

221 268 133 71 Bua,
305 268 100 71 de
355 268 200 71 alimento
505 268 250 71 necessarium
705 268 117 71 est
772 268 250 71 determinare
972 268 183 71 primum.
1088 268 117 71 sepa-

245 325 160 55 ratur
352 325 142 55 enim
441 325 107 55 ab
494 325 160 55 aliis
600 325 231 55 potentiis
778 325 160 55 opere
867 325 107 55 hoc.

204 394 117 53 Cum
271 394 150 53 autem
371 394 150 53 eadem
472 394 117 53 sit
539 394 167 53 animae
656 394 201 53 potentia
806 394 217 53 nutritiua
973 394 84 53 &
990 394 217 53 generatiua,

152 428 143 64 primum
252 428 86 64 de
295 428 201 64 nutrimento
453 428 186 64 disserere
596 428 158 64 necesse
711 428 115 64 est,
783 428 100 64 hoc
840 428 115 64 enim
912 428 158 64 officio
1027 428 86 64 ab
1070 428 129 64 aliis
1141 428 72 64 di-

161 476 197 67 stinguitur
302 476 169 67 potentiis.

191 524 102 47 Et
242 524 137 47 quia
327 524 205 47 potentia
481 524 239 47 nutriendi,
669 524 85 47 &
703 524 222 47 generandi
874 524 137 47 sunt
959 524 171 47 eaedem
1061 524 154 47 oportet

157 555 150 68 prius
257 555 234 68 necessario
441 555 250 68 determinare
641 555 134 68 quid
725 555 117 68 est
792 555 267 68 nutrimentum,
1009 555 83 68 &
1025 555 184 68 distingue

150 611 91 48 re
195 611 91 48 ab
240 611 136 48 aliis
316 611 196 48 virtutibus.

145 658 105 50 Cum
205 658 180 50 narrauit
340 658 120 50 quod
415 658 120 50 vult
490 658 135 50 loqui
580 658 135 50 primo
670 658 90 50 de
716 658 165 50 virtute
836 658 210 50 nutritiua,
1001 658 105 50 cum
1061 658 105 50 sit
1106 658 105 50 magis

168 694 229 42 vniuersalis:
354 694 72 42 &
382 694 200 42 principium
540 694 143 42 eorum,
640 694 115 42 quae
712 694 172 42 apparent
841 694 86 42 in
884 694 100 42 eo,
941 694 100 42 vel
998 694 200 42 principium
1141 694 72 42 eo-

158 732 110 40 rum,
227 732 83 40 de
268 732 138 40 quibus
365 732 220 40 consyderatur
544 732 83 40 ex
585 732 96 40 hac
640 732 165 40 virtute,
764 732 96 40 est
819 732 110 40 quod
888 732 138 40 anima,
985 732 69 40 &
1012 732 110 40 suae
1067 732 138 40 actiones

155 771 116 41 sunt
227 771 232 41 augmentarem,
415 771 72 41 &
444 771 174 41 nutrire,
575 771 72 41 &
604 771 188 41 generare:
748 771 174 41 incoepit
879 771 116 41 modo
951 771 217 41 determinare
1125 771 116 41 quod

156 812 99 39 est
212 812 142 39 illud,
312 812 85 39 de
354 812 99 39 quo
411 812 156 39 oportet
524 812 227 39 consyderare,
708 812 127 39 primo
793 812 85 39 in
836 812 99 39 hac
892 812 170 39 virtute,
1020 812 170 39 postquam
1133 812 71 39 co-

155 853 182 47 gnoscitur
295 853 112 47 esse
365 853 140 47 anima,
463 853 70 47 &
491 853 84 47 d.
533 853 84 47 Et
575 853 112 47 quia
645 853 168 47 potentia
772 853 196 47 nutriendi,
926 853 70 47 &
954 853 196 47 generandi,
1108 853 98 47 &c.
1150 853 56 47 i.

155 893 70 39 &
183 893 111 39 quia
253 893 181 39 subiectum
392 893 181 39 potentiae
531 893 209 39 nutritiuae,
698 893 70 39 &
726 893 251 39 augmentabilis,
935 893 70 39 &
962 893 209 39 generatiuae
1115 893 84 39 idem

153 929 97 38 est
208 929 166 38 scilicet
333 929 221 38 nutrimentum:
512 929 83 38 T&
553 929 97 38 iam
609 929 152 38 diximus
719 929 124 38 primo
802 929 110 38 quod
871 929 97 38 via
926 929 83 38 ad
967 929 207 38 cognitionem
1119 929 83 38 sub-

156 966 213 44 stantiarum
323 966 168 44 istarum
445 966 198 44 virtutum,
598 966 107 44 non
659 966 107 44 est
719 966 122 44 nisi
796 966 107 44 per
857 966 229 44 cognitionem
1024 966 183 44 passiuorum

158 1011 133 46 earum
247 1011 148 46 primo:
351 1011 119 46 vnde
425 1011 163 46 necesse
543 1011 104 46 est
603 1011 133 46 primo
692 1011 193 46 incipere,
840 1011 74 46 &
869 1011 222 46 determinare
1047 1011 133 46 cibum
1121 1011 89 46 quid

161 1045 100 46 sit,
223 1045 62 46 &
248 1045 137 46 nutrire
347 1045 100 46 quid
410 1045 100 46 sit.
472 1045 87 46 Et,
522 1045 87 46 cum
571 1045 149 46 narrauit
683 1045 100 46 hoc,
746 1045 149 46 incoepit
858 1045 187 46 demonstrare
1007 1045 100 46 quid
1069 1045 87 46 est
1107 1045 87 46 cibus

204 1099 188 48 Videtur
341 1099 154 48 autem
443 1099 137 48 esse
529 1099 222 48 alimentum
700 1099 239 48 contrarium
888 1099 222 48 contrario
1059 1099 120 48 non
1110 1099 86 48 om-

154 1147 102 48 ne
205 1147 153 48 autem
307 1147 153 48 omni:
409 1147 119 48 sed
477 1147 238 48 quaecunque
664 1147 289 48 contrariorum,
903 1147 119 48 non
971 1147 153 48 solum
1056 1147 136 48 genera

155 1195 176 41 tionem
278 1195 176 41 habent
401 1195 105 41 ex
454 1195 211 41 inuicem,
612 1195 123 41 sed
682 1195 88 41 &
717 1195 246 41 augmentum.
910 1195 158 41 fiunt
1016 1195 140 41 enim
1086 1195 123 41 multa

151 1228 101 46 ex
202 1228 202 46 inuicem,
353 1228 118 46 sed
421 1228 118 46 non
488 1228 152 46 omnia
589 1228 219 46 augentur,
757 1228 101 46 vt
808 1228 152 46 sanum
909 1228 101 46 ex
959 1228 236 46 laborante.
1128 1228 84 46 Vi-

153 1270 171 45 dentur
273 1270 154 45 autem
375 1270 154 45 neque
478 1270 137 45 illa
563 1270 154 45 eodem
666 1270 137 45 modo
751 1270 103 45 ad
803 1270 188 45 inuicem
939 1270 137 45 esse
1008 1270 205 45 alimentum:

137 1312 115 47 sed
202 1312 132 47 aqua
285 1312 165 47 quidem
400 1312 132 47 igni
483 1312 214 47 alimentum
647 1312 132 47 est,
730 1312 148 47 ignis
829 1312 148 47 autem
927 1312 115 47 non
993 1312 132 47 alit
1059 1312 132 47 aquam.

155 1356 101 46 In
206 1356 252 46 simplicibus
407 1356 168 46 quidem
524 1356 168 46 igitur
642 1356 235 46 corporibus
826 1356 117 46 hoc
893 1356 134 46 esse
977 1356 185 46 videtur
1095 1356 117 46 maxi-

154 1397 118 46 me,
221 1397 151 46 aliud
322 1397 168 46 quidem
440 1397 236 46 alimentum,
625 1397 151 46 aliud
726 1397 135 46 uero
810 1397 135 46 quod
878 1397 151 46 alitur.

203 1452 173 39 Videtur
329 1452 157 39 igitur
439 1452 236 39 nutrimentum
628 1452 126 39 esse
707 1452 220 39 contrarium
880 1452 220 39 contrario:
1054 1452 110 39 non
1101 1452 110 39 tamen

162 1485 160 62 quoduis
279 1485 160 62 cuiuis:
395 1485 102 62 sed
453 1485 203 62 quaecunque
613 1485 232 62 contrariorum
801 1485 102 62 non
859 1485 131 62 solum
947 1485 87 62 ex
990 1485 87 62 se
1034 1485 131 62 mutuo
1121 1485 73 62 o
1135 1485 73 62 ene

155 1547 171 48 rantur,
280 1547 217 48 uerumetiam
450 1547 202 48 augentur:
605 1547 140 48 fiunt
698 1547 124 48 enim
776 1547 140 48 multa
869 1547 93 48 ex
915 1547 93 48 se
962 1547 155 48 mutuo,
1070 1547 109 48 sed
1132 1547 109 48 non

154 1595 127 40 dia?s
239 1595 169 40 auoentur
366 1595 85 40 ut
408 1595 127 40 sanum
493 1595 85 40 ex
535 1595 184 40 egrotate.
676 1595 155 40 quinimo
789 1595 85 40 ne
832 1595 113 40 illa
902 1595 141 40 quidem
1001 1595 127 40 eodem
1086 1595 113 40 modo
1157 1595 71 40 u

156 1640 150 56 dentur
261 1640 120 56 sibi
336 1640 135 56 mutus
426 1640 120 56 esse
501 1640 210 56 alimentum.
666 1640 105 56 sed
726 1640 120 56 aqua
801 1640 150 56 quidem
906 1640 135 56 ignis
996 1640 105 56 est
1041 1640 165 56 alimentu:

155 1683 148 59 rgnis
253 1683 148 59 autem
352 1683 115 59 non
418 1683 132 59 alit
500 1683 165 59 aquam.
615 1683 99 59 Ac
665 1683 99 59 in
714 1683 247 59 simplicibus
912 1683 165 59 quidem
1010 1683 198 59 corporibus

151 1730 125 49 haec
229 1730 125 49 esse
307 1730 187 49 uidentur
448 1730 171 49 maxime,
572 1730 125 49 unum
650 1730 218 49 alimentum,
822 1730 171 49 alterum
946 1730 125 49 quod
1009 1730 140 49 alitur.

181 1780 185 37 Dicamus
316 1780 168 37 igitur
433 1780 135 37 quod
518 1780 252 37 existimatur
719 1780 135 37 quod
803 1780 252 37 nutrimentum
1005 1780 118 37 est
1056 1780 151 37 contra-

151 1821 132 53 rium
234 1821 232 53 contrario:
416 1821 83 53 &
449 1821 116 53 non
515 1821 132 53 omne
598 1821 232 53 contrarium
780 1821 132 53 omni
863 1821 232 53 contrario,
1045 1821 116 53 sed
1094 1821 116 53 cmuni

152 1867 180 49 traria,
282 1867 131 49 quae
364 1867 114 49 non
429 1867 163 49 tantum
544 1867 147 49 fiunt
642 1867 229 49 abinuicem,
821 1867 114 49 sed
886 1867 147 49 etiam
984 1867 212 49 augentur.
1131 1867 82 49 plu
