1416 2066
208 188 129 53 omnia
294 188 114 53 enim
365 188 186 53 naturalia
508 188 114 53 sunt
580 188 215 53 instrumenta
752 188 157 53 animae,
866 188 100 53 &c.
923 188 86 53 i.
966 188 72 53 &
995 188 157 53 diximus
1109 188 114 53 quod
1167 188 114 53 animal

208 232 106 50 est
269 232 137 50 finis
360 232 152 50 omnium
466 232 228 50 naturalium,
648 232 121 50 quia
724 232 137 50 omnia
815 232 197 50 naturalia
967 232 182 50 videntur
1088 232 182 50 instrumen-

212 274 85 48 ta
254 274 113 48 esse
325 274 241 48 indifferenter
523 274 85 48 in
566 274 156 48 omnibus
679 274 184 48 animatis.
820 274 85 48 &,
863 274 127 48 sicut
948 274 156 48 videtur
1061 274 85 48 in
1089 274 184 48 animalibus,

223 314 91 49 ita
275 314 143 49 videtur
379 314 78 49 in
418 314 156 49 plantis.
535 314 104 49 D.d.
600 314 91 49 ita
652 314 104 49 quod
717 314 117 49 etiam
795 314 104 49 illa
860 314 91 49 est
912 314 117 49 causa
990 314 156 49 animati,
1107 314 78 49 &c
1146 314 78 49 i.
1185 314 65 49 &
1198 314 78 49 hoc,

218 353 113 47 quod
288 353 155 47 diximus
401 353 84 47 de
443 353 98 47 ea,
499 353 98 47 non
556 353 141 47 latet,
654 353 113 47 immo
724 353 98 47 est
781 353 197 47 manifestum
935 353 98 47 per
992 353 98 47 se:
1048 353 113 47 adeo
1118 353 113 47 quod
1175 353 98 47 appa-

220 393 92 42 ret
272 393 78 42 ex
311 393 92 42 hoc
364 393 105 42 quod
429 393 118 42 anima
508 393 118 42 etiam
586 393 92 42 est
638 393 118 42 causa
717 393 157 42 animati.
834 393 118 42 Illud
913 393 105 42 enim
978 393 131 42 perper
1070 393 105 42 quid
1122 393 144 42 inuenitur

216 432 176 44 aliquid,
349 432 162 44 dicitur
466 432 147 44 duobus
569 432 147 44 modis.
672 432 147 44 Quorum
775 432 118 44 vnus
848 432 103 44 est
907 432 147 44 illud,
1010 432 162 44 propter
1127 432 118 44 quod
1186 432 88 44 inue

213 468 124 41 nitur
296 468 165 41 aliquid:
419 468 69 41 &
447 468 110 41 ista
515 468 192 41 propositio
667 468 137 41 animae
763 468 82 41 ad
804 468 151 41 corpus.
914 468 82 41 Et
955 468 124 41 alius
1037 468 96 41 est
1092 468 137 41 illud,
1175 468 96 41 cuius

215 510 103 44 est
274 510 117 44 hoc,
347 510 161 44 propter
465 510 117 44 quod
538 510 191 44 inuenitur
685 510 176 44 aliquid:
817 510 73 44 &
846 510 117 44 ista
920 510 103 44 est
978 510 191 44 proportio
1125 510 147 44 animae
1213 510 59 44 ad

211 557 192 37 animatum.
359 557 162 37 dicimus
476 557 118 37 enim
550 557 118 37 quod
624 557 147 37 anima,
727 557 74 37 &
756 557 147 37 corpus
859 557 177 37 vtrumque
992 557 103 37 non
1051 557 118 37 sunt
1125 557 118 37 nisi
1184 557 88 37 pro-

222 586 104 52 pter
287 586 168 52 animatum.
416 586 91 52 Et,
468 586 91 52 cum
520 586 181 52 declarauit
662 586 91 52 eam
714 586 104 52 esse
778 586 129 52 causam
869 586 155 52 secundum
985 586 142 52 formam,
1089 586 65 52 &
1115 586 155 52 secundum
1218 586 52 52 fi

218 637 115 30 nem,
289 637 201 30 declarauit
447 637 129 30 etiam
534 637 101 30 eam
591 637 115 30 esse
663 637 144 30 causam
763 637 172 30 mouentem
893 637 172 30 secundum
1022 637 129 30 omnes
1108 637 129 30 modos
1194 637 101 30 mo¬

218 664 126 43 tuum,
302 664 197 43 existentes
457 664 84 43 in
499 664 169 43 animato,
626 664 112 43 siue
696 664 141 43 veros,
794 664 112 43 siue
864 664 211 43 existimatos
1033 664 112 43 esse
1103 664 141 43 motus,
1202 664 70 43 &
1216 664 56 43 d.

218 707 86 40 Et
261 707 129 40 anima
346 707 129 40 etiam
432 707 100 40 est
489 707 143 40 illud,
589 707 86 40 ex
632 707 100 40 quo
689 707 129 40 primo
775 707 100 40 fit
832 707 129 40 motus
918 707 86 40 in
961 707 129 40 loco.
1046 707 100 40 sed
1104 707 114 40 ista
1161 707 114 40 virtus

223 745 100 42 non
280 745 100 42 est
337 745 86 42 in
380 745 158 42 omnibus
495 745 143 42 viuis,
595 745 86 42 i.
638 745 86 42 in
681 745 158 42 omnibus
795 745 215 42 animalibus.
967 745 143 42 Dende,
1068 745 86 42 d.
1110 745 86 42 Et
1139 745 129 42 altera-

217 780 97 55 tio
273 780 139 55 etiam,
370 780 69 55 &
398 780 194 55 augmentum,
550 780 97 55 &c.
606 780 83 55 i.
647 780 69 55 &
675 780 180 55 alteratio
814 780 180 55 attributa
953 780 180 55 sensibus,
1092 780 125 55 sicut
1161 780 111 55 quidam

214 824 171 42 reputant,
345 824 79 42 si
385 824 224 42 concesserimus
569 824 92 42 eam
622 824 105 42 esse
687 824 132 42 motum,
779 824 105 42 erit
845 824 92 42 per
898 824 145 42 animam:
1003 824 66 42 &
1029 824 171 42 similiter
1148 824 118 42 augmen-

223 873 106 42 tum,
289 873 66 42 &
315 873 225 42 diminutionem.
500 873 119 42 nihil
580 873 106 42 enim
646 873 145 42 dicitur
752 873 132 42 habere
844 873 106 42 hunc
910 873 119 42 motum
989 873 159 42 scilicet
1108 873 145 42 sensum,
1201 873 66 42 ni-

220 901 87 46 si
263 901 145 46 habeat
364 901 159 46 animam.
480 901 116 46 D.d.
553 901 87 46 Et
596 901 188 46 similiter
741 901 101 46 est
799 901 87 46 de
842 901 174 46 augento,
973 901 72 46 &
1002 901 232 46 diminutione,
1176 901 101 46 idest

217 942 215 40 quemadmodum
388 942 157 40 apparet
503 942 114 40 quod
574 942 100 40 non
631 942 143 40 sentit
732 942 114 40 nisi
803 942 143 40 habens
903 942 157 40 animam,
1018 942 100 40 sic
1075 942 157 40 apparet
1189 942 114 40 quod

218 988 95 38 non
273 988 217 38 augmentatur,
449 988 122 38 neque
530 988 190 38 diminuitur
680 988 109 38 nisi
748 988 136 38 illud,
842 988 109 38 quod
910 988 122 38 habet
992 988 258 38 communicationem
1195 988 68 38 cum

208 1021 205 46 animalibus
369 1021 88 46 in
413 1021 146 46 aliqua
516 1021 132 46 parte
604 1021 161 46 animae.
721 1021 132 46 Nihil
809 1021 117 46 enim
882 1021 205 46 diminuitur
1043 1021 220 46 naturaliter
1204 1021 73 46 aut

229 1066 217 41 augmentatur
402 1066 232 41 naturaliter,
591 1066 116 41 nisi
663 1066 145 41 habeat
765 1066 174 41 virtutem
895 1066 203 41 nutriendi.
1055 1066 72 41 &
1084 1066 130 41 nihil
1156 1066 116 41 nutri-

227 1100 118 47 tur,
301 1100 118 47 nisi
375 1100 148 47 habeat
479 1100 281 47 communicationem
716 1100 89 47 in
760 1100 118 47 vita
834 1100 193 47 attributa
983 1100 222 47 animalibus.
1160 1100 74 47 &
1175 1100 89 47 ideo

226 1140 110 46 hoc
289 1140 142 46 nomen
384 1140 174 46 mortuum
510 1140 110 46 non
573 1140 174 46 dicitur
700 1140 95 46 de
747 1140 189 46 animali,
889 1140 126 46 nisi
968 1140 110 46 cum
1031 1140 189 46 caruerit
1158 1140 110 46 commu

225 1180 208 47 nicatione,
389 1180 119 47 quam
463 1180 134 47 habet
552 1180 104 47 cum
596 1180 149 47 plantis.

263 1236 248 44 Empedocles
458 1236 159 44 autem
564 1236 124 44 non
635 1236 142 44 bene
723 1236 159 44 dixit
830 1236 142 44 hoc,
918 1236 177 44 addens
1042 1236 230 44 augmentum
1201 1236 71 44 ac

224 1284 167 47 cidere
341 1284 200 47 plantis,
491 1284 183 47 deorium
625 1284 167 47 quidem
741 1284 183 47 radicem
875 1284 267 47 mittentibus,
1092 1284 183 47 propter
1208 1284 67 47 id

232 1320 122 59 quod
308 1320 138 59 terra
400 1320 107 59 sic
461 1320 153 59 fertur
568 1320 184 59 secundum
706 1320 184 59 naturam:
844 1320 153 59 sursum
951 1320 138 59 autem
1043 1320 168 59 propter
1150 1320 122 59 ignem,

219 1368 238 43 similiter.
406 1368 153 43 Neque
508 1368 136 43 enim
593 1368 170 43 sursum
712 1368 85 43 &
746 1368 187 43 deorsum
881 1368 136 43 bene
966 1368 204 43 accipit.
1119 1368 119 43 non
1170 1368 102 43 enim

224 1408 140 43 idem
311 1408 192 43 omnibus
451 1408 175 43 sursum
573 1408 87 43 &
608 1408 192 43 deorsum
748 1408 87 43 &
783 1408 157 43 omni.
888 1408 122 43 sed
957 1408 157 43 sicut
1062 1408 157 43 caput
1150 1408 122 43 anima

218 1451 147 39 lium,
315 1451 114 39 sic
381 1451 179 39 radices
511 1451 212 39 plantarum
674 1451 147 39 sunt:
772 1451 98 39 si
821 1451 196 39 congruit
967 1451 244 39 instrumenta
1147 1451 130 39 dicere

216 1491 168 49 altera
334 1491 84 49 &
368 1491 168 49 eadem,
469 1491 185 49 operibus.

275 1546 219 50 Empedocles
447 1546 141 50 autem
541 1546 109 50 non
604 1546 141 50 recte
698 1546 141 50 dixit
791 1546 109 50 hoc
854 1546 156 50 addens
963 1546 203 50 auctionem
1120 1546 141 50 fieri
1213 1546 94 50 in

224 1580 176 63 plantis,
357 1580 162 63 deorsum
474 1580 147 63 quidem
577 1580 162 63 radices
695 1580 206 63 agentibus,
856 1580 191 63 propterea
1003 1580 118 63 quod
1077 1580 132 63 terra
1165 1580 103 63 sic
1209 1580 59 63 fe

223 1628 132 63 ratur
311 1628 161 63 natura,
428 1628 146 63 sursum
531 1628 102 63 que
589 1628 146 63 itidem
692 1628 161 63 propter
809 1628 146 63 ignem:
911 1628 146 63 neque,
1014 1628 117 63 enim
1087 1628 102 63 has
1131 1628 146 63 differem

221 1675 121 56 tias
296 1675 196 56 uidelicet
447 1675 151 56 sursum
553 1675 75 56 &
583 1675 181 56 deorsum,
718 1675 136 56 recte
809 1675 181 56 usurpat:
944 1675 106 56 non
1005 1675 121 56 enim
1080 1675 121 56 idem
1155 1675 106 56 est
1201 1675 75 56 sur

217 1723 106 63 sum
277 1723 76 63 &
308 1723 166 63 deorsum
429 1723 181 63 omnibus,
565 1723 151 63 atque,
670 1723 136 63 rerum
761 1723 257 63 uniuersitati:
973 1723 106 63 sed
1033 1723 121 63 quam
1109 1723 136 63 caput
1184 1723 91 63 ani-

223 1769 159 58 malium
335 1769 96 58 ea
382 1769 191 58 obtinent
526 1769 191 58 rationem
669 1769 175 58 radices
797 1769 223 58 plantarum:
972 1769 191 58 siquidem
1100 1769 175 58 instrumon

223 1827 91 47 ta
268 1827 167 47 diuersa
390 1827 76 47 &
420 1827 137 47 eadem
511 1827 91 47 ex
557 1827 137 47 eorum
648 1827 167 47 officis
770 1827 152 47 dicere
861 1827 167 47 conuenit.

262 1883 218 53 Empedocles
434 1883 140 53 autem
527 1883 109 53 non
589 1883 140 53 recte
683 1883 140 53 dixit
776 1883 93 53 in
823 1883 125 53 hoc,
901 1883 78 53 &
932 1883 140 53 vere,
1025 1883 109 53 cum
1087 1883 140 53 dixit
1181 1883 125 53 quod
