1416 2066
689 196 88 60 de
733 196 117 60 nouo
807 196 161 60 factam,
924 196 117 60 quae
997 196 132 60 antea
1085 196 103 60 non
1129 196 88 60 fue-

697 244 115 53 rat.
769 244 86 53 Si
812 244 202 53 concedamus
970 244 115 53 ergo
1042 244 115 53 dari
1100 244 115 53 recep-

694 289 126 50 tionem
782 289 75 50 de
820 289 100 50 nouo
883 289 138 50 factam,
983 289 100 50 tunc
1046 289 151 50 sequetur
1146 289 63 50 il-

692 325 102 54 lud
751 325 146 54 dubium
853 325 175 54 superius
984 325 175 54 positum.
1115 325 102 54 Et,
1159 325 58 54 si

692 366 101 52 non
749 366 202 52 concedamus
908 366 216 52 receptionem
1067 366 144 52 propriam

695 405 78 38 in
734 405 129 38 nobis,
824 405 103 38 tunc
889 405 116 38 nihil
966 405 168 38 differet,
1096 405 103 38 siue
1147 405 65 38 con

693 444 156 52 iungatur
810 444 130 52 nobis,
901 444 104 52 siue
967 444 234 52 communiungatur
1149 444 65 52 cum

695 485 159 46 reliquis
814 485 146 46 omnibus
921 485 159 46 entibus,
1040 485 66 46 &
1067 485 106 46 siue
1120 485 93 46 copu-

694 522 105 48 letur
764 522 105 48 nobis
835 522 70 48 in
870 522 82 48 vno
917 522 117 48 tpere,
998 522 94 48 siue
1057 522 70 48 in
1092 522 94 48 alio
1139 522 70 48 tper

690 558 114 44 nisi
761 558 185 44 dixerimus
903 558 128 44 alium
988 558 114 44 esse
1059 558 128 44 modum
1130 558 85 44 copu

692 601 189 51 lationis,
838 601 102 51 quo
896 601 189 51 copulatur
1041 601 145 51 nobis,
1143 601 73 51 &
1158 601 58 51 mo

688 638 101 44 dum
745 638 232 44 receptionis.
934 638 116 44 quis
1006 638 116 44 ergo
1079 638 116 44 erit
1137 638 72 44 hu-

690 679 177 43 scemodi
818 679 161 43 modus:

738 717 89 45 Et,
789 717 140 45 quoniam
891 717 89 45 hic
942 717 115 45 modus
1018 717 115 45 inter
1095 717 115 45 alios
1158 717 51 45 mo

698 756 94 51 dos
751 756 202 51 receptionis
913 756 135 51 latuit
1007 756 121 51 Alex.
1088 756 108 51 ideo
1142 756 67 51 vi-

694 796 137 53 demus
785 796 106 53 eum
846 796 137 53 circa
937 796 106 53 hoc
998 796 198 53 ambigere:
1135 796 76 53 ita

700 836 72 52 vt
736 836 156 52 quandoque
856 836 168 52 inueniamus
988 836 84 52 eum
1036 836 144 52 dicentem
1132 836 72 52 quod

699 876 79 53 d,
738 876 106 53 quod
805 876 185 53 intelligit
950 876 106 53 ipse
1016 876 199 53 intellectus
1162 876 53 53 ab

698 915 170 53 stractus,
829 915 92 53 non
881 915 92 53 est
934 915 105 53 ipse
999 915 197 53 intellectus
1143 915 66 53 ma-

694 956 157 52 terialis,
815 956 109 52 neque
887 956 97 52 ipse
948 956 181 52 intellectus
1081 956 121 52 adeptus,

713 991 122 51 Inquit
798 991 97 51 enim
859 991 97 51 ipse
919 991 73 51 in
956 991 97 51 lib.
1017 991 73 51 de
1053 991 85 51 Aia
1102 991 97 51 sic.
1150 991 61 51 In-

695 1031 152 43 tellectus
812 1031 117 43 autem,
894 1031 82 43 qui
941 1031 82 43 hoc
987 1031 175 43 intelligit,
1128 1031 82 43 est
1174 1031 70 43 in

691 1070 150 53 tellectus
807 1070 230 53 incorruptibilis,
1002 1070 104 53 neque
1071 1070 138 53 estetiam
1175 1070 69 53 in

697 1110 162 52 tellectus
821 1110 187 52 materialis,
971 1110 100 52 quia
1034 1110 187 52 intellectus
1171 1110 50 52 ma

694 1151 164 44 terialis
818 1151 206 44 corrumpitur
982 1151 82 44 ad
1009 1151 206 44 corruptionem,

700 1194 140 48 animae,
802 1194 102 48 quia
865 1194 102 48 ipse
929 1194 89 48 est
980 1194 89 48 vna
1031 1194 76 48 ex
1069 1194 102 48 eius
1119 1194 102 48 poren-

700 1229 102 53 tiis,
768 1229 79 53 seu
813 1229 170 53 virtutibus.
949 1229 79 53 cum
994 1229 113 53 igitur
1074 1229 68 53 is
1096 1229 125 53 intellus,

693 1268 132 51 fuerit
785 1268 238 51 corruptibilis,
983 1268 198 51 corrumpetur
1129 1268 92 51 etiam

691 1307 107 39 eius
758 1307 121 39 actus
838 1307 67 39 &
865 1307 188 39 perfectio,
1012 1307 147 39 eiusque
1106 1307 107 39 virtus

695 1349 72 38 &
723 1349 188 38 potentia.
868 1349 101 38 Et,
926 1349 173 38 postquam
1042 1349 173 38 declarauit

701 1384 87 50 quod
755 1384 119 50 necesse
842 1384 76 50 est
885 1384 65 50 vt
918 1384 87 50 ille
972 1384 162 50 intellectus
1102 1384 76 50 qui
1134 1384 76 50 inest

692 1426 143 52 nobis,
792 1426 100 52 qui
849 1426 143 52 quidem
950 1426 201 52 intelligit
1093 1426 115 52 formas

695 1463 199 53 abstractas,
854 1463 93 53 sit
907 1463 173 53 ingenitus
1040 1463 66 53 &
1054 1463 159 53 incorrupti

693 1500 106 47 bilis,
768 1500 159 47 notificauit
895 1500 85 47 quod
948 1500 138 47 huiusmodi
1054 1500 159 47 intellectus
1171 1500 42 47 ux

696 1541 78 40 ta
735 1541 117 40 sniam
813 1541 129 40 Arist.
903 1541 91 40 est
955 1541 104 40 ipse
1020 1541 194 40 intellectus
1162 1541 52 40 a-

697 1581 130 50 deptus,
792 1581 59 50 &
816 1581 130 50 inquit.
911 1581 95 50 Ergo
970 1581 178 50 intellectus
1112 1581 71 50 in
1136 1581 71 50 cor-

696 1621 173 51 ruptibilis
832 1621 87 51 est
881 1621 74 51 is
918 1621 198 51 intellectus,
1079 1621 87 51 qui
1128 1621 74 51 in
1153 1621 62 51 no-

699 1660 83 46 bis
747 1660 131 46 existit
842 1660 179 46 abstractus,
985 1660 71 46 ac
1021 1660 167 46 separatus,
1140 1660 71 46 quem

698 1700 121 52 vocat
778 1700 134 52 Arist.
872 1700 161 52 adeptum,
993 1700 94 52 qui
1047 1700 148 52 deforis
1141 1700 67 52 ve-

694 1744 98 34 nit,
755 1744 61 34 &
780 1744 86 34 non
829 1744 86 34 est
878 1744 160 34 potentia,
1001 1744 86 34 seu
1050 1744 86 34 vis
1099 1744 74 34 in
1124 1744 86 34 anima

699 1774 150 44 existens.
815 1774 104 44 neque
884 1774 81 44 est
930 1774 104 44 etiam
999 1774 138 44 habitus,
1103 1774 81 44 quo
1149 1774 81 44 in

689 1813 191 54 telligimus
839 1813 163 54 reliquas
962 1813 109 54 res,
1030 1813 68 54 &
1044 1813 163 54 intelligi-

691 1853 108 45 mus
752 1853 155 45 quoque
861 1853 124 45 hunc
923 1853 217 45 intellectum.

168 206 106 52 ctam
234 206 79 52 de
274 206 119 52 nouo,
353 206 172 52 continget
485 206 172 52 praedicta
604 206 66 52 qua

158 244 123 53 stio.
240 244 96 53 Et,
295 244 82 53 si
336 244 96 53 non
391 244 191 53 posuerimus
527 244 137 53 receptio

157 285 101 45 nem
214 285 173 45 propriam
344 285 145 45 nobis,
446 285 101 45 non
504 285 116 45 erit
561 285 116 45 diffe-

152 324 158 39 rentia
263 324 143 39 inter
358 324 285 39 continuationem
580 324 95 39 eius

151 361 215 49 nobiscum,
317 361 83 49 &
350 361 297 49 continuationem
581 361 99 49 eius

158 405 107 37 cum
219 405 168 37 omnibus
341 405 183 37 entibus,
478 405 76 37 &
509 405 137 37 inter
585 405 92 37 con-

152 445 240 37 tinuationem
344 445 128 37 eius
424 445 192 37 nobiscum
567 445 96 37 in
599 445 80 37 hac

151 479 135 42 hora,
241 479 75 42 &
271 479 90 42 in
316 479 120 42 alia
391 479 135 42 hora:
480 479 120 42 nisi
540 479 135 42 ponamus

155 516 287 46 continuationem
394 516 128 46 eius
474 516 191 46 nobiscum
601 516 80 46 es.

144 556 106 39 se
197 556 212 39 secundum
357 556 159 39 modum
463 556 159 39 alium
569 556 88 39 a
587 556 88 39 mo-

159 597 84 45 do
201 597 223 45 receptionis.
382 597 111 45 quis
451 597 139 45 igitur
549 597 97 45 est
591 597 84 45 iste

133 636 152 47 modus,

198 716 72 55 Et
234 716 107 55 prper
305 716 155 55 latentiam
425 716 119 55 istius
508 716 95 55 modi
556 716 119 55 secundum

161 757 146 54 Alex.
258 757 178 54 videmus
388 757 146 54 ipsum
485 757 194 54 ambigere
614 757 65 54 in

159 797 91 52 hoc,
216 797 148 52 quandoque
330 797 114 52 igitur
410 797 103 52 dicit
478 797 91 52 quod
535 797 114 52 illud,
604 797 68 52 quod

159 836 185 51 intelligit
304 836 198 51 intellectum
462 836 198 51 abstractum,
607 836 66 51 non

158 875 89 47 est
209 875 190 47 intellectus
361 875 190 47 materialis,
514 875 114 47 neque
577 875 89 47 intel

158 913 141 53 lectus,
261 913 90 53 qui
312 913 90 53 est
364 913 77 53 in
402 913 141 53 habitu.
505 913 77 53 Et
544 913 103 53 haec
595 913 77 53 sunt

162 956 123 38 verba
244 956 109 38 eius
313 956 82 38 in
354 956 123 38 libro
436 956 82 38 de
477 956 109 38 Aia.
531 956 137 38 Intelle-

166 991 98 44 ctus
227 991 135 44 igitur,
325 991 86 44 qui
374 991 172 44 intelligit
509 991 98 44 hoc,
571 991 86 44 est
608 991 61 44 il-

153 1029 96 45 le,
208 1029 96 45 qui
263 1029 96 45 non
318 1029 219 45 corrumpitur:
496 1029 96 45 non
537 1029 123 45 intelle

148 1070 109 44 ctus
217 1070 191 44 subiectus,
366 1070 68 44 &
394 1070 204 44 materialis.
544 1070 136 44 intellus

148 1109 112 53 enim
218 1109 197 53 materialis
373 1109 211 53 corrumpitur
542 1109 98 53 per
584 1109 84 53 cor-

149 1148 170 53 ruptionem
280 1148 144 53 animae,
385 1148 92 53 qui
437 1148 92 53 est
490 1148 92 53 vna
542 1148 131 53 virtus
621 1148 52 53 il

150 1189 112 45 lius.
224 1189 75 45 &,
262 1189 87 45 cum
312 1189 100 45 iste
374 1189 187 45 intellectus
524 1189 125 45 fuerit
599 1189 75 45 cor-

147 1229 168 46 ruptus,
269 1229 229 46 corrumpetur
452 1229 107 46 sua
513 1229 168 46 virtus,
635 1229 76 46 &

163 1268 95 53 sua
218 1268 190 53 perfectio.
367 1268 136 53 DeIde,
462 1268 163 53 postquam
570 1268 109 53 decla-

165 1304 106 50 rauit
236 1304 94 50 quod
295 1304 130 50 necesse
389 1304 83 50 est
436 1304 71 50 vt
472 1304 189 50 intellectus,
613 1304 59 50 qui

162 1354 94 44 est
215 1354 80 44 in
255 1354 134 44 nobis,
349 1354 94 44 qui
402 1354 187 44 intelligit
549 1354 134 44 formas
630 1354 53 44 ab

167 1386 161 49 stractas,
291 1386 87 49 sit
340 1386 87 49 non
390 1386 186 49 generabilis
539 1386 112 49 neque
601 1386 74 49 cor-

161 1420 179 46 ruptibilis,
304 1420 143 46 narrauit
411 1420 95 46 quod
471 1420 95 46 iste
518 1420 155 46 intellectus

162 1461 82 51 est
209 1461 176 51 intellectus
350 1461 129 51 adeptus
444 1461 141 51 secundum
537 1461 141 51 opinionem,

166 1497 130 52 Arist.
257 1497 65 52 &
283 1497 117 52 dixit
361 1497 195 52 Intellectus
518 1497 143 52 igitur,
609 1497 65 52 qui

161 1541 93 45 non
214 1541 214 45 corrumpitur,
388 1541 93 45 est
441 1541 107 45 iste
494 1541 174 45 intellectus

170 1588 93 41 qui
223 1588 93 41 est
276 1588 80 41 in
317 1588 120 41 nobis
397 1588 200 41 abstractus,
557 1588 107 41 quem
610 1588 67 41 vo-

168 1620 91 47 cat
220 1620 143 47 Aristo.
324 1620 169 47 Tdeforis,
454 1620 91 47 qui
506 1620 91 47 est
558 1620 78 47 in
584 1620 91 47 nobis

168 1660 76 38 ab
206 1660 191 38 extrinseco:
359 1660 89 38 non
410 1660 140 38 virtus,
512 1660 102 38 quae
575 1660 89 38 est
626 1660 76 38 in

157 1709 145 42 anima,
258 1709 130 42 naque
344 1709 173 42 habitus,
475 1709 101 42 per
532 1709 130 42 quem,
605 1709 72 42 aut

155 1739 102 47 per
214 1739 116 47 quam
286 1739 232 47 intelligimus
475 1739 131 47 alias
562 1739 116 47 res,
634 1739 73 47 &

157 1774 205 45 intelligimus
324 1774 115 45 etiam
401 1774 115 45 istum
465 1774 192 45 intellecundu.
