1416 2066
182 213 106 45 test
248 213 119 45 fieri
328 213 133 45 virtus
420 213 212 45 distinguens,
593 213 93 45 aut
633 213 66 45 com

180 247 199 51 prehensiua.
339 247 159 51 quoniam,
458 247 79 51 si
497 247 119 51 esset
564 247 132 51 possibi-

187 291 79 47 le
226 291 79 47 vt
266 291 66 47 a
292 291 131 47 natura
384 291 131 47 eorum,
476 291 66 47 &
502 291 105 47 sine
555 291 144 47 extrinse-

181 326 92 44 tco
233 326 131 44 motore
325 326 144 44 fierent
429 326 118 44 tales
508 326 170 44 virtutes,
626 326 78 44 tunc

182 365 122 49 esset
264 365 177 49 possibile
400 365 82 49 vt
441 365 163 49 postrema
549 365 150 49 perfectio

185 405 106 45 quae
251 405 93 45 est
304 405 199 45 intellecta,
463 405 119 45 esset
543 405 146 45 aliquod
636 405 66 45 fa-

189 445 112 46 ctum
259 445 70 46 a
287 445 195 46 substantia
440 445 126 46 eorum
510 445 195 46 elementorum,

196 491 80 44 vt
236 491 134 44 color,
329 491 67 44 &
356 491 120 44 sapor
436 491 134 44 fiunt.
530 491 80 44 Et
570 491 107 44 ista
624 491 80 44 opi-

194 522 100 53 nio
251 522 100 53 est
308 522 157 53 similis
422 522 185 53 Topinioni
550 522 157 53 negantium

190 564 147 54 causas
293 564 176 54 agentos,
425 564 73 54 &
455 564 103 54 non
499 564 205 54 concedentium

189 605 109 37 nisi
257 605 136 37 causas
353 605 191 37 materiales
503 605 150 37 tantum:
612 605 68 37 &
625 605 82 37 Sunt

188 642 128 41 illi,
273 642 100 41 qui
330 642 143 41 dicunt
430 642 143 41 casum.
530 642 100 41 Sed
573 642 128 41 Alexant

194 685 95 47 est
249 685 149 47 maioris
357 685 216 47 nobilitatis,
533 685 108 47 quam
600 685 81 47 vt
627 685 68 47 ere

188 725 96 47 dat
243 725 110 47 hoc.
312 725 96 47 sed
367 725 220 47 quaestiones,
546 725 110 47 quae
602 725 96 47 oppo-

188 759 167 43 nebantur
313 759 84 43 ei
355 759 84 43 de
397 759 195 43 intellectu
536 759 167 43 materiali,

189 796 196 54 coecerunt
339 796 135 54 ipsum
430 796 90 54 ad
460 796 90 54 hoc,

222 837 211 52 Reuertamur
388 837 151 52 igitur
494 837 91 52 ad
539 837 151 52 dictum
630 837 75 52 no-

187 874 127 55 strum,
276 874 63 55 &
302 874 140 55 dicamus
403 874 102 55 quod
467 874 114 55 forte
543 874 114 55 istae
619 874 102 55 quae

185 917 161 45 stiones
302 917 132 45 sunt,
390 917 117 45 quae
463 917 205 45 induxerunt
609 917 88 45 Auem

188 964 117 41 pace
262 964 88 41 ad
306 964 103 41 hoc
364 964 176 41 dicendum
497 964 88 41 in
526 964 176 41 intellectu

182 992 180 53 materiali.
324 992 90 53 Sed
375 992 103 53 quod
440 992 142 53 accidit
543 992 77 53 ei
568 992 129 53 impossi-

186 1030 115 44 bile,
263 1030 179 44 manifestum
404 1030 103 44 est.
468 1030 205 44 Intentiones.
622 1030 77 44 inim

183 1069 208 57 imaginatae
347 1069 119 57 sunt
421 1069 178 57 mouentes
540 1069 163 57 intellum,

186 1109 85 42 non
234 1109 121 42 motae.
319 1109 182 42 Declaratur.
465 1109 97 42 enim
525 1109 97 42 quod
586 1109 97 42 sunt
634 1109 61 42 il-

187 1148 112 46 lud,
257 1148 127 46 cuius
342 1148 183 46 proportio
482 1148 84 46 ad
524 1148 169 46 virtutem
637 1148 70 46 di-

183 1188 210 46 stinctiuam
348 1188 256 46 rationabilem,
559 1188 105 46 est
604 1188 105 46 sicut

183 1227 173 51 proportio
316 1227 147 51 sensati
423 1227 80 51 ad
463 1227 173 51 sentiens,
596 1227 93 51 non
636 1227 67 51 si-

190 1275 93 39 cut
243 1275 186 39 sentientis
389 1275 80 39 ad
428 1275 159 39 habitum,
548 1275 93 39 qui
601 1275 93 39 est
641 1275 66 39 sen

185 1304 104 50 sus.
250 1304 91 50 Et,
302 1304 78 50 si
341 1304 117 50 esset
419 1304 169 50 recipiens
537 1304 169 50 intellecta,

185 1344 110 42 tunc
254 1344 96 42 res
309 1344 178 42 reciperet
446 1344 96 42 se,
500 1344 69 42 &
528 1344 137 42 mouens
610 1344 96 42 esset

183 1385 150 36 motum.
288 1385 90 36 Et
333 1385 105 36 iam
393 1385 210 36 declaratum
559 1385 105 36 est
619 1385 120 36 quod

189 1420 199 46 intellectus
348 1420 186 46 materialis
494 1420 199 46 impossibile
641 1420 66 46 est

185 1459 91 48 vt
230 1459 152 48 habeat
337 1459 152 48 formam
443 1459 91 48 in
489 1459 137 48 actu:
580 1459 106 48 cum
626 1459 76 48 sub

188 1501 157 45 stantia,
306 1501 66 45 &
332 1501 131 45 natura
424 1501 105 45 eius
489 1501 92 45 est
542 1501 79 45 vt
568 1501 131 45 recipiat

184 1540 123 54 formas:
273 1540 134 54 secundum
374 1540 90 54 quod
430 1540 90 54 sunt
475 1540 101 54 formae,

218 1613 102 56 Et,
277 1613 102 56 cum
335 1613 117 56 haec
409 1613 146 56 omnia,
511 1613 117 56 quae
569 1613 132 56 possunt

194 1657 105 41 lici
260 1657 79 41 in
299 1657 132 41 natura
391 1657 197 41 intellectus
536 1657 171 41 materialis,

187 1695 176 54 videntur
319 1695 249 54 impossibilia,
524 1695 161 54 praeter
627 1695 73 54 hoc

184 1736 114 42 quod
255 1736 128 42 dicit
340 1736 142 42 Arist.
440 1736 100 42 cui
497 1736 128 42 etiam
568 1736 128 42 contin-

183 1775 124 51 gunt
260 1775 232 51 quaestiones
445 1775 108 51 non
507 1775 170 51 paucae.
615 1775 77 51 Qua

185 1814 91 52 rum
237 1814 91 52 vna
289 1814 104 52 est,
354 1814 104 52 quod
419 1814 182 52 intellecta
550 1814 156 52 speculati

724 212 230 42 elementorum,
911 212 72 42 &
940 212 144 42 absque
1040 212 144 42 motore
1127 212 115 42 extrin

717 253 109 51 seco
786 253 150 51 possent
895 253 123 51 fieri
977 253 205 51 huiuscemodi
1127 253 109 51 virtu-

720 292 106 51 tes,
786 292 145 51 posset,
892 292 132 51 quoque
984 292 145 51 vltimus
1090 292 132 51 actus,
1169 292 66 51 qui

720 327 104 53 est
780 327 119 53 ipsa
854 327 223 53 intellectio
1033 327 119 53 esse
1107 327 119 53 quid
1167 327 74 53 or-

720 368 97 45 tum
776 368 84 45 ex
818 368 195 45 substantia
971 368 125 45 illog
1040 368 195 45 elementorum,

721 406 235 52 quemadmodum
910 406 141 52 color
1004 406 78 52 &
1035 406 141 52 sapor
1114 406 126 52 oriun-

724 445 85 55 tur
772 445 72 55 ex
808 445 121 55 ipsis.
893 445 97 55 Haec
953 445 109 55 autem
1026 445 121 55 opinio
1110 445 85 55 est
1146 445 97 55 vtique

723 485 146 42 similis
829 485 146 42 illorum
935 485 173 42 opinioni,
1068 485 93 42 qui
1108 485 133 42 negabant

728 532 105 44 causas
802 532 126 44 agentes,
897 532 53 44 &
918 532 105 44 tantun
991 532 105 44 causas
1065 532 147 44 materiales
1170 532 63 44 com-

721 564 171 49 cedebant:
852 564 66 49 &
878 564 105 49 sunt
944 564 118 49 illi,
1023 564 92 49 qui
1075 564 131 49 casum,
1167 564 66 49 &
1180 564 66 49 for

724 605 122 37 tunam
806 605 217 37 concedebant,
982 605 108 37 Sed,
1049 605 95 37 cum
1090 605 149 37 Alexander

725 644 92 51 sit
778 644 119 51 longe
857 644 237 51 praestantioris
1054 644 185 51 dignitatis
1186 644 53 51 ac

719 678 206 44 nobilitatis,
886 678 90 44 non
938 678 90 44 est
989 678 90 44 is,
1040 678 90 44 qui
1079 678 154 44 huiuscemo-

720 724 83 38 di
762 724 179 38 opiniones
899 724 151 38 credat.
1009 724 96 38 sed
1064 724 110 38 fuit
1119 724 124 38 coactus

721 759 61 48 id
751 759 101 48 dicere
822 759 101 48 perper
893 759 91 48 illas
954 759 132 48 rationes,
1055 759 91 48 atque
1116 759 101 48 dubia,
1176 759 61 48 quae

723 797 138 46 contra
820 797 124 46 ipsum
903 797 207 46 insurgebant
1068 797 124 46 eirca
1137 797 97 46 ipsum

717 837 235 40 intellectum
905 837 235 40 materialem.
1077 837 157 40 Reuorta-

718 883 95 39 mur
773 883 123 39 autem
855 883 109 39 nunc
923 883 95 39 vnd
977 883 163 39 digressi
1100 883 136 39 sumus,
1195 883 68 39 &

713 921 156 47 dicamus
826 921 113 47 quod
897 921 170 47 fortasse
1025 921 113 47 haec
1081 921 156 47 argumenta

711 956 210 51 induxerunt
876 956 135 51 ipsum
966 956 195 51 Auempace,
1115 956 90 51 vt
1145 956 90 51 dice

718 993 83 42 ret
766 993 95 42 illa
825 993 71 42 de
860 993 95 42 ipso
919 993 166 42 intellectu
1050 993 166 42 materiali.
1180 993 83 42 Sed

715 1030 205 45 manifestum
876 1030 102 45 est
935 1030 132 45 illud
1008 1030 219 45 inconueniens,

725 1069 94 50 uid
778 1069 134 50 contra
872 1069 121 50 ipcum
953 1069 175 50 insurgit.
1087 1069 121 50 Nempe
1154 1069 81 50 quia

719 1115 204 47 conceptus
876 1115 126 47 ipsi
955 1115 220 47 imaginarij
1112 1115 126 47 mouent

720 1156 143 39 vtique
820 1156 228 39 intellectum,
1005 1156 71 39 &
1033 1156 100 39 non
1076 1156 157 39 mouentur,

724 1188 211 52 Declaratumque
898 1188 87 52 iam
947 1188 87 52 est
997 1188 99 52 quod
1059 1188 87 52 ita
1109 1188 75 52 se
1134 1188 99 52 habent

722 1227 94 43 ipsi
781 1227 70 43 ad
816 1227 141 43 virtutem
922 1227 176 43 discretiuam
1062 1227 176 43 rationalem,
1191 1227 47 43 si

721 1276 85 35 cut
769 1276 73 35 se
806 1276 109 35 habet
879 1276 85 35 res
927 1276 170 35 sensibilis
1061 1276 73 35 ad
1097 1276 109 35 ipsum
1158 1276 73 35 sen-

723 1309 128 39 tiens,
813 1309 90 39 non
864 1309 115 39 sicut
941 1309 154 39 sentiens
1057 1309 77 39 ad
1095 1309 115 39 ipsum
1159 1309 77 39 habi

720 1347 93 47 tum,
779 1347 82 47 qui
825 1347 82 47 est
872 1347 117 47 sensus
953 1347 105 47 ipse.
1023 1347 70 47 Si
1058 1347 93 47 enim
1116 1347 93 47 ipse
1163 1347 70 47 reci

722 1384 113 50 peret
797 1384 238 50 intelligibilia,
997 1384 100 50 tunc
1059 1384 88 50 res
1097 1384 138 50 reciperet

718 1422 86 44 se
761 1422 144 44 ipsam,
861 1422 72 44 &
890 1422 101 44 ipm
948 1422 144 44 mouens
1048 1422 129 44 esset
1120 1422 115 44 mobile

720 1461 135 45 ipsum.
814 1461 94 45 Sed
868 1461 94 45 iam
922 1461 162 45 probatum
1043 1461 108 45 fuit
1097 1461 135 45 intellum

718 1501 208 42 materialem
882 1501 104 42 non
941 1501 134 42 posse
1031 1501 149 42 habere
1120 1501 119 42 formam

722 1542 71 44 in
758 1542 106 44 actu,
828 1542 83 44 cum
875 1542 94 44 eius
934 1542 189 44 substantiae,
1088 1542 71 44 ac
1123 1542 71 44 na
1147 1542 83 44 turae

724 1580 102 54 sit
783 1580 175 54 recipere
914 1580 160 54 formas,
1030 1580 175 54 quatenus
1147 1580 87 54 sunt

720 1620 165 47 formae.
840 1620 105 47 Et,
900 1620 105 47 cum
960 1620 135 47 omnia
1051 1620 120 47 quae
1126 1620 90 47 de
1156 1620 75 47 na-

717 1658 108 48 tura
785 1658 203 48 intellectus
947 1658 189 48 materialis
1096 1658 108 48 dici
1150 1658 81 48 pos-

716 1698 120 40 sunt,
796 1698 173 40 videantur
929 1698 107 40 esse
995 1698 213 40 impossibilia
1155 1698 80 40 prae

717 1733 107 46 ter
778 1733 107 46 id,
839 1733 122 46 quod
915 1733 91 46 ab
961 1733 213 46 Aristotele
1113 1733 122 46 dictum

720 1772 119 53 fuit:
799 1772 133 53 contra
892 1772 106 53 quod
958 1772 93 53 non
1012 1772 119 53 pauca
1091 1772 119 53 etiam
1171 1772 93 53 in

720 1813 159 46 surgunt
835 1813 202 46 argumenta,
994 1813 101 46 seu
1051 1813 144 46 dubia.
1138 1813 101 46 Quoae

727 1853 121 49 primum
812 1853 97 49 est,
873 1853 97 49 quia
933 1853 170 49 sequeretur
1067 1853 97 49 quod
1128 1853 97 49 ipsa
1176 1853 61 49 in
