1416 2066
235 228 161 49 positios
355 228 80 49 Si
395 228 120 49 autem
475 228 187 49 posuerimus
623 228 107 49 quod
689 228 80 49 in

225 268 180 40 tellectus
364 268 194 40 materialis
516 268 194 40 abstractus
668 268 97 40 non

231 306 130 54 habet
317 306 159 54 naturam
433 306 232 54 intelligendi
621 306 101 54 res
665 306 72 54 ab-

226 347 190 51 stractas,
372 347 117 51 tunc
445 347 204 51 ambiguitas
606 347 117 51 erit
664 347 73 51 ma-

225 382 106 44 ior.
291 382 120 44 Istae
371 382 133 44 igitur
464 382 106 44 sunt
531 382 120 44 omnes
597 382 133 44 quaestio

235 429 93 46 nes
288 429 212 46 contingentes
460 429 185 46 ponentibus
606 429 106 46 quod
672 429 93 46 per

230 461 137 45 fectio
326 461 137 45 humana
422 461 96 45 est
477 461 205 45 intelligere
641 461 96 45 res
682 461 55 45 ab

217 499 141 48 stractas.

267 661 78 50 Et
306 661 144 50 oportet
411 661 91 50 nos
463 661 118 50 etiam
541 661 144 50 narrare
633 661 104 50 sermo-

227 698 115 41 nes,
299 698 86 41 ex
342 698 144 41 quibus
442 698 216 41 existimatur
615 698 101 41 nos
658 698 72 41 con

227 736 122 55 sequi
309 736 108 55 quod
376 736 149 55 habemus
484 736 149 55 naturam
579 736 162 55 intelligen

226 783 72 35 di
262 783 72 35 in
298 783 121 35 vltimo
383 783 85 35 res
431 783 181 35 abstractas.
576 783 97 35 isti
636 783 97 35 enim
685 783 60 35 ser

231 813 128 55 mones
316 813 114 55 sunt
387 813 128 55 valde
473 813 171 55 oppositi
601 813 142 55 illis:
700 813 71 55 &

228 855 131 49 forte
316 855 102 49 per
374 855 102 49 hoc
433 855 190 49 poterimus
579 855 146 49 videre
666 855 73 49 ve-

224 894 166 50 ritatem.
348 894 124 50 Causa
431 894 124 50 autem
514 894 138 50 istius
597 894 138 50 ambigui-

230 933 129 37 tatis,
321 933 65 37 &
347 933 142 37 laboris
450 933 104 37 est,
515 933 104 37 quia
580 933 129 37 nullum
657 933 78 37 ser-

225 980 139 31 monem
317 980 93 31 ab
364 980 155 31 Arist.
472 980 201 31 inuenimus
627 980 93 31 in
658 980 77 31 hac

222 1010 212 41 intentione,
392 1010 99 41 sed
448 1010 127 41 tamen
533 1010 141 41 Arist.
618 1010 113 41 promi-

219 1048 95 41 sit
274 1048 177 41 declarare
396 1048 82 41 hoc.

261 1084 143 57 Dicamus
365 1084 130 57 igitur
456 1084 104 57 quod
522 1084 104 57 Auem
587 1084 104 57 pace
639 1084 104 57 multum

230 1126 229 54 perscrutabatur
421 1126 76 54 in
459 1126 89 54 hac
510 1126 140 54 quodne,
612 1126 64 54 &
625 1126 114 54 labora-

228 1165 101 45 uit
285 1165 203 45 declarando
445 1165 116 45 hanc
502 1165 232 45 continuationem

227 1206 107 53 esse
294 1206 187 53 possibilem
441 1206 80 53 in
481 1206 94 53 sua
534 1206 174 53 epistola,
655 1206 80 53 quam

232 1251 159 31 vocauit
347 1251 260 31 Continuationis
549 1251 188 31 intellectus

230 1284 94 39 cum
283 1284 148 39 homine,
391 1284 67 39 &
418 1284 81 39 in
458 1284 108 39 lib.
526 1284 81 39 de
566 1284 135 39 Anima,
660 1284 67 39 &
687 1284 81 39 in

223 1328 114 47 aliis
299 1328 126 47 multis
388 1328 126 47 libris
476 1328 164 47 videbatur
603 1328 101 47 quod
653 1328 76 47 ista

227 1365 114 40 quodo
303 1365 89 40 non
354 1365 152 40 recessit
468 1365 76 40 ab
506 1365 101 40 eius
557 1365 177 40 cogitatione,

228 1401 128 42 neque
313 1401 100 42 per
370 1401 142 42 tempus
470 1401 128 42 nutus
555 1401 128 42 vnius
626 1401 114 42 oculi.

223 1441 93 49 Et
270 1441 109 49 nos
332 1441 109 49 iam
395 1441 218 49 exposuimus
566 1441 140 49 illam
644 1441 93 49 epi-

220 1478 168 44 stolam
338 1478 202 44 secundum
489 1478 185 44 nostrum
607 1478 134 44 posse.

229 1516 90 46 hoc
281 1516 103 46 enim
345 1516 167 46 quaesitum
473 1516 116 46 valde
550 1516 90 46 est
589 1516 154 46 difficile.

227 1556 93 46 Et,
280 1556 93 46 cum
333 1556 120 46 talis
414 1556 134 46 fuerit
507 1556 187 46 dispositio
641 1556 93 46 Auem-

233 1604 116 38 pace
305 1604 87 38 in
348 1604 101 38 hac
406 1604 217 38 quaestione,
580 1604 145 38 quanto
667 1604 72 38 ma-

220 1642 97 41 gis
276 1642 166 41 alterius
400 1642 166 41 hominis.
525 1642 83 41 Et
566 1642 138 41 verbum
649 1642 83 41 Auem

228 1674 110 48 pace
297 1674 82 48 in
338 1674 96 48 hoc
393 1674 96 48 est
448 1674 151 48 firmius
558 1674 137 48 verbis
640 1674 96 48 alio-

221 1711 116 51 rum:
294 1711 102 51 sed
352 1711 131 51 tamen
440 1711 189 51 occurrunt
585 1711 87 51 ei
614 1711 131 51 quodnes

228 1761 115 42 quas
300 1761 216 42 narrauimus.
473 1761 72 42 &
501 1761 159 42 oportet
617 1761 101 42 nos
660 1761 72 42 nar

229 1788 104 54 rare
294 1788 91 54 hic
346 1788 104 54 vias
411 1788 130 54 istius
503 1788 156 54 hominis:
620 1788 91 54 sed
659 1788 78 54 pri-

220 1837 84 38 mo
262 1837 111 38 quid
331 1837 209 38 expositores
498 1837 167 38 dixerunt
624 1837 84 38 in
652 1837 84 38 hoc,

755 229 138 37 modus,
852 229 69 37 &
879 229 138 37 ratio,
976 229 96 37 sed
1031 229 124 37 primo
1113 229 96 37 sit
1169 229 96 37 sub
1210 229 55 37 v-

750 269 86 48 na
793 269 244 48 dispositione,
994 269 72 48 &
1023 269 144 48 postea
1123 269 101 48 sub
1166 269 101 48 alia,

762 308 98 46 quid
823 308 123 46 igitur
909 308 98 46 erit
970 308 98 46 illa
1032 308 184 46 dispositio:
1179 308 86 46 Et,
1216 308 49 46 si

756 343 180 43 ponamus
886 343 245 43 intellectum
1066 343 196 43 materialem

750 381 223 45 abstractum,
928 381 104 45 non
988 381 149 45 habere
1092 381 178 45 naturam,
1211 381 59 45 vt

750 425 196 41 intelligat
904 425 98 41 res
960 425 196 41 separatas,
1115 425 112 41 tunc
1171 425 98 41 maior

756 465 138 50 orietur
856 465 163 50 dubietas.
981 465 100 50 Haec
1043 465 125 50 igitur
1131 465 100 50 sunt
1181 465 88 50 omnia

750 503 135 49 dubia,
845 503 108 49 quae
913 503 176 49 insurgunt
1048 503 135 49 contra
1142 503 108 49 eos,
1196 503 68 49 qui

752 540 172 38 asserunt
881 540 158 38 humanam
995 540 229 38 perfectionem
1168 540 100 38 consi

753 580 115 54 stere
830 580 77 54 in
869 580 103 54 hoc,
933 580 154 54 scilicet
1048 580 77 54 vt
1087 580 179 54 intelligat
1215 580 51 54 in

752 620 136 46 vltimo
848 620 95 46 res
888 620 177 46 abstractas.

786 657 109 53 Sed
849 657 171 53 cogimur
973 657 155 53 quoque
1082 657 171 53 afferre
1190 657 78 53 eas

764 704 143 46 rationes,
874 704 66 46 ex
907 704 110 46 quibus
984 704 121 46 videtur
1073 704 99 46 sequi
1139 704 88 46 quod
1183 704 88 46 natura

758 737 123 41 huius
840 737 205 41 intellectus
1005 737 96 41 est
1060 737 205 41 intelligere
1210 737 55 41 in

761 782 134 36 vltimo
854 782 94 36 res
908 782 201 36 abstractas.
1069 782 94 36 sed
1123 782 107 36 haec
1176 782 94 36 verba

764 813 164 45 videntur
887 813 109 45 esse
955 813 123 45 valde
1037 813 177 45 contraria
1160 813 109 45 illis:

758 853 96 53 sed
813 853 165 53 fortasse
937 853 96 53 per
992 853 96 53 hoc
1047 853 179 53 poterimus
1171 853 96 53 asse-

752 892 109 43 qui
814 892 217 43 veritatem.
984 892 140 43 Huius
1077 892 140 43 autem
1155 892 109 43 ambi-

759 932 166 54 guitatis,
887 932 64 54 &
912 932 140 54 laboris
1015 932 115 54 causa
1091 932 102 54 est,
1155 932 102 54 quia
1206 932 64 54 non

752 972 190 39 inuenimus
898 972 219 39 Aristotelem
1073 972 160 39 fecisse
1175 972 88 39 ver-

761 1012 95 51 bum
816 1012 82 51 de
857 1012 95 51 hoc
911 1012 177 51 quaesito:
1047 1012 122 51 licet
1128 1012 109 51 ipse
1183 1012 82 51 pro-

755 1051 165 47 miserit
875 1051 180 47 exponere
995 1051 90 47 hoc.

799 1085 129 54 Auen
879 1085 129 54 pace
960 1085 145 54 tamen
1057 1085 161 54 multum
1153 1085 113 54 elabo

748 1132 128 39 rauit
833 1132 86 39 in
876 1132 100 39 hoc
933 1132 143 39 dubio,
1033 1132 71 39 &
1061 1132 185 39 discussit
1190 1132 71 39 ipm

752 1169 81 47 in
793 1169 81 47 eo
834 1169 162 47 tractatu
955 1169 108 47 suo,
1023 1169 108 47 quem
1090 1169 149 47 vocauit
1185 1169 81 47 tra-

754 1206 153 44 ctatum
861 1206 92 44 de
907 1206 230 44 Copulatione
1076 1206 199 44 intellectus

760 1245 101 45 cum
817 1245 158 45 homine,
932 1245 72 45 &
961 1245 86 45 in
1004 1245 115 45 lib.
1076 1245 86 45 de
1119 1245 144 45 Anima,
1220 1245 72 45 &

755 1284 72 38 in
791 1284 120 38 multis
875 1284 108 38 aliis
947 1284 120 38 libris
1032 1284 108 38 eius.
1104 1284 132 38 videtur
1188 1284 72 38 enim

754 1323 99 40 hoc
810 1323 183 40 quaesitum
951 1323 155 40 nunquam
1064 1323 197 40 decessisse
1205 1323 56 40 ab

751 1365 124 37 eius
828 1365 139 37 mente
920 1365 124 37 ictu
998 1365 154 37 oculi.
1106 1365 108 37 Nos
1152 1365 108 37 autem

751 1403 97 39 iam
807 1403 83 39 ex
848 1403 167 39 posuimus
973 1403 125 39 illum
1057 1403 181 39 tractatum
1182 1403 83 39 suum

762 1440 91 51 pro
814 1440 131 51 virili
906 1440 144 51 nostra.
1010 1440 91 51 est
1062 1440 104 51 enim
1127 1440 91 51 hoc
1180 1440 117 51 quae

751 1479 130 40 situm
837 1479 246 40 perdifficile.
1040 1479 101 40 Et,
1098 1479 87 40 si
1126 1479 145 40 Auenpace

757 1517 100 45 fuit
819 1517 88 45 ita
869 1517 163 45 perplexus
994 1517 75 45 in
1032 1517 88 45 hoc
1082 1517 163 45 quaesito,
1194 1517 75 45 lomo

747 1555 86 56 ge
790 1555 129 56 magis
876 1555 129 56 erunt
962 1555 172 56 perplexi
1092 1555 158 56 reliqui
1192 1555 72 56 ho-

753 1597 143 45 mines.
853 1597 186 45 Sententia
996 1597 115 45 vero
1068 1597 115 45 Auen
1140 1597 115 45 pace
1197 1597 72 45 est

757 1636 158 46 caeteris
875 1636 118 46 aliis
954 1636 145 46 firmior
1059 1636 118 46 circa
1138 1636 105 46 hoc,
1204 1636 66 46 &
1217 1636 53 46 si

751 1685 143 37 contra
851 1685 129 37 ipsum
937 1685 129 37 etiam
1023 1685 201 37 occurrant,
1167 1685 100 37 atque

751 1713 190 52 insurgant
897 1713 131 52 dubia
985 1713 131 52 illa,
1072 1713 102 52 iam
1116 1713 146 52 superius

759 1764 171 30 arrata.
884 1764 202 30 conabimur
1040 1764 156 30 igitur
1133 1764 140 30 narrare

756 1790 93 43 hic
809 1790 160 43 methodos
929 1790 80 43 ac
969 1790 120 43 vias,
1049 1790 134 43 quibus
1143 1790 107 43 vsus
1196 1790 67 43 est

747 1828 102 54 hic
806 1828 117 54 vir:
879 1828 102 54 sed
938 1828 132 54 primo
1025 1828 117 54 quid
1084 1828 190 54 expositores

753 1869 164 45 dixerint
876 1869 123 45 circa
945 1869 82 45 hoc.
