1416 2066
176 179 258 62 Abstractione
385 179 145 62 autem
482 179 161 62 dicta,
595 179 242 62 intelligit,
788 179 145 62 sicut
885 179 145 62 simum
981 179 209 62 saecundum
1142 179 129 62 quod

186 224 174 43 simum,
307 224 121 43 non
377 224 243 43 separatum:
567 224 226 43 inquantum
741 224 156 43 autem
845 224 174 43 curuum
966 224 104 43 si
1018 224 191 43 aliquod
1157 224 121 43 in¬

191 267 194 47 tellexit,
341 267 120 47 actu
415 267 120 47 sine
490 267 135 47 carne
580 267 150 47 vtique
685 267 224 47 intellexit.
864 267 90 47 in
909 267 105 47 qua
969 267 165 47 curuum:
1088 267 105 47 sic
1148 267 75 47 &
1163 267 75 47 ma-

194 310 200 43 thematica
348 310 108 43 non
409 310 185 43 separata
548 310 170 43 tanquam
672 310 185 43 separata
810 310 139 43 sint,
903 310 216 43 intellexit
1072 310 108 43 cum
1119 310 123 43 intel-

193 354 128 56 ligat
264 354 99 56 illa.

241 396 118 55 Quae
315 396 118 55 uero
389 396 89 55 in
433 396 236 55 abstractione
625 396 177 55 uocantur
758 396 207 55 intelligit
921 396 163 55 perinde
1039 396 133 55 quasi
1113 396 118 55 simum-

188 443 202 65 quaetenus
344 443 155 65 quidem
452 443 155 65 simum,
561 443 109 65 non
623 443 202 65 separate:
778 443 186 65 quatenus
918 443 124 65 uero
996 443 171 65 curuum,
1120 443 93 65 si
1151 443 93 65 quid

191 482 119 74 actu
265 482 253 74 intelligeret,
474 482 119 74 sine
548 482 134 74 carne
637 482 238 74 intelligeret
831 482 89 74 in
875 482 104 74 qua
935 482 149 74 curuum
1039 482 119 74 est:
1113 482 104 74 sic
1158 482 74 74 ma-

192 540 197 54 thematica
344 540 167 54 quanuis
465 540 106 54 non
526 540 197 54 separata,
678 540 152 54 ueluti
784 540 182 54 separata
921 540 228 54 intelligit,
1103 540 106 54 cum
1149 540 91 54 illa

176 587 184 67 intelligit.

230 635 97 46 Et
278 635 194 46 sciuntur
424 635 145 46 etiam
520 635 129 46 res,
601 635 129 46 quae
682 635 194 46 dicuntur
827 635 210 46 negatiue.
989 635 97 46 Vt
1037 635 161 46 simus,
1150 635 97 46 in
1182 635 65 46 eo

184 684 136 53 duod
269 684 119 53 est
337 684 170 53 simus,
455 684 119 53 non
523 684 237 53 diuiditur:
710 684 102 53 in
760 684 102 53 eo
811 684 153 53 autem
913 684 136 53 quod
998 684 119 53 est
1049 684 186 53 corcauum,

188 725 88 46 si
232 725 221 46 intellectus
409 725 250 46 intellexerit,
615 725 118 46 tunc
689 725 206 46 intelliget
851 725 221 46 intentionem
1028 725 118 46 con:
1087 725 147 46 auitatis

176 765 219 45 denudatam
345 765 84 45 a
378 765 168 45 carne.
496 765 118 45 sed
563 765 253 45 intentiones
766 765 269 45 mathematicae
984 765 118 45 non
1052 765 135 45 sunt
1119 765 118 45 singu

190 811 125 48 laria
273 811 97 48 hoc
329 811 125 48 modo:
412 811 69 48 &
439 811 125 48 sicut
523 811 97 48 res
578 811 180 48 abstracta
716 811 235 48 intelligitur,
910 811 194 48 intelligit
1063 811 125 48 istas
1132 811 83 48 res.

228 884 172 42 Intendit
356 884 100 42 per
414 884 114 42 res,
485 884 114 42 quae
557 884 172 42 dicuntur
685 884 186 42 negatiue,
828 884 100 42 res
885 884 243 42 mathematicas.
1086 884 72 42 &
1100 884 143 42 intendit

181 924 106 59 per
242 924 212 59 negationem
408 924 258 59 abstractionem
621 924 76 59 a
651 924 182 59 materia.
788 924 76 59 &
818 924 182 59 intendit
955 924 137 59 quod,
1046 924 152 59 quando
1137 924 106 59 intel

187 971 147 40 lectus
290 971 206 40 intelligit
453 971 103 40 res
512 971 177 40 secundum
644 971 251 40 abstractionem
851 971 74 40 a
880 971 177 40 materia,
1013 971 103 40 non
1072 971 133 40 facit
1146 971 88 40 hoc,

193 1007 110 44 quia
262 1007 110 44 sunt
330 1007 82 44 in
371 1007 96 44 se,
426 1007 96 44 non
481 1007 82 44 in
522 1007 164 44 materia,
645 1007 123 44 sicut
727 1007 137 44 quidam
823 1007 260 44 existimauerunt.
1042 1007 96 44 sed
1097 1007 110 44 hoc,
1152 1007 82 44 quod

192 1044 129 39 facit,
283 1044 155 39 scilicet
399 1044 104 39 quod
464 1044 181 39 intelligit
606 1044 78 39 ea
645 1044 91 39 non
697 1044 78 39 in
735 1044 155 39 materia,
852 1044 116 39 licet
930 1044 104 39 sint
994 1044 78 39 in
1033 1044 155 39 materia,
1149 1044 91 39 est
1188 1044 52 39 ac

185 1083 85 41 si
227 1083 227 41 intelligeret
412 1083 142 41 simum,
512 1083 85 41 in
554 1083 85 41 eo
597 1083 114 41 quod
668 1083 99 41 est
725 1083 142 41 simum,
824 1083 156 41 diuisum
938 1083 71 41 a
966 1083 170 41 materia.
1094 1083 99 41 sed
1137 1083 99 41 simus

186 1124 85 40 in
228 1124 85 40 eo
271 1124 114 40 quod
342 1124 99 40 est
399 1124 142 40 simus.
498 1124 213 40 impossibile
668 1124 99 40 est
725 1124 85 40 vt
768 1124 184 40 diuidatur
910 1124 71 40 a
938 1124 170 40 materia.
1066 1124 128 40 genus
1137 1124 99 40 autem

188 1167 127 44 eius,
273 1167 113 44 quod
343 1167 99 44 est
400 1167 198 44 concauitas
555 1167 184 44 possibile
696 1167 99 44 est
753 1167 85 44 vt
795 1167 184 44 diuidatur
936 1167 71 44 a
965 1167 169 44 materia.
1092 1167 85 44 Et
1120 1167 113 44 innuit

186 1202 95 48 per
241 1202 95 48 hoc
295 1202 108 48 quod
362 1202 108 48 ista
430 1202 216 48 possibilitas
605 1202 81 48 in
646 1202 216 48 abstractione
822 1202 149 48 istorum
930 1202 81 48 ab
970 1202 189 48 intellectu
1119 1202 95 48 est
1159 1202 68 48 com

186 1241 156 42 sequens
299 1241 170 42 naturas,
427 1241 71 42 &
455 1241 198 42 quiditates
611 1241 142 42 earum:
710 1241 99 42 non
767 1241 113 42 quia
838 1241 156 42 accidit
951 1241 113 42 eis,
1022 1241 113 42 quia
1093 1241 113 42 sunt
1164 1241 99 42 non

186 1279 88 38 in
230 1279 176 38 materia.
362 1279 146 38 Deinde
464 1279 146 38 dicit.
567 1279 102 38 sed
625 1279 220 38 intentiones
801 1279 249 38 mathematicae,
1006 1279 102 38 &c.
1064 1279 132 38 idest
1152 1279 73 38 &
1167 1279 73 38 mo-

190 1321 110 41 dus
253 1321 173 41 essendi
379 1321 235 41 intentionum
567 1321 282 41 mathematicarum
802 1321 141 41 extra
896 1321 173 41 animam,
1021 1321 110 41 non
1084 1321 110 41 est
1131 1321 110 41 sicut

189 1360 141 42 modus,
288 1360 169 42 secundum
415 1360 113 42 quem
485 1360 113 42 sunt
556 1360 85 42 in
598 1360 141 42 anima.
697 1360 85 42 Et
739 1360 113 42 iste
810 1360 127 42 sermo
894 1360 141 42 potest
993 1360 113 42 legi
1064 1360 113 42 sic.
1134 1360 71 42 &
1162 1360 99 42 in¬

182 1399 190 44 tellectus
329 1399 132 44 etiam
417 1399 146 44 potest
519 1399 132 44 scire
607 1399 102 44 res
665 1399 234 44 mathematicas
856 1399 102 44 per
914 1399 161 44 aliquem
1031 1399 132 44 modum
1104 1399 132 44 defini-

187 1437 159 46 tionis.
302 1437 217 46 Intelligere
476 1437 116 46 enim
548 1437 203 46 diuersatur
708 1437 174 46 secundum
838 1437 232 46 diuersitatem
1026 1437 159 46 naturae
1128 1437 101 46 intel

186 1477 141 46 lecti.
285 1477 127 46 verbi
369 1477 141 46 gratia
468 1477 113 46 quod
539 1477 141 46 simus,
637 1477 85 46 in
680 1477 85 46 eo
722 1477 113 46 qnod
793 1477 99 46 est
849 1477 141 46 simus,
948 1477 99 46 non
1004 1477 183 46 diuiditur
1131 1477 99 46 quan-

190 1517 80 45 do
230 1517 226 45 intelligitur:
416 1517 80 45 in
456 1517 80 45 eo
496 1517 120 45 autem
576 1517 106 45 quod
642 1517 93 45 est
696 1517 200 45 concauitas,
855 1517 120 45 tunc,
935 1517 80 45 si
975 1517 200 45 intellectus
1122 1517 106 45 intel-

191 1556 159 39 lexerit
306 1556 101 39 eum
364 1556 202 39 singularem
523 1556 101 39 per
580 1556 101 39 se,
638 1556 101 39 non
696 1556 202 39 intelliget
855 1556 217 39 intentionem
1013 1556 217 39 concauitatis,

187 1599 118 51 nisi
261 1599 191 51 denudatam
408 1599 74 51 a
438 1599 147 51 carne.
541 1599 88 51 Et
585 1599 191 51 exemplum,
732 1599 118 51 quod
806 1599 177 51 induxit,
938 1599 162 51 supplet
1056 1599 147 51 illud,
1145 1599 88 51 quod

189 1633 228 50 diminuitur
368 1633 81 50 a
384 1633 163 50 sermone.
