1416 2066
183 180 104 41 tum,
248 180 65 41 &
274 180 78 41 d.
313 180 78 41 In
352 180 117 41 tactu
431 180 130 41 autem,
522 180 91 41 &c.
574 180 78 41 i.
613 180 130 41 tactui
704 180 117 41 autem
783 180 143 41 accidit
887 180 104 41 hoc,
952 180 91 41 ita
1004 180 104 41 quod
1069 180 104 41 ista
1122 180 130 41 intentio

194 219 104 41 latet
264 219 69 41 in
298 219 69 41 eo
333 219 138 41 scilicet
436 219 92 41 quod
494 219 81 41 est
540 219 92 41 plus
598 219 92 41 quam
655 219 92 41 vnus
713 219 127 41 sensus,
805 219 69 41 ex
840 219 92 41 hoc,
897 219 92 41 quod
955 219 104 41 omnis
1024 219 115 41 sensus
1105 219 127 41 indiget
1185 219 58 41 me-

194 259 109 40 dio:
263 259 68 40 &
290 259 164 40 animalia
413 259 164 40 indigent
536 259 82 40 in
577 259 137 40 salute
673 259 82 40 vt
714 259 164 40 sentiant
837 259 205 40 tangibilia:
1002 259 109 40 ideo
1070 259 109 40 fuit
1125 259 123 40 necesse

193 301 89 50 vt
238 301 148 50 medium
341 301 133 50 esset
430 301 118 50 pars
504 301 133 50 eius.
593 301 89 50 Et
637 301 118 50 fuit
711 301 222 50 impossibile
889 301 89 50 vt
933 301 104 50 hoc
992 301 163 50 medium,
1111 301 118 50 quod
1170 301 74 50 est

194 339 103 48 pars
258 339 115 48 eius,
335 339 115 48 esset
412 339 115 48 aqua,
489 339 90 48 aut
541 339 103 48 aer,
605 339 192 48 impossibile
759 339 90 48 est
810 339 103 48 enim
874 339 115 48 sicut
951 339 77 48 d.
989 339 77 48 vt
1028 339 192 48 constitutio
1169 339 77 48 cor-

195 380 125 46 poris
278 380 125 46 esset
362 380 83 46 ex
403 380 111 46 aere
473 380 97 46 aut
528 380 125 46 aqua.
612 380 167 46 animalia
736 380 111 46 enim
806 380 167 46 indigent
931 380 194 46 necessario
1083 380 153 46 corpore
1181 380 69 46 du-

196 416 97 52 ro,
252 416 83 52 ex
293 416 97 52 quo
349 416 181 52 contingit
488 416 194 52 necessario
641 416 83 52 vt
682 416 139 52 medium
780 416 167 52 sensibus
905 416 139 52 tactus
1002 416 125 52 esset
1085 416 139 52 corpus
1169 416 69 52 ad-

198 454 150 45 mixtum,
307 454 123 45 super
389 454 109 45 quod
457 454 177 45 abundaret
594 454 232 45 terrestritas,
785 454 68 45 &
812 454 95 45 est
866 454 123 45 caro,
948 454 68 45 &
975 454 109 45 eius
1044 454 136 45 simile
1139 454 82 45 in
1166 454 82 45 ani-

195 494 150 46 malibus
305 494 191 46 carentibus
455 494 136 46 carne.
550 494 68 46 &
577 494 96 46 sic
632 494 96 46 est
687 494 232 46 intelligendus
878 494 109 46 iste
946 494 136 46 sermo.
1041 494 82 46 Et
1082 494 109 46 ipse
1137 494 109 46 excita

201 536 103 42 uit
260 536 103 42 nos
319 536 132 42 super
407 536 117 42 hoc,
480 536 117 42 quod
553 536 205 42 diminuitur
715 536 88 42 in
759 536 161 42 sermone
876 536 103 42 per
935 536 117 42 hoc,
1008 536 117 42 quod
1082 536 147 42 dixit,
1170 536 73 42 Ne-

194 574 122 54 cesse
276 574 95 54 est
330 574 136 54 igitur
425 574 81 54 vt
466 574 136 54 corpus
561 574 136 54 medium
656 574 149 54 tangens
764 574 95 54 sit
818 574 203 54 applicatum.
981 574 81 54 i.
1022 574 149 54 necesse
1130 574 95 54 est
1171 574 68 54 igi

198 613 98 42 tur
254 613 112 42 quod
324 613 126 42 omnis
408 613 140 42 sensus
506 613 98 42 sit
562 613 98 42 per
618 613 154 42 medium:
731 613 98 42 cum
787 613 70 42 7
815 613 140 42 sensus
913 613 98 42 non
969 613 168 42 sentiant
1095 613 98 42 sua
1137 613 112 42 sensi-

195 652 127 43 bilia
280 652 113 43 nisi
351 652 184 43 tangendo:
492 652 71 43 &
520 652 170 43 animalia
648 652 170 43 indigent
775 652 85 43 vt
817 652 170 43 sentiant
945 652 198 43 sensibilia
1086 652 156 43 occurren-

194 692 116 39 tia,
266 692 87 39 vt
310 692 145 39 medium
411 692 102 39 sit
469 692 218 39 applicatum,
643 692 73 39 &
672 692 116 39 pars
745 692 189 39 corporis.
890 692 116 39 D.d.
962 692 102 39 per
1020 692 131 39 cuius
1093 692 160 39 mediatio-

181 731 97 48 nem
236 731 124 48 erunt
319 731 152 48 sensus,
430 731 69 48 &
457 731 111 48 sunt
527 731 138 48 plures
623 731 111 48 vno.
692 731 83 48 i.
734 731 138 48 sensus
817 731 124 48 tactus.

234 787 225 46 Demonstrat
411 787 145 46 autem
508 787 129 46 quod
588 787 161 46 plures
701 787 145 46 sint,
797 787 113 46 qui
862 787 97 46 in
910 787 161 46 lingua
1023 787 177 46 tactus.
1135 787 113 46 omnia

185 833 140 43 enim
272 833 245 43 tangibilia
464 833 175 43 sentit
586 833 210 43 secundum
743 833 175 43 eandem
866 833 192 43 partem,
1005 833 87 43 &
1040 833 210 43 humorem.
1180 833 70 43 fi

197 875 170 44 quidem
316 875 170 44 igitur
435 875 85 44 &
469 875 136 44 alia
554 875 136 44 caro
639 875 204 44 sentiret
792 875 204 44 humorem,
945 875 221 44 videretur
1115 875 136 44 unus
1200 875 85 44 &

189 916 132 47 idem
272 916 132 47 esse
355 916 165 47 sensus
470 916 165 47 gustus
586 916 83 47 &
619 916 182 47 tactus:
751 916 132 47 nunc
833 916 149 47 autem
932 916 132 47 sunt
1015 916 132 47 duo,
1081 916 165 47 propter.

195 957 92 55 id
241 957 122 55 quod
317 957 107 55 non
363 957 214 55 conuertitur.

242 994 156 66 indicat
355 994 128 66 autem
440 994 99 66 eos
497 994 113 66 esse
568 994 142 66 plures
667 994 85 66 is
710 994 142 66 tactus
809 994 99 66 qui
866 994 85 66 in
909 994 142 66 lingua
1008 994 199 66 consistit:
1150 994 99 66 eadem

198 1052 120 46 enim
273 1052 135 46 parte
363 1052 150 46 cuncta
468 1052 180 46 tactilia
603 1052 75 46 &
633 1052 165 46 saporem
752 1052 165 46 sentit:
872 1052 120 46 Ergo
947 1052 90 46 si
992 1052 165 46 reliqua
1112 1052 120 46 caro
1172 1052 75 46 sa-

198 1096 134 59 porem
287 1096 194 59 sentiret,
436 1096 149 59 sensus
541 1096 179 59 gustatus
675 1096 74 59 &
705 1096 149 59 tactus
809 1096 119 59 idem
883 1096 74 59 &
913 1096 119 59 vnum
988 1096 119 59 esse
1062 1096 209 59 videretur:

189 1143 117 53 nunc
263 1143 117 53 vero
336 1143 103 53 duo
395 1143 132 53 sunt,
483 1143 117 53 quia
556 1143 103 53 non
615 1143 103 53 fit
659 1143 176 53 conuersio.

231 1195 100 47 Et
281 1195 233 47 demonstrat
464 1195 116 47 eos
531 1195 133 47 esse
614 1195 166 47 plures
730 1195 116 47 vno
797 1195 166 47 tactus
913 1195 200 47 linguae.
1063 1195 150 47 omnia
1146 1195 100 47 enim

191 1243 240 46 tangibilia
379 1243 240 46 sentiuntur
568 1243 120 46 per
636 1243 137 46 idem
722 1243 206 46 membrum,
876 1243 86 46 &
910 1243 171 46 sapor.
1030 1243 103 46 Si
1082 1243 137 46 ergo
1150 1243 103 46 alia

193 1281 124 50 caro
270 1281 186 50 sentiret
409 1281 186 50 saporem,
549 1281 124 50 tunc
626 1281 263 50 existimaretur
843 1281 124 50 quod
921 1281 170 50 gustus.
1045 1281 77 50 &
1076 1281 155 50 tactus
1169 1281 77 50 ef-

191 1324 134 46 sent
275 1324 134 46 idem
358 1324 184 46 sensus.
492 1324 134 46 modo
575 1324 150 46 autem
676 1324 134 46 sunt
759 1324 134 46 duo,
843 1324 134 46 quia
926 1324 117 46 non
976 1324 234 46 conuertitur.

237 1379 80 46 Et
277 1379 187 46 demonstrat
424 1379 120 46 quod,
504 1379 107 46 quia
571 1379 134 46 sensus
665 1379 134 46 tactus
758 1379 94 46 est
812 1379 120 46 plus,
892 1379 107 46 quam
959 1379 120 46 vnus,
1039 1379 67 46 &
1066 1379 107 46 quod
1133 1379 94 46 hoc
1173 1379 67 46 la-

190 1427 114 50 tet,
261 1427 114 50 quia
332 1427 114 50 caro
403 1427 99 50 est
460 1427 128 50 quasi
545 1427 142 50 medium
644 1427 156 50 tactus,
758 1427 99 50 qui
815 1427 99 50 est
872 1427 85 50 in
914 1427 156 50 lingua,
1028 1427 156 50 quoniam
1127 1427 114 50 senti-

195 1460 108 47 mus
256 1460 139 47 omnia
349 1460 216 47 tangibilia
519 1460 108 47 per
581 1460 108 47 hoc
643 1460 186 47 membrum,
782 1460 77 47 &
813 1460 139 47 etiam
906 1460 186 47 saporem,
1045 1460 124 47 fuit
1107 1460 139 47 necesse

203 1501 87 46 vt
247 1501 131 46 caro,
334 1501 116 46 quae
407 1501 102 46 est
465 1501 87 46 in
509 1501 102 46 hoc
567 1501 160 46 membro,
684 1501 102 46 sit
742 1501 131 46 quasi
829 1501 160 46 medium,
945 1501 102 46 non
1004 1501 131 46 quasi
1076 1501 175 46 instrumen-

196 1540 120 47 tum,
271 1540 179 47 quoniam,
405 1540 90 47 si
450 1540 134 47 esset
540 1540 239 47 instrumentum
734 1540 179 47 saporis,
868 1540 105 47 non
928 1540 105 47 com
988 1540 224 47 prehenderet
1152 1540 90 47 tan-

192 1581 149 52 gibile:
301 1581 81 52 &,
342 1581 81 52 si
382 1581 190 52 tangibile,
531 1581 95 52 non
585 1581 163 52 saporem.
707 1581 108 52 idem
775 1581 108 52 enim
843 1581 136 52 sensus
938 1581 108 52 idem
1006 1581 122 52 habet
1073 1581 163 52 instrumen-

196 1619 109 47 tum.
264 1619 81 47 Si
305 1619 136 47 igitur
400 1619 109 47 alia
468 1619 122 47 caro,
549 1619 109 47 quae
617 1619 95 47 est
671 1619 81 47 in
712 1619 163 47 corpore,
834 1619 163 47 sentiret
956 1619 163 47 saporem,
1078 1619 122 47 sicut
1146 1619 95 47 caro,

198 1667 104 33 quae
263 1667 91 33 est
315 1667 78 33 in
353 1667 142 33 lingua,
457 1667 104 33 tunc
522 1667 220 33 existimaretur
703 1667 104 33 quod
767 1667 142 33 gustus,
871 1667 65 33 &
897 1667 129 33 tactus
987 1667 129 33 essent
1078 1667 104 33 idem
1130 1667 116 33 sensus.

197 1699 120 40 D.d.
272 1699 120 40 modo
346 1699 134 40 autem
436 1699 120 40 sunt
511 1699 120 40 duo,
586 1699 120 40 quia
660 1699 105 40 non
720 1699 239 40 conuertitur.
914 1699 90 40 i.
959 1699 120 40 modo
1034 1699 134 40 autem
1123 1699 105 40 non
1168 1699 60 40 ac

195 1737 114 43 tidit
271 1737 101 43 hoc,
335 1737 101 43 quia
398 1737 89 43 non
449 1737 190 43 conuertitur
601 1737 152 43 scilicet
715 1737 101 43 quod
778 1737 114 43 omnis
854 1737 101 43 caro
917 1737 139 43 gustans
1019 1737 89 43 est
1069 1737 152 43 tangens:
1171 1737 63 43 sed

198 1784 104 44 non
258 1784 134 44 omnis
347 1784 119 44 caro
421 1784 164 44 tangens
540 1784 104 44 est
585 1784 149 44 gustans.

231 1819 237 55 Dubitabit
413 1819 164 55 autem
522 1819 200 55 aliquis
668 1819 109 55 si
722 1819 146 55 omne
813 1819 182 55 corpus
941 1819 237 55 profundum
1104 1819 146 55 habet:

186 1865 137 50 haec
271 1865 154 50 autem
374 1865 120 50 est
443 1865 171 50 tertia
562 1865 240 50 magnitudo:
751 1865 171 50 quorum
870 1865 154 50 autem
973 1865 205 50 corporum
1110 1865 137 50 medium
