1416 2066
256 164 102 40 situm
324 164 158 40 colligitur
448 164 68 40 ex
482 164 147 40 sententia
595 164 125 40 Commen.
686 164 79 40 in.
720 164 45 40 2.

260 199 67 34 de
293 199 111 34 anima.
371 199 111 34 commen
449 199 89 34 134.
505 199 78 34 vbi
549 199 100 34 dicit
616 199 89 34 quod
661 199 100 34 virtus,

256 236 107 36 quae
322 236 213 36 comprehendit
496 236 120 36 istum
575 236 107 36 esse
629 236 133 36 Socratem

252 267 83 31 aut
299 267 118 31 filium
382 267 154 31 Socratis,
500 267 83 31 est
547 267 142 31 superior
654 267 71 31 ad
677 267 83 31 virtu

257 293 89 37 tem
308 293 153 37 sensuum.
423 293 64 37 &
448 293 89 37 ita
499 293 140 37 videtur
601 293 102 37 quod
652 293 114 37 relatio

259 326 86 36 non
308 326 184 36 cognoscitur
455 326 61 36 a
480 326 110 36 sensu
553 326 172 36 comnmiuni.
676 326 86 36 Solui

252 356 89 38 tur
303 356 127 38 dictum
392 356 164 38 Commenta.
518 356 202 38 intelligitur
682 356 76 38 de
708 356 63 38 sen

252 387 68 38 su
286 387 158 38 exteriori,
410 387 90 38 quia
466 387 90 38 ille
523 387 79 38 non
568 387 147 38 cognoscit
669 387 102 38 substan

256 420 105 32 tiam,
326 420 105 32 neque
397 420 175 32 relationem,
537 420 82 32 sed
584 420 117 32 sensus
654 420 117 32 hominis,

264 450 159 43 interiores
388 450 125 43 possunt
479 450 91 43 haec
535 450 170 43 cognoscere.
671 450 91 43 vnde
717 450 45 43 in

260 479 123 35 tentio
346 479 160 35 Commenta.
468 479 86 35 est
518 479 86 35 ibi
567 479 123 35 ponere
640 479 123 35 differen

252 512 109 34 tiam
320 512 123 34 inter
402 512 123 34 illos
484 512 123 34 modos
566 512 123 34 duos,
634 512 136 34 secundum

259 542 92 39 quos
316 542 126 39 aliquid
408 542 126 39 dicitur
499 542 149 39 sensibile
614 542 80 39 per
648 542 115 39 accidens

266 572 92 38 vnus
323 572 80 38 est
369 572 80 38 non
415 572 184 38 simpliciter,
564 572 57 38 &
587 572 80 38 est
633 572 115 38 quando
702 572 69 38 sen-

256 605 115 37 sibile
337 605 104 37 vnius
406 605 115 37 sensus
487 605 161 37 comparatur
613 605 69 37 ad
648 605 104 37 alium
705 605 58 37 sen

260 639 97 36 sum,
320 639 72 36 ex
357 639 85 36 quo
405 639 133 36 accidit
501 639 72 36 vt
538 639 85 36 sit
586 639 169 36 coniunctum
707 639 60 36 cum

261 666 146 35 sensibili
373 666 124 35 proprio
463 666 112 35 illius
541 666 124 35 sensus.
631 666 67 35 vt
665 666 67 35 si
687 666 79 35 pomum

257 698 113 33 fuerit
336 698 146 33 coloratum
448 698 56 33 &
471 698 113 33 dulce,
550 698 101 33 dulce
617 698 124 33 dicitur
696 698 79 33 sensi

267 732 89 31 bile
323 732 78 31 per
367 732 134 31 accidens
467 732 134 31 respectu
567 732 111 31 visus.
645 732 78 31 nam
690 732 78 31 hic
723 732 56 31 est

265 761 221 33 accidentalitas
449 761 123 33 duorum
535 761 135 33 sensuum
621 761 148 33 exteriorum

260 791 89 43 qui
311 791 102 43 sunt
375 791 77 43 in
413 791 115 43 eadem
490 791 192 43 latitudine,
643 791 102 43 quia
694 791 77 43 ambo

263 823 91 36 iunt
319 823 170 36 exteriores,
455 823 57 36 &
478 823 91 36 vnus
534 823 79 36 non
580 823 79 36 est
625 823 136 36 superior
715 823 57 36 al-

265 861 109 29 tero.
337 861 85 29 Sed
386 861 145 29 secundus
495 861 109 29 modus
567 861 85 29 per
616 861 145 29 accidens
713 861 60 29 sen

260 885 127 37 sibilis
353 885 92 37 est,
410 885 115 37 quando
491 885 127 37 aliquod
583 885 138 37 obiectum
686 885 81 37 per
721 885 46 37 ac

260 914 117 40 cidens
342 914 82 40 est
389 914 164 40 coniunctum
518 914 152 40 sensibili
635 914 82 40 per
681 914 70 40 se
705 914 70 40 ali-

266 949 108 29 cuius
338 949 132 29 sensus,
434 949 96 29 quod
494 949 108 29 tamen
566 949 84 29 non
614 949 84 29 est
650 949 120 29 obiectum

257 981 138 29 alicuius
360 981 115 29 sensus
440 981 126 29 eiusdem
532 981 138 29 ordinis,
635 981 80 29 sed
670 981 103 29 superio

261 1010 71 33 ris
301 1010 91 33 sicut
362 1010 61 33 si
393 1010 91 33 album
454 1010 112 33 accidat
535 1010 61 33 vt
565 1010 71 33 sit
606 1010 101 33 filius
667 1010 101 33 Soeratis

264 1039 91 35 vnde
320 1039 91 35 ista
377 1039 125 35 relatio
468 1039 125 35 accidit
559 1039 102 35 albo,
627 1039 57 35 &
650 1039 80 35 non
684 1039 91 35 perti-

259 1076 85 30 net
307 1076 85 30 nec
356 1076 73 30 ad
392 1076 121 30 visum,
477 1076 85 30 nec
526 1076 73 30 ad
563 1076 109 30 alium
635 1076 121 30 sensum
708 1076 61 30 ex-

258 1102 151 36 teriorem,
375 1102 82 36 sed
421 1102 93 36 bene
480 1102 117 36 potest
561 1102 151 36 pertinere
678 1102 70 36 ad
701 1102 70 36 sen-

258 1134 82 36 sum
305 1134 152 36 communem,
422 1134 82 36 qui
469 1134 82 36 est
516 1134 117 36 virtus
598 1134 141 36 superior
704 1134 70 36 ad
727 1134 47 36 vi

262 1167 98 36 sum,
323 1167 61 36 &
347 1167 73 36 ad
384 1167 147 36 reliquos
494 1167 122 36 sensus
580 1167 184 36 exteriores.
715 1167 61 36 im-

260 1199 71 35 mo
296 1199 71 35 vt
331 1199 107 35 dicit
402 1199 119 35 Themi.
485 1199 83 35 est
533 1199 142 35 princeps
640 1199 142 35 aliorum,
734 1199 36 35 &

263 1229 89 32 alii
318 1229 89 32 sunt
374 1229 100 32 sicut
440 1229 111 32 famuli
518 1229 55 32 &
540 1229 133 32 ministri
640 1229 100 32 eius.
706 1229 67 32 Et
729 1229 44 32 ne

263 1261 139 31 videatur
368 1261 93 31 tibi
426 1261 116 31 mirum,
507 1261 70 31 vt
542 1261 128 31 relatio
623 1261 151 31 sensibilium

264 1291 95 31 rerum
328 1291 95 31 sensu
391 1291 169 31 percipiatur,
528 1291 63 31 vt
560 1291 74 31 est
602 1291 158 31 sensibilis.
718 1291 53 31 nam

267 1320 109 34 Arist.
343 1320 76 34 hoc
387 1320 131 34 expresse
485 1320 98 34 dicit
550 1320 76 34 in.
594 1320 65 34 2.
626 1320 65 34 de
659 1320 109 34 anima.
724 1320 44 34 in

257 1351 85 41 tex.
310 1351 85 41 com.
363 1351 85 41 142.
416 1351 85 41 quod
469 1351 85 41 quia
522 1351 74 41 nos
565 1351 159 41 vnumquodque
681 1351 85 41 sensi-

258 1383 137 43 bilium
354 1383 82 43 ad
395 1383 205 43 vnumquodque
559 1383 191 43 comparando
696 1383 68 43 di-

260 1413 149 37 scernimus
374 1413 57 37 &
397 1413 149 37 sentimus,
512 1413 57 37 &
535 1413 138 37 sentimus
639 1413 92 37 quod
685 1413 80 37 diff-

256 1443 96 38 runt,
320 1443 117 38 necesse
406 1443 75 38 est
449 1443 107 38 vtique
523 1443 107 38 sensu.
598 1443 150 38 sensibilia
705 1443 64 38 enim

254 1474 114 33 sunt.
331 1474 89 33 vbi
381 1474 165 33 Commenta.
509 1474 114 33 dicit
585 1474 102 33 quod
636 1474 127 33 differen

257 1506 69 39 tia
296 1506 69 39 est
336 1506 147 39 sensibilis,
453 1506 78 39 quae
502 1506 69 39 est
542 1506 88 39 inter
600 1506 157 39 sensibilia,:
718 1506 49 39 li-

258 1538 90 32 cet
310 1538 103 32 enim
374 1538 193 32 intellectus
528 1538 116 32 etiam
593 1538 180 32 differentiam

264 1571 102 29 inter
332 1571 171 29 sensibilia.
468 1571 148 29 agnoscit,
582 1571 102 29 tamen
650 1571 68 29 in
673 1571 91 29 vniuer

251 1601 90 33 sali
307 1601 56 33 &
330 1601 79 33 non
375 1601 135 33 signate,
476 1601 56 33 &
499 1601 192 33 sensibilitet.
657 1601 90 33 vnde
702 1601 68 33 vide

256 1632 88 34 tur
307 1632 100 34 mihi
369 1632 176 34 relationem
507 1632 113 34 istam
583 1632 113 34 posse
646 1632 126 34 agnosci,

257 1661 62 36 a
281 1661 111 36 sensu
356 1661 149 36 communi,
467 1661 62 36 &
492 1661 87 36 non
541 1661 111 36 solum
616 1661 62 36 a
628 1661 136 36 cogitati-

254 1693 78 38 ua,
298 1693 67 38 vt
332 1693 111 38 aliqui
409 1693 155 38 voluerunt:
531 1693 111 38 aliter
609 1693 100 38 ratio
664 1693 100 38 Aristot

252 1725 72 37 in
288 1725 96 37 tex.
348 1725 96 37 146.
409 1725 84 37 non
457 1725 181 37 procederet,
601 1725 72 37 in
638 1725 84 37 qua
674 1725 84 37 demon

252 1754 117 34 strat
330 1754 157 34 virtutem
448 1754 131 34 sensus
539 1754 157 34 communis
657 1754 78 34 in
683 1754 91 34 eodem

253 1786 135 34 tempore
351 1786 196 34 indiuisibili
510 1786 208 34 apprehendere,
681 1786 61 34 &
694 1786 73 34 pro-

250 1816 109 36 ferre
322 1816 145 36 iudicium
431 1816 73 36 de
468 1816 157 36 diuersis,
589 1816 85 36 vel
625 1816 145 36 contrarijs

248 1850 163 41 sensibilibus.

286 1877 238 53 Sexagesimaquinta
488 1877 178 53 contradict.
631 1877 95 53 est.
690 1877 107 53 super

790 164 83 38 tex.
841 164 72 38 133
883 164 103 38 Arist.
955 164 62 38 in
986 164 72 38 hoc
1027 164 93 38 textu
1089 164 93 38 dicit
1151 164 83 38 quod
1193 164 103 38 deceptio

785 200 85 34 est
834 200 110 34 magis
907 200 134 34 propria
1004 200 183 34 animalibus.
1151 200 61 34 &
1175 200 73 34 in
1211 200 85 34 hoc
1248 200 61 34 plu

789 229 111 37 rimum
863 229 123 37 tempus
949 229 148 37 perficit
1060 229 123 37 anima.
1146 229 86 37 Sed
1183 229 123 37 vtrumque

795 262 121 37 videtur
883 262 110 37 falsum
960 262 99 37 esse.
1026 262 88 37 quia
1080 262 132 37 cognitio
1168 262 132 37 veritatis,

787 298 81 33 cum
834 298 81 33 sit
880 298 116 33 animae
961 298 162 33 perfectio,
1089 298 128 33 videtur
1182 298 93 33 esse
1228 298 81 33 magis

792 326 131 29 propria
887 326 131 29 animae.
983 326 143 29 Secundum
1090 326 107 29 etiam
1161 326 119 29 falsum
1233 326 71 29 esse

791 358 131 30 videtur,
889 358 87 30 quia
944 358 120 30 tempus.
1031 358 185 30 dispositionis
1172 358 131 30 naturalis,

790 384 59 34 &
814 384 130 34 praeter
908 384 130 34 naturam
1003 384 130 34 aequale
1098 384 95 34 esse
1157 384 83 34 non
1193 384 107 34 potest,

793 421 60 30 vt
823 421 90 30 patet
883 421 70 30 in.
923 421 60 30 2.
954 421 100 30 coeli.
1024 421 80 30 tex.
1074 421 80 30 com.
1124 421 70 30 36.
1164 421 70 30 vbi
1195 421 110 30 Commenta.

793 446 101 36 dicit
860 446 67 36 in
894 446 157 36 paraphrasi
1017 446 90 36 quod
1073 446 112 36 tempus
1151 446 146 36 sanitatis
1252 446 56 36 est

796 478 131 36 prolixus
894 478 120 36 tempore
982 478 186 36 aegritudinis.
1135 478 66 36 &.
1168 478 66 36 i.
1190 478 109 36 coelite.

788 509 89 37 com.
844 509 78 37 i3,
888 509 89 37 quae
944 509 123 37 praeter
1033 509 123 37 naturam
1123 509 100 37 sunt,
1178 509 123 37 citissime

795 538 185 33 corrumpuntur.
947 538 87 33 Nisi
1002 538 98 33 esset
1067 538 87 33 quod
1121 538 98 33 istud
1186 538 109 33 Arist.
1252 538 43 33 de

787 578 131 33 clarauit
885 578 120 33 quomodo
973 578 76 33 sit
1016 578 98 33 magis
1082 578 142 33 proprium,
1180 578 120 33 videlicet

786 604 71 39 ex
822 604 106 39 parte
893 604 154 39 temporis,
1011 604 83 39 non
1058 604 95 39 quia
1117 604 83 39 sit
1164 604 106 39 magis
1223 604 83 39 natu-

787 636 105 38 rale.
858 636 70 38 Et
893 636 117 38 quando
975 636 141 38 arguitur
1080 636 94 38 quod
1139 636 117 38 tempus
1221 636 82 38 non
1256 636 47 38 po

796 669 89 32 test
851 669 89 32 esse
907 669 122 32 aequale
995 669 188 32 dispositionis
1150 669 155 32 naturalis,
1272 669 55 32 &

787 696 127 39 praeter
880 696 139 39 naturam:
984 696 185 39 Respondetur,
1134 696 92 39 quod
1192 696 81 39 hoc
1226 696 81 39 locum

796 731 112 32 habet
870 731 75 32 in
907 731 249 32 dispositionibus,
1119 731 99 32 quae
1168 731 137 32 immediate

789 759 203 39 insequuntur
952 759 135 39 formam
1046 759 81 39 ab
1087 759 135 39 agente
1168 759 135 39 mediante

791 790 127 35 forma:
880 790 114 35 iuxta
956 790 127 35 illud,
1044 790 114 35 agens
1120 790 139 35 quantum
1221 790 89 35 dat
1259 790 51 35 de

792 819 124 40 forma,
878 819 124 40 tantum
965 819 87 40 dat
1015 819 74 40 de
1052 819 198 40 accidentibus
1201 819 99 40 conse-

793 852 174 37 quentibus
927 852 147 37 formam,
1034 852 161 37 mediante
1155 852 121 37 tamen
1222 852 80 37 for-

791 887 86 30 ma.
840 887 86 30 sed
889 887 147 30 cognitio
999 887 86 30 non
1048 887 110 30 datur
1121 887 73 30 ab
1158 887 122 30 agente
1232 887 73 30 dan-

792 917 76 30 te
830 917 139 30 animam,
931 917 88 30 sed
981 917 151 30 causatur
1095 917 76 30 ab
1133 917 139 30 obiecto
1233 917 63 30 &
1246 917 63 30 po-

793 946 113 32 tentia
872 946 181 32 cognoscente.
1019 946 57 32 &
1042 946 102 32 licet
1110 946 102 32 anima
1178 946 102 32 pluri
1234 946 68 32 ten-

802 977 92 42 pore
859 977 137 42 versetur
962 977 69 42 in
996 977 172 42 ignorantia,
1133 977 92 42 quam
1191 977 69 42 in
1213 977 92 42 scien-

795 1014 98 34 tia,
856 1014 122 34 tempus
942 1014 110 34 tamen
1015 1014 110 34 illud
1089 1014 110 34 breue
1150 1014 159 34 eligibilius

793 1037 96 37 est,
853 1037 84 37 quo
901 1037 143 37 versatur
1008 1037 72 37 in
1044 1037 155 37 scientia,
1164 1037 96 37 quam
1211 1037 96 37 tempus

795 1070 140 39 prolixum
900 1070 70 39 in
935 1070 81 39 quo
981 1070 140 39 versatur
1086 1070 70 39 in
1121 1070 174 39 ignorantia,
1249 1070 58 39 si-

793 1108 86 30 cut
842 1108 196 30 praeponendum
1001 1108 86 30 est
1050 1108 122 30 tempus
1136 1108 110 30 brene
1209 1108 73 30 in
1234 1108 73 30 foe-

792 1132 160 37 licitate,
915 1132 98 37 quam
976 1132 148 37 prolixum
1087 1132 74 37 in
1124 1132 148 37 miseria,
1234 1132 61 37 &
1247 1132 61 37 ita

797 1163 119 31 adliuc
881 1163 84 31 non
928 1163 84 31 est
976 1163 167 31 aqualitas,
1107 1163 72 31 si
1143 1163 95 31 bene
1191 1163 119 31 consyde-

791 1193 101 42 ras.
854 1193 151 42 proprium
967 1193 126 42 igitur
1056 1193 88 42 hic
1106 1193 151 42 sumitur,
1219 1193 88 42 quo
1257 1193 50 42 ad

789 1226 145 39 quando,
894 1226 66 39 &
921 1226 92 39 non
974 1226 145 39 aliter.
1079 1226 92 39 nam
1132 1226 132 39 multis
1212 1226 92 39 modis

793 1260 131 38 proprium
892 1260 131 38 dicitur,
990 1260 66 38 vt
1023 1260 99 38 patet
1089 1260 77 38 in.
1132 1260 66 38 4.
1154 1260 77 38 topi.

828 1284 203 38 exagesimasexta
997 1284 146 38 contradi.
1109 1284 79 38 est
1155 1284 68 38 in
1188 1284 90 38 com.
1233 1284 68 38 133.

790 1316 112 38 Dicit
864 1316 149 38 virtutem
976 1316 199 38 imaginatiuam
1138 1316 162 38 distingui
1250 1316 50 38 ab

792 1352 97 34 aliis
857 1352 162 34 virtutibus.
987 1352 65 34 In
1020 1352 76 34 com
1063 1352 76 34 10.
1106 1352 97 34 huius
1171 1352 119 34 secundi
1247 1352 54 34 di-

787 1380 79 38 cit
832 1380 158 38 oppositum.
956 1380 147 38 Soluitur.
1070 1380 79 38 hic
1115 1380 136 38 loquitur
1217 1380 68 38 de
1239 1380 57 38 per

788 1412 107 38 fecta
860 1412 191 38 imaginatiua,
1015 1412 95 38 quae
1074 1412 84 38 est
1122 1412 72 38 in
1146 1412 155 38 determinata

787 1442 106 41 parte
858 1442 154 41 corporis,
976 1442 59 41 &
1000 1442 95 41 quae
1059 1442 83 41 est
1106 1442 83 41 non
1153 1442 106 41 solum
1212 1442 95 41 respe-

795 1473 79 35 ctu
840 1473 158 35 praesentis
964 1473 136 35 obiecti,
1066 1473 102 35 verum
1134 1473 102 35 etiam
1190 1473 113 35 respectu

786 1506 161 43 absentis.
910 1506 87 43 sed
959 1506 87 43 ibi
1009 1506 149 43 loquitur
1121 1506 74 43 de
1146 1506 161 43 imaginatiua

793 1539 178 31 imperfecta,
935 1539 95 31 quae
995 1539 107 31 solum
1066 1539 71 31 in
1101 1539 178 31 imperfectis
1232 1539 71 31 ani-

791 1570 147 32 malibus,
901 1570 61 32 &
926 1570 110 32 solum
999 1570 110 32 circa
1073 1570 172 32 praesentia
1196 1570 110 32 obiecta

794 1602 103 40 actum
862 1602 115 40 habet,
943 1602 92 40 quae
1000 1602 172 40 disseminata
1137 1602 80 40 est
1183 1602 80 40 per
1218 1602 80 40 totum

783 1631 152 43 animalis
885 1631 114 43 corpus.

816 1661 251 40 Sexagesimaseptima
1031 1661 179 40 contradict.
1175 1661 84 40 est
1210 1661 108 40 ibidem.

782 1692 115 38 Dicit
859 1692 204 38 imaginatiuam
1025 1692 153 38 differre
1139 1692 77 38 ab
1165 1692 153 38 intellectu

790 1726 63 32 &
815 1726 163 32 consilio,
940 1726 100 32 quia
1002 1726 175 32 imaginamur
1140 1726 88 32 dum
1177 1726 125 32 volumus.

787 1755 77 35 Sed
831 1755 88 35 fuit
886 1755 155 35 oppositum,
1008 1755 88 35 quod
1063 1755 77 35 hoc
1107 1755 77 35 est
1151 1755 110 35 nihil,
1229 1755 88 35 quia
1273 1755 33 35 a

785 1787 101 33 pari
848 1787 202 33 intelligimus
1012 1787 88 33 cum
1063 1787 151 33 volumus.
1163 1787 139 33 Soluitur.

792 1820 100 31 bene
855 1820 201 31 intelligimus
1018 1820 88 31 dum
1069 1820 163 31 ivolumus,
1194 1820 88 31 sed
1244 1820 88 31 non

789 1848 198 33 intelligimus
949 1848 111 33 verum
1024 1848 87 33 cum
1073 1848 148 33 volumus,
1184 1848 111 33 sicut
1246 1848 62 33 est

790 1878 77 45 de
829 1878 115 45 sensu
906 1878 64 45 &
918 1878 180 45 imaginatiua.
