1416 2066
154 172 93 42 lo
201 172 124 42 est:
279 172 140 42 sicut
372 172 155 42 oculi.
481 172 140 42 aliis
574 172 124 42 vero
652 172 140 42 aerem
745 172 264 42 recipientibus
962 172 155 42 habere
1056 172 155 42 cooperi-

173 219 181 40 mentum,
304 219 132 40 quod
386 219 280 40 respirantibus
617 219 296 40 discooperitur,
864 219 214 40 ampliatis
1028 219 148 40 venis
1127 219 82 40 &
1143 219 66 40 po

168 260 131 47 ris.
250 260 82 47 &
282 260 181 47 propter
414 260 115 47 hoc
479 260 246 47 respirantia
676 260 115 47 non
742 260 181 47 odorant
873 260 98 47 in
923 260 148 47 aqua.
1005 260 213 47 necessarium

177 300 129 47 enim
258 300 113 47 est
322 300 162 47 odorem
435 300 129 47 pati
516 300 259 47 respirantia:
726 300 113 47 hoc
791 300 145 47 autem
888 300 162 47 facere
1001 300 97 47 in
1049 300 162 47 humido
1146 300 65 47 im

170 343 232 52 possibile.
353 343 116 52 est
419 343 149 52 autem
518 343 133 52 odor
601 343 149 52 ficci
700 343 149 52 sicut
800 343 149 52 humor
899 343 182 52 humidi.
1015 343 199 52 odoratiuum

169 387 149 57 autem
269 387 232 57 sensitiuum
451 387 199 57 potentia
600 387 215 57 huiusmodi
749 387 99 57 est.

217 428 171 47 Videtur
342 428 140 47 autem
435 428 93 47 in
481 428 202 47 hominibus
637 428 186 47 differre
776 428 109 47 hoc
838 428 248 47 instrumentum
1040 428 78 47 a
1056 428 155 47 caetero-

172 484 107 54 rum
233 484 198 54 animalium
385 484 260 54 instrumentis:
599 484 92 54 ut
645 484 137 54 oculi
737 484 92 54 ab
782 484 153 54 oculis
889 484 137 54 eorum
981 484 122 54 quae
1057 484 137 54 duros
1134 484 76 54 eos

163 523 173 55 habent:
289 523 110 55 nam
352 523 126 55 illi
431 523 158 55 quidem
542 523 158 55 habent
652 523 158 55 septum
762 523 79 55 &
794 523 158 55 ueluti
904 523 205 55 utriculum
1046 523 158 55 quendam,

168 581 188 54 palpebras:
315 581 108 54 quas
383 581 108 54 nisi
450 581 148 54 moueat,
557 581 121 54 atque
638 581 175 54 attollat,
772 581 94 54 non
826 581 134 54 uidet,
920 581 108 54 quae
987 581 108 54 uero
1055 581 121 54 duris
1122 581 94 54 sunt,

169 618 151 49 oculis,
279 618 123 49 nihil
361 618 137 49 habent
457 618 178 49 eiusmodi:
594 618 96 49 sed
649 618 137 49 illico
744 618 137 49 uident
840 618 110 49 quae
909 618 123 49 siunt
991 618 82 49 in
1018 618 192 49 translucido.

170 668 101 55 sic
227 668 130 55 esiam
314 668 202 55 odoratiuum
473 668 202 55 sensorium:
632 668 130 55 aliis
718 668 115 55 sine
790 668 173 55 operculo
920 668 115 55 esse
992 668 173 55 apparet,
1108 668 101 55 sicut

171 716 116 70 ille
243 716 159 70 oculus:
359 716 87 70 in
402 716 101 70 iis
460 716 130 70 autem
547 716 116 70 quae
619 716 188 70 recipiunt
764 716 130 70 aerem
851 716 145 70 adesse
952 716 159 70 uidetur
1054 716 159 70 operimen-

164 763 120 48 tum,
239 763 135 48 idque
329 763 105 48 rum
389 763 180 48 spiritum
523 763 180 48 hauriunt
658 763 180 48 aperiri,
793 763 195 48 dilatatis
943 763 165 48 uenulis
1062 763 90 48 ac
1092 763 120 48 meati-

171 812 119 48 bus.
245 812 193 48 Quamobrem
394 812 119 48 quae
469 812 164 48 spirant
587 812 89 48 in
632 812 149 48 humido
736 812 104 48 non
796 812 208 48 olfaciunt:
959 812 164 48 necesse
1078 812 119 48 enim
1138 812 74 48 est

167 859 176 64 spiritum
300 859 162 64 ducendo
417 859 206 64 olfaciant:
579 859 118 64 quod
652 859 88 64 in
697 859 147 64 humido
799 859 132 64 fieri
888 859 103 64 non
946 859 162 64 potest.
1064 859 103 64 Est
1108 859 103 64 autem

176 908 111 63 odor
246 908 139 63 sicci,
343 908 84 63 ut
385 908 125 63 sapor
469 908 153 63 humidi:
580 908 195 63 odoratiuum
733 908 111 63 uero
803 908 181 63 sensorium
942 908 98 63 est
998 908 111 63 tale
1054 908 139 63 potetia.

212 978 153 49 Videtur
323 978 139 49 igitur
420 978 111 49 quod
490 978 111 49 iste
559 978 139 49 sensus
656 978 83 49 in
698 978 180 49 hominibus
836 978 153 49 differt
947 978 69 49 a
975 978 83 49 se
1017 978 83 49 in
1058 978 125 49 aliis
1128 978 83 49 ani-

164 1021 174 46 malibus,
294 1021 130 46 sicut
381 1021 130 46 oculi
468 1021 188 46 differunt
612 1021 87 46 ab
656 1021 145 46 oculis
757 1021 174 46 animalis
887 1021 116 46 duri
960 1021 145 46 oculi.
1061 1021 116 46 Isti
1119 1021 87 46 enim

169 1063 144 44 habent
270 1063 231 44 coopertoria,
457 1063 173 44 scilicet
587 1063 202 44 palpebras,
746 1063 115 44 quae
818 1063 101 44 cum
876 1063 101 44 non
934 1063 217 44 aperiuntur,
1107 1063 101 44 non
1150 1063 58 44 vi

172 1106 110 49 det
235 1106 142 49 homo.
330 1106 189 49 animalia
472 1106 142 49 autem
566 1106 126 49 duri
645 1106 142 49 oculi
740 1106 110 49 non
803 1106 158 49 habent
913 1106 173 49 aliquod
1040 1106 142 49 tale:
1134 1106 110 49 sed

175 1147 155 56 vident
283 1147 155 56 subito
391 1147 155 56 illud,
499 1147 124 56 quod
577 1147 108 56 fit
639 1147 93 56 in
685 1147 201 56 diaphano.
840 1147 93 56 Et
886 1147 108 56 sic
948 1147 170 56 videtur
1072 1147 124 56 quod
1134 1147 77 56 est

164 1196 141 47 sensus
262 1196 169 47 olfactus
389 1196 127 47 etiam
473 1196 169 47 scilicet
600 1196 113 47 quod
670 1196 84 47 in
713 1196 183 47 quibusdam
853 1196 197 47 animalibus
1008 1196 98 47 est
1064 1196 98 47 non
1107 1196 98 47 coop-

166 1233 128 43 tus,
246 1233 96 43 vt
294 1233 177 43 oculus.
423 1233 96 43 in
471 1233 225 43 animalibus
647 1233 128 43 vero
728 1233 273 43 recipientibus
952 1233 144 43 aerem
1049 1233 144 43 habet
1129 1233 80 43 coo

173 1276 227 48 pertorium.
351 1276 97 48 &,
400 1276 114 48 cum
465 1276 130 48 ista
546 1276 195 48 animalia
692 1276 227 48 inspirant,
871 1276 227 48 ampliantur
1050 1276 162 48 venae,
1163 1276 81 48 &

155 1323 134 40 viae,
245 1323 75 40 &
275 1323 149 40 aufert
379 1323 149 40 illud.
484 1323 90 40 Et
529 1323 120 40 ideo
603 1323 105 40 ea,
663 1323 120 40 quae
738 1323 194 40 anhelant,
887 1323 105 40 non
947 1323 194 40 olfaciunt
1096 1323 90 40 in
1126 1323 75 40 hu-

161 1362 143 49 mido.
257 1362 223 49 inspiratio
432 1362 127 49 enim
511 1362 223 49 necessaria
687 1362 111 49 est
750 1362 96 49 in
798 1362 191 49 olfactu.
941 1362 127 49 vnde
1005 1362 207 49 impossibile

173 1403 107 48 est
234 1403 107 48 hoc
295 1403 152 48 facere
401 1403 91 48 in
447 1403 167 48 humido.
569 1403 91 48 Et
614 1403 122 48 odor
690 1403 107 48 est
751 1403 152 48 sicci,
858 1403 137 48 sicut
949 1403 137 48 sapor
1041 1403 167 48 humidi.
1147 1403 61 48 Et

171 1445 188 46 olfaciens
315 1445 101 46 est
373 1445 145 46 illud,
475 1445 116 46 quod
547 1445 101 46 est
605 1445 87 46 in
649 1445 174 46 potentia
779 1445 145 46 istius
866 1445 232 46 dispositionis.

201 1500 103 39 Cum
260 1500 207 39 declaratum
423 1500 103 39 est
482 1500 118 39 quod
556 1500 192 39 animalium
704 1500 163 39 quaedam
822 1500 177 39 sentiunt
955 1500 148 39 odorem
1058 1500 118 39 sine
1132 1500 103 39 in

171 1535 195 60 spiratione,
327 1535 65 60 &
353 1535 143 60 quaedam
458 1535 91 60 cum
510 1535 221 60 inspitatione,
692 1535 117 60 visum
770 1535 91 60 est
822 1535 104 60 quod
887 1535 91 60 cam
939 1535 78 60 in
979 1535 91 60 hoc
1031 1535 91 60 est
1083 1535 104 60 quod
1135 1535 78 60 iste

163 1578 145 40 sensus
265 1578 87 40 in
309 1578 204 40 hominibus,
469 1578 73 40 &
498 1578 87 40 in
542 1578 204 40 animalibus
702 1578 233 40 anhelantibus
891 1578 189 40 differunt
1036 1578 87 40 in
1066 1578 145 40 creatio-

162 1612 105 56 ne,
222 1612 75 56 &
252 1612 90 56 in
297 1612 135 56 forma
386 1612 75 56 a
416 1612 90 56 se
461 1612 90 56 in
506 1612 135 56 aliis
596 1612 209 56 animalibus
760 1612 105 56 non
820 1612 254 56 anhelantibus.
1015 1612 194 56 Quemadmodum

176 1653 109 45 enim
245 1653 123 45 oculi
326 1653 82 45 in
367 1653 150 45 homine,
476 1653 68 45 &
504 1653 82 45 in
545 1653 123 45 aliis
626 1653 177 45 differunt
763 1653 82 45 in
804 1653 177 45 creatione
940 1653 82 45 ab
981 1653 136 45 oculis
1063 1653 150 45 animalium

171 1691 104 47 duri
236 1691 117 47 oculi
314 1691 156 47 scilicet
431 1691 169 47 carentium
561 1691 182 47 palpebris.
703 1691 91 47 Et,
755 1691 91 47 cum
807 1691 156 47 narrauit
924 1691 260 47 consimilitudinem
1145 1691 91 47 in

162 1733 98 37 ter
218 1733 84 37 ea
260 1733 84 37 in
302 1733 98 37 hac
357 1733 209 37 intentione,
525 1733 126 37 dedit
608 1733 126 37 modum
692 1733 293 37 consimilitudinis,
943 1733 70 37 &
971 1733 139 37 dixit.
1069 1733 112 37 Isti
1124 1733 84 37 enim

163 1771 136 39 habent
259 1771 218 39 coopertoria,
436 1771 95 39 &c.
490 1771 82 39 i.
531 1771 68 39 &
558 1771 122 39 sicut
640 1771 122 39 oculi
721 1771 82 39 in
762 1771 150 39 homine,
871 1771 68 39 &
898 1771 82 39 in
939 1771 122 39 aliis
1021 1771 136 39 habent
1102 1771 109 39 palpe-

169 1802 129 57 bras,
255 1802 143 57 quibus
355 1802 243 57 cooperiuntur:
555 1802 72 57 &
584 1802 100 57 est
641 1802 215 57 impossibile
813 1802 86 57 vt
856 1802 115 57 homo
928 1802 143 57 videat
1028 1802 172 57 quousque
1142 1802 72 57 non

164 1849 158 51 aperiat
279 1849 201 51 palpebras:
437 1849 72 51 &
466 1849 86 51 in
509 1849 201 51 animalibus
667 1849 115 51 duri
739 1849 130 51 oculi
826 1849 101 51 non
883 1849 144 51 habent
984 1849 201 51 palpebras,
1142 1849 101 51 sed
