1416 2066
162 165 155 45 abstracta
281 165 60 45 a
305 165 107 45 forma
377 165 84 45 non
425 165 84 45 est
472 165 155 45 naturalis
580 165 95 45 consy-

163 205 164 37 derationis,
294 205 65 37 vt
327 205 98 37 alias
392 205 153 37 declaraui.
512 205 87 37 quia
567 205 98 37 omnis
621 205 55 37 com

160 237 112 33 ceptus
238 237 123 33 habitus
328 237 67 33 de
361 237 123 33 materia
451 237 56 33 a
473 237 146 33 naturali,
585 237 78 33 est
619 237 56 33 re-

164 267 141 31 latiuus:
270 267 59 31 &
294 267 94 31 ideo
353 267 106 31 nullo
424 267 106 31 pacto
494 267 153 31 Naturalis
600 267 83 31 defi-

157 296 91 35 nit
209 296 91 35 per
261 296 117 35 solam
339 296 169 35 materiam.
468 296 117 35 esset
546 296 104 35 enim
598 296 78 35 vana

162 330 91 33 ista
218 330 159 33 definitio,
343 330 79 33 cum
388 330 68 33 ex
422 330 68 33 ea
457 330 79 33 non
502 330 113 33 posset
570 330 102 33 conclu-

160 358 72 35 di
196 358 131 35 aliquod
291 358 143 35 accidens
399 358 155 35 proprium.
518 358 72 35 Et
542 358 131 35 consydera

161 391 162 35 subtiliter
288 391 92 35 hic.
346 391 58 35 &
369 391 81 35 hic
415 391 104 35 siste
485 391 127 35 gradum.
577 391 104 35 quia,
635 391 46 35 si

159 421 170 37 quaeratur
289 421 104 37 quid
355 421 170 37 prohibet,
485 421 78 37 vt
511 421 170 37 quemadmodum

161 453 186 37 Dialecticus
309 453 161 37 definiens
433 453 87 37 per
482 453 136 37 formam,
581 453 87 37 non
619 453 50 37 de

159 485 97 37 finit
224 485 75 37 per
267 485 86 37 eam,
321 485 65 37 vt
353 485 75 37 est
396 485 97 37 causa
461 485 140 37 alicuius,
568 485 75 37 nec
611 485 65 37 vt
633 485 43 37 ha

159 515 86 32 bet
208 515 123 32 causam
294 515 86 32 sui
343 515 98 32 esse
404 515 74 32 in
441 515 147 32 materia,
551 515 86 32 sed
588 515 86 32 solum

162 546 75 32 vt
200 546 88 32 est
250 546 88 32 res
301 546 151 32 quaedam,
413 546 113 32 eodem
489 546 100 32 modo
552 546 113 32 etiam
614 546 63 32 non

163 577 146 34 definire
273 577 110 34 queat
346 577 85 34 per
395 577 110 34 solam
468 577 159 34 materiam,
590 577 85 34 non
626 577 49 34 vt

162 609 84 33 est
210 609 120 33 causa,
294 609 84 33 nec
343 609 120 33 causam
427 609 133 33 habens,
523 609 133 33 propter
608 609 72 33 quam

163 637 75 35 sit
206 637 75 35 sub
249 637 86 35 tali
303 637 107 35 forma,
378 637 75 35 sed
421 637 107 35 potius
496 637 64 35 vt
528 637 75 35 est
571 637 75 35 res
603 637 75 35 quae-

159 671 104 35 dam.
224 671 91 35 non
276 671 104 35 enim
340 671 91 35 per
392 671 117 35 vitam
470 671 104 35 meam
535 671 142 35 videtur
625 671 52 35 es

160 702 71 32 se
196 702 106 32 ratio
266 702 188 32 diuersitatis
419 702 71 32 in
454 702 82 32 hoc
501 702 106 32 inter
560 702 118 32 materiam

160 732 60 31 &
184 732 132 31 formam.
280 732 96 31 quia
340 732 180 31 dialecticus
483 732 108 31 circa
555 732 108 31 totum
615 732 60 31 ens

167 761 161 44 simpliciter
296 761 118 44 versari
382 761 108 44 potest
458 761 75 44 ex.
501 761 65 44 4.
533 761 108 44 primae
598 761 75 44 philo

159 794 139 33 sophiae.
264 794 58 33 &
287 794 81 33 est
333 794 116 33 dubium
414 794 104 33 satis
484 794 116 33 ardum,
565 794 104 33 sicut
623 794 58 33 vi-

159 825 88 33 des.
214 825 88 33 Nisi
269 825 99 33 esset
335 825 88 33 quod
390 825 88 33 ideo
446 825 154 33 Philosophi
567 825 99 33 genus
622 825 55 33 de-

158 855 172 33 finiendi
287 855 100 33 per
344 855 143 33 formam
430 855 244 33 appropriauerunt

160 886 194 36 Dialectico,
315 886 103 36 quia
380 886 116 36 causa
457 886 207 36 communitatis
612 886 65 36 est

157 917 128 36 forma,
247 917 64 36 &
272 917 192 36 Dialecticus
426 917 77 36 ex
464 917 179 36 communibus
592 917 90 36 disse

166 951 81 40 rit.
217 951 61 40 Et
247 951 81 40 ideo
298 951 153 40 animaduerte
420 951 81 40 quod
471 951 132 40 definitio
573 951 71 40 per
604 951 71 40 solam

159 980 136 31 materiam
261 980 125 31 nullius
352 980 148 31 artificis
465 980 79 31 est
511 980 170 31 scientifice
636 980 45 31 de

158 1010 162 43 finientis,
286 1010 104 43 neque
355 1010 93 43 esse
413 1010 127 43 poterit
505 1010 150 43 artificis
610 1010 69 43 com-

158 1042 110 32 munis
231 1042 86 32 per
280 1042 147 32 communia
390 1042 196 32 disserentis.
549 1042 98 32 quia
598 1042 73 32 com.

163 1073 136 31 munitas
261 1073 86 31 non
311 1073 86 31 est
360 1073 62 31 a
385 1073 148 31 materia,
496 1073 74 31 vt
533 1073 136 31 materia
619 1073 62 31 di-

163 1103 172 35 stinguitur
298 1103 123 35 contra
384 1103 123 35 formam
471 1103 86 35 sua
508 1103 172 35 proprietate,

162 1141 101 31 nisi
226 1141 139 31 subiret
327 1141 114 31 modum
402 1141 139 31 formae,
503 1141 63 31 &
529 1141 88 31 sub
566 1141 114 31 ratione

160 1167 200 40 communitatis,
325 1167 82 40 sed
372 1167 82 40 hoc
419 1167 82 40 non
466 1167 94 40 erit
525 1167 141 40 ratione,
619 1167 59 40 qua

160 1202 140 34 materia.
266 1202 70 34 Et
301 1202 94 34 ideo
359 1202 129 34 videtur
453 1202 94 34 mihi
511 1202 94 34 sine
558 1202 117 34 praeiudi

167 1229 75 30 cio
210 1229 129 30 melioris
307 1229 161 30 sententiae,
435 1229 86 30 quod
489 1229 161 30 Dialecticus
607 1229 75 30 vtrun

167 1259 80 39 que
212 1259 114 39 potest
292 1259 149 39 efficere,
407 1259 57 39 &
430 1259 69 39 vt
464 1259 137 39 definiat
567 1259 80 39 per
601 1259 80 39 solam

161 1291 135 37 formam,
259 1291 61 37 &
284 1291 86 37 per
333 1291 111 37 solam
407 1291 160 37 materiam,
529 1291 74 37 vt
554 1291 123 37 vtrumque

159 1325 204 29 consyderatur,
327 1325 72 29 vt
363 1325 84 29 est
411 1325 84 29 res
458 1325 144 29 quaedam,
566 1325 96 29 quia
614 1325 60 29 non

171 1356 116 29 video,
253 1356 105 29 quare
323 1356 81 29 hoc
369 1356 81 29 non
416 1356 116 29 possit
497 1356 151 29 efficere.
602 1356 81 29 tamen

161 1386 127 32 semper
250 1386 102 32 ista
314 1386 203 32 consyderatio
479 1386 102 32 erit
543 1386 89 32 per
581 1386 89 32 commu

162 1420 99 31 nia.
224 1420 62 31 &
249 1420 99 31 quia
311 1420 174 31 communitas
447 1420 87 31 est
497 1420 62 31 a
522 1420 124 31 forma,
596 1420 75 31 ideo

161 1444 134 38 materia
258 1444 97 38 illo
319 1444 97 38 modo
380 1444 122 38 posita
465 1444 73 38 in
502 1444 170 38 dialectica
623 1444 49 38 de

160 1476 160 34 finitione
283 1476 136 34 habebit
382 1476 111 34 modum
456 1476 136 34 formae,
555 1476 99 34 quia
616 1476 86 34 non

166 1511 195 34 consyderatur
324 1511 85 34 sub
373 1511 134 34 ratione
470 1511 146 34 proptia,
580 1511 85 34 sed
616 1511 61 34 sub

161 1540 140 38 ratione
263 1540 153 38 communi.
377 1540 114 38 Tamen
454 1540 191 38 animaduerte
594 1540 76 38 quod

163 1568 63 35 vt
194 1568 94 35 dicit
257 1568 105 35 Arist.
330 1568 63 35 in
361 1568 63 35 2.
393 1568 84 35 phy.
445 1568 63 35 in
476 1568 94 35 fine.
529 1568 146 35 definitiones

161 1603 113 31 omnes
236 1603 163 31 naturales
361 1603 125 31 dantur
448 1603 88 31 per
498 1603 163 31 materiam,
611 1603 63 31 vel

167 1632 180 39 apparenter,
311 1632 84 39 vel
359 1632 192 39 consecutiue,
514 1632 84 39 ita
562 1632 108 39 etiam
622 1632 48 39 om

167 1664 85 34 nes
215 1664 194 34 definitiones
373 1664 157 34 naturales
494 1664 121 34 habent
566 1664 109 34 formam,

167 1693 83 36 vel
214 1693 177 36 apparenter,
356 1693 83 36 vel
403 1693 189 36 consecutiue.
556 1693 94 36 Vnde
603 1693 71 36 illa

164 1724 81 39 irae
215 1724 132 39 dehinitio
316 1724 132 39 naturalis
417 1724 81 39 est,
468 1724 81 39 quae
519 1724 91 39 dicit
580 1724 81 39 iram
620 1724 61 39 esse

157 1756 189 31 accensionem
309 1756 164 31 sanguinis
435 1756 114 31 circa
511 1756 101 31 cor:
574 1756 88 31 sed
612 1756 63 31 non

167 1782 85 37 est
215 1782 97 37 data
276 1782 85 37 per
325 1782 109 37 solam
398 1782 158 37 materiam,
519 1782 73 37 vt
556 1782 73 37 tu
580 1782 97 37 finge-

163 1816 75 34 bas
206 1816 65 34 in
239 1816 151 34 argumento,
357 1816 97 34 quia,
422 1816 65 34 vt
454 1816 97 34 dicit
519 1816 65 34 in
551 1816 86 34 tex.
605 1816 75 34 ita
648 1816 54 34 &

156 1850 199 32 vniuersaliter
320 1850 117 32 opera,
402 1850 58 32 &
425 1850 152 32 passiones
542 1850 117 32 animae
612 1850 70 32 sunt

159 1879 102 35 talis
227 1879 148 35 corporis,
341 1879 57 35 &
363 1879 102 35 talis
432 1879 125 35 animae.
523 1879 80 35 non
568 1879 91 35 enim
614 1879 68 35 sunt

694 172 162 39 cuiuslibet
822 172 151 39 corporis,
938 172 81 39 sed
984 172 139 39 corporis
1089 172 128 39 physici
1170 172 46 39 po

696 205 127 37 tentia
785 205 114 37 vitam
862 205 165 37 habentis,
989 205 64 37 &
1014 205 89 37 hoc
1065 205 89 37 est
1103 205 102 37 anima-

699 239 80 28 tum
744 239 126 28 corpus.
836 239 92 28 vnde
893 239 126 28 sanguis
985 239 80 28 est
1031 239 92 28 pars
1077 239 126 28 similaris

700 268 133 30 corporis
800 268 133 30 animati,
899 268 66 30 vt
932 268 122 30 dicitur
1021 268 77 30 in.
1065 268 66 30 2.
1098 268 66 30 de
1120 268 89 30 parti-

695 296 80 33 bus
740 296 159 33 animalium.
865 296 91 33 cap.
922 296 68 33 2.
956 296 80 33 cor
1001 296 80 33 est
1047 296 91 33 pars
1092 296 114 33 dissimi-

698 328 96 34 sari.
762 328 74 34 non
805 328 85 34 enim
858 328 117 34 sanguis
943 328 138 34 extractus
1049 328 53 34 a
1071 328 85 34 vena
1113 328 96 34 dicitu-

695 359 105 32 citur
765 359 140 32 sanguis,
870 359 81 32 nec
916 359 81 32 cor
963 359 70 32 in
998 359 140 32 cadauere
1091 359 116 32 existens

691 392 121 35 dicitur
779 392 77 35 cor
823 392 88 35 ecce
877 392 110 35 igitur
954 392 88 35 quod
1009 392 121 35 apparet
1085 392 121 35 consecuti

696 422 64 31 ue
728 422 96 31 forma
792 422 64 31 in
824 422 85 31 illa
877 422 170 31 definitione.
1016 422 85 31 Sed,
1069 422 64 31 si
1101 422 85 31 quis
1154 422 74 31 in

692 452 178 38 terrogetur
832 452 115 38 vtrum
909 452 178 38 imaginando
1049 452 115 38 istam
1112 452 102 38 defini

695 484 128 31 tionem
785 484 102 31 irae
849 484 90 31 per
900 484 179 31 sanguinem,
1041 484 64 31 &
1066 484 90 31 cor
1105 484 102 31 datam.

695 514 81 33 non
742 514 69 33 vt
776 514 127 33 sanguis
868 514 81 33 est
914 514 92 33 vere
972 514 138 33 sanguis,
1076 514 58 33 &
1099 514 81 33 cor
1133 514 81 33 verum

697 549 93 29 cor,
756 549 82 29 sed
802 549 70 29 vt
837 549 93 29 sunt
896 549 175 29 substantiae
1036 549 128 29 quaedam
1118 549 93 29 corpo-

695 579 93 31 reae
754 579 151 31 absolute,
870 579 81 31 non
916 579 70 31 in
951 579 116 31 ordine
1033 579 70 31 ad
1067 579 116 31 corpus
1137 579 70 31 ani-

699 608 120 35 matum,
783 608 108 35 cuius
855 608 96 35 sunt
915 608 132 35 partes,
1011 608 84 35 non
1059 608 84 35 est
1095 608 108 35 dubiuam

698 644 80 35 quod
748 644 80 35 illa
798 644 131 35 definitio
899 644 110 35 taliter
979 644 151 35 consyderata
1100 644 90 35 esset
1160 644 70 35 per

695 671 163 35 communia,
820 671 63 35 &
845 671 188 35 dialectica,
995 671 63 35 &
1020 671 100 35 vana
1082 671 75 35 ex
1107 671 100 35 conse-

692 710 148 31 quenti.
799 710 161 31 Oquantum
920 710 134 31 placet
1014 710 107 31 mihi
1081 710 94 31 per
1121 710 94 31 vitam

693 732 106 31 meam.
764 732 82 31 Deo
811 732 94 31 laus
870 732 177 31 illustranti
1011 732 188 31 intellectum.
1152 732 59 31 di-

697 762 113 39 citur
772 762 113 39 etiam
847 762 150 39 Physicus
959 762 150 39 materiam
1059 762 150 39 consydera-

695 794 86 32 re,
744 794 98 32 quia
805 794 110 32 omnem
878 794 122 32 causam
964 794 171 32 consyderat
1087 794 122 32 secundum

696 824 109 34 esse,
769 824 97 34 quod
829 824 109 34 habet
902 824 73 34 in
938 824 145 34 materia.
1047 824 73 34 Vn
1084 824 73 34 de
1108 824 97 34 causam

689 858 158 33 mouentem
807 858 198 33 consyderat,
966 858 79 33 vt
1005 858 119 33 mouet
1071 858 132 33 materiam

696 885 77 37 ad
735 885 128 37 formam
824 885 154 37 secundum
939 885 115 37 esse,
1016 885 102 37 quod
1080 885 115 37 habet
1157 885 77 37 in

690 922 144 33 materia:
798 922 60 33 &
822 922 120 33 finem,
906 922 144 33 secundum
1014 922 96 33 quod
1074 922 84 33 est
1110 922 96 33 termi-

690 949 91 36 nus
742 949 130 36 motus,
833 949 91 36 per
885 949 104 36 quem
950 949 143 36 mouetur
1055 949 156 36 materia,
1172 949 65 36 &

692 981 168 30 materiam
818 981 168 30 secundum
944 981 112 30 quod
1014 981 98 30 est
1056 981 154 30 subiectum

692 1012 109 29 formae
768 1012 131 29 secundum
867 1012 98 29 esse,
932 1012 87 29 quod
987 1012 98 29 habet
1052 1012 98 29 forma
1118 1012 65 29 in
1140 1012 65 29 mate

694 1039 94 35 ria,
753 1039 70 35 vt
788 1039 105 35 dicit
858 1039 140 35 Albertus
963 1039 70 35 in
998 1039 187 35 digressione.
1139 1039 70 35 vnde

701 1073 159 33 Commenta.
823 1073 73 33 2.
859 1073 146 33 physico.
969 1073 73 33 in
1006 1073 85 33 quo
1054 1073 85 33 est
1091 1073 122 33 materia.

694 1104 102 34 sunt
758 1104 115 34 omnes
822 1104 102 34 causae

726 1133 116 37 Quinta
807 1133 139 37 contradi
911 1133 81 37 est
958 1133 104 37 super
1027 1133 92 37 eod.
1085 1133 92 37 tex.
1131 1133 81 37 Aris.

697 1165 63 38 &
722 1165 113 38 Auer.
797 1165 125 38 dicunt
884 1165 150 38 Physicum
997 1165 150 38 definire
1109 1165 88 38 per
1147 1165 63 38 ma-

698 1204 134 30 teriam.
795 1204 85 30 Sed
844 1204 110 30 huius
917 1204 159 30 oppositum
1039 1204 134 30 scribit
1125 1204 85 30 Them.

697 1226 66 33 in.
734 1226 56 33 2.
762 1226 75 33 phy.
809 1226 75 33 tex.
856 1226 75 33 com.
903 1226 56 33 2.
931 1226 56 33 I.
959 1226 66 33 vbi
996 1226 84 33 dicit
1053 1226 75 33 quod
1090 1226 122 33 definiturus

698 1261 92 29 rem
751 1261 171 29 naturalem
882 1261 79 29 in
922 1261 237 29 definitionibus
1107 1261 105 29 vtetur

696 1292 140 30 materia,
801 1292 82 30 sed
848 1292 140 30 definiet
953 1292 82 30 per
1000 1292 128 30 formam.
1082 1292 128 30 Soluitur.

698 1321 91 33 sine
754 1321 102 33 dubio
822 1321 147 33 scientiae
936 1321 181 33 speculatiuae
1072 1321 136 33 distinguun

700 1356 76 33 tur
744 1356 65 33 ex
776 1356 130 33 diuersis
874 1356 98 33 modis
939 1356 163 33 definiendi,
1070 1356 65 33 vt
1102 1356 109 33 patet.
1168 1356 43 33 6.

704 1383 110 35 primae
781 1383 175 35 philosophiae
923 1383 66 35 in
956 1383 88 35 tex.
1011 1383 88 35 com.
1066 1383 66 35 2.
1098 1383 55 35 &
1120 1383 88 35 quia
1164 1383 44 35 in

692 1414 230 37 definitionibus
884 1414 115 37 rerum
960 1414 179 37 naturalium
1088 1414 128 37 dicitur,

699 1445 140 37 apparere
804 1445 128 37 natura:
897 1445 93 37 quia
955 1445 81 37 res
1002 1445 151 37 naturales
1106 1445 105 37 consti-

701 1477 125 38 tuuntur
792 1477 80 38 per
837 1477 136 38 naturam,
939 1477 102 38 sicut
1007 1477 182 38 artificiales
1155 1477 80 38 per

693 1509 115 39 artem:
773 1509 80 39 sic
819 1509 183 39 definitiones
967 1509 149 39 naturales
1082 1509 115 39 dantur
1151 1509 57 39 per

693 1536 151 34 materiam
807 1536 189 34 sensibilem,
958 1536 101 34 quia
1021 1536 76 34 in
1059 1536 88 34 eis
1097 1536 113 34 apparet

701 1572 136 29 natura,
799 1572 99 29 quae
861 1572 86 29 est
911 1572 173 29 principium
1046 1572 124 29 motus,
1133 1572 62 29 &
1145 1572 62 29 om-

695 1599 104 35 nium
760 1599 182 35 qualitatum
903 1599 208 35 sensibilium.
1072 1599 91 35 sed
1124 1599 91 35 cum
1163 1599 52 35 du

692 1632 92 35 plex
750 1632 81 35 sit
796 1632 127 35 natura,
889 1632 150 35 videlicet
1004 1632 139 35 materia,
1108 1632 58 35 &
1120 1632 92 35 forma:

694 1661 138 37 secundum
798 1661 196 37 Peripareticos
960 1661 104 37 autem
1029 1661 115 37 forima
1109 1661 81 37 est
1144 1661 69 37 tota

694 1699 152 31 quiditas,
811 1699 128 31 materia
904 1699 105 31 autem
974 1699 82 31 est
1021 1699 117 31 veluti
1091 1699 128 31 vehiculum

699 1724 64 30 &
725 1724 191 30 fundamentum
878 1724 153 30 deferens
992 1724 191 30 quiditatem:
1133 1724 76 30 ideo

701 1758 71 36 in
737 1758 143 36 definiti
844 1758 119 36 onibus
927 1758 107 36 rerum
999 1758 179 36 naturalium,
1130 1758 83 36 appa-

694 1784 93 42 rere
753 1784 128 42 dicitur
846 1784 140 42 materia,
951 1784 82 42 non
997 1784 93 42 quia
1056 1784 70 42 ad
1079 1784 140 42 quiditatem

696 1819 163 39 pertineat:
825 1819 82 39 sed
871 1819 82 39 pro
918 1819 117 39 quanto
1000 1819 105 39 forma
1070 1819 140 39 definiti
1163 1819 47 39 di

702 1847 96 40 citur
766 1847 138 40 huiusmodi
873 1847 128 40 secundum
968 1847 191 40 dispositiones,
1128 1847 64 40 in
1149 1847 64 40 qui-

696 1878 83 36 bus
744 1878 143 36 existit,
851 1878 71 36 vt
886 1878 107 36 dicit
958 1878 154 36 Commenta.
1076 1878 59 36 .
1100 1878 71 36 de
1124 1878 95 36 anima.
