1416 2066
156 213 152 55 agentem
267 213 69 55 &
295 213 221 55 recipientem,
474 213 83 55 si
516 213 97 55 non
571 213 97 55 est
613 213 69 55 il-

162 253 97 45 lic
218 253 153 45 aliquod
329 253 194 45 generatum,
482 253 111 45 illa
537 253 139 45 quaestio

162 295 92 43 non
214 295 211 43 contingeret,
386 295 79 43 si
425 295 92 43 non
478 295 118 43 esset
557 295 92 43 hoc
596 295 79 43 ali-

156 333 128 51 quid,
241 333 113 51 quod
312 333 99 51 est
368 333 128 51 causa
453 333 113 51 esse
510 333 170 51 intellecta

152 374 237 53 speculatiua
342 374 206 53 generata.
500 374 127 53 Modo
563 374 111 53 autem

161 413 105 53 quia
226 413 105 53 ista
292 413 183 53 intellecta
436 413 223 53 constituuntur
606 413 66 53 per

152 453 134 55 duo,
236 453 167 55 quorum
353 453 134 55 vnum
436 453 117 55 est
486 453 184 55 generatum

160 494 80 54 &
192 494 143 54 aliud
288 494 112 54 non
351 494 223 54 generatum,
527 494 127 54 quod
590 494 80 54 di-

161 532 114 39 ctum
232 532 114 39 fuit
304 532 86 39 in
346 532 114 39 hoc,
418 532 100 39 est
475 532 171 39 secundum
589 532 86 39 cur-

160 573 106 49 sum
220 573 212 49 naturalem:
387 573 182 49 quoniam,
523 573 121 49 quia
584 573 91 49 for-

165 613 103 50 mare
230 613 90 50 per
281 613 207 50 intellectum,
449 613 116 50 sicut
527 613 116 50 dicit
592 613 90 50 Aris.

164 653 97 50 est
220 653 125 50 sicut
303 653 237 50 comprehendere
498 653 97 50 per
554 653 153 50 sensum:

151 701 288 37 comprehendere
388 701 152 37 autem
490 701 119 37 per
541 701 135 37 sensum

162 732 202 51 perficitur
320 732 101 51 per
378 732 101 51 duo
436 732 188 51 subiecta:
566 732 115 51 Quorum

143 769 126 50 vnum
222 769 110 50 est
285 769 221 50 subiectum,
458 769 110 50 per
521 769 126 50 quod
584 769 95 50 sen-

160 808 92 42 sus
213 808 92 42 sit
265 808 132 42 verus,
358 808 66 42 &
384 808 92 42 est
437 808 159 42 sensatum
556 808 119 42 extra
622 808 53 42 a-

159 850 151 43 nimam:
265 850 136 43 Aliud
355 850 136 43 autem
446 850 106 43 est
492 850 181 43 subiectum,

156 884 100 52 per
213 884 114 52 quod
284 884 143 52 sensus
384 884 100 52 est
441 884 129 52 forma
513 884 157 52 existens,

160 925 68 45 &
188 925 96 45 est
242 925 123 45 prima
324 925 178 45 perfectio
461 925 205 45 sentientis:
611 925 55 45 ne

159 964 123 45 cesse
241 964 95 45 est
296 964 123 45 etiam
377 964 82 45 vt
418 964 191 45 intellecta
568 964 82 45 in
595 964 82 45 actu

157 1006 172 37 habeant
283 1006 110 37 duo
345 1006 204 37 subiecta:
502 1006 141 37 Quoae
580 1006 94 37 vnum

159 1044 83 46 est
207 1044 166 46 subiectum,
337 1044 83 46 per
384 1044 95 46 quod
444 1044 95 46 sunt
503 1044 107 46 uera,
562 1044 119 46 scilicet

157 1084 151 49 formae,
267 1084 110 49 quae
336 1084 110 49 sunt
405 1084 165 49 imagines
529 1084 138 49 verae:
611 1084 55 49 Se

160 1125 153 45 cundum
267 1125 137 45 autem
358 1125 107 45 est
419 1125 153 45 illud,
526 1125 107 45 per
587 1125 122 45 quod

159 1164 209 38 intellecta
323 1164 120 38 sunt
398 1164 120 38 vnum
473 1164 149 38 entium
577 1164 90 38 in
607 1164 75 38 mun

161 1199 98 43 do,
217 1199 70 43 &
245 1199 126 43 istud
329 1199 98 43 est
385 1199 210 43 intellectus
539 1199 140 43 materia-

168 1241 86 41 is.
217 1241 111 41 Nulla
291 1241 99 41 enim
353 1241 86 41 est
402 1241 185 41 differentia
551 1241 74 41 in
588 1241 86 41 hoc
625 1241 49 41 in

163 1280 101 42 ter
220 1280 145 42 sensum
322 1280 72 42 &
350 1280 231 42 intellectum,
538 1280 116 42 nisi
596 1280 87 42 quia

154 1317 194 46 subiectum
303 1317 164 46 sensus,
423 1317 105 46 per
483 1317 120 46 quod
557 1317 105 46 est
602 1317 75 46 ve-

157 1360 120 43 rus,
232 1360 105 43 est
292 1360 134 43 extra
381 1360 164 43 animam:
501 1360 75 43 &
516 1360 164 43 subiectum

159 1396 202 46 intellectus,
324 1396 89 46 per
374 1396 101 46 quod
438 1396 89 46 est
488 1396 127 46 verus,
577 1396 89 46 est
627 1396 76 46 in

162 1437 112 45 tra
226 1437 175 45 animam.
353 1437 80 45 &
385 1437 112 45 hoc
449 1437 159 45 dictum
560 1437 112 45 est
608 1437 64 45 ab

159 1476 167 42 Aristot.
285 1476 84 42 in
326 1476 98 42 hoc
382 1476 209 42 intellectu,
550 1476 84 42 vt
577 1476 98 42 vide-

163 1516 126 55 bitur
233 1516 98 55 post.

196 1637 90 45 Et
241 1637 105 45 hoc
301 1637 195 45 subiectum
452 1637 90 45 in
482 1637 195 45 intellectu,

160 1685 120 40 quod
235 1685 105 40 est
295 1685 135 40 motor
385 1685 165 40 illius,
506 1685 150 40 quoquo
596 1685 75 40 mo-

165 1717 83 37 do
207 1717 96 37 est
262 1717 138 37 illud,
358 1717 110 37 quod
427 1717 179 37 reputauit
551 1717 124 37 Auempa-

163 1752 81 61 ce
203 1752 108 61 esse
270 1752 189 61 recipiens.
419 1752 108 61 quia
486 1752 148 61 inuenit
581 1752 94 61 ipsum

158 1793 181 53 quandoque
298 1793 209 53 intellectum
465 1793 84 53 in
507 1793 181 53 potentia,
632 1793 42 53 &

159 1834 200 49 quandoque
312 1834 230 49 intellectum
497 1834 92 49 in
543 1834 138 49 actu.
635 1834 77 49 &

161 1863 106 51 ista
227 1863 93 51 est
280 1863 186 51 dispositio
427 1863 159 51 subiecti
533 1863 146 51 recipien

695 221 76 50 &
725 221 121 50 quid
801 221 136 50 cogit
892 221 152 50 ponere
998 221 182 50 intellum
1119 221 91 50 agen

697 257 76 56 tem
740 257 54 56 &
762 257 162 56 recipietem,
891 257 65 56 si
924 257 108 56 nullum
999 257 97 56 datur
1064 257 76 56 ibi
1096 257 119 56 gneratum.

695 293 108 45 illud
767 293 108 45 inque
838 293 120 45 dubium
922 293 84 45 non
970 293 155 45 oriretur,
1089 293 96 45 nisi
1137 293 72 45 datu

697 339 81 48 tur
744 339 127 48 aliquid
836 339 116 48 aliud,
917 339 93 48 quid
975 339 81 48 sit
1022 339 93 48 cam,
1080 339 69 48 ob
1114 339 93 48 quam
1161 339 46 48 ip

690 373 79 54 sa
729 373 236 54 intelligibilia
926 373 210 54 speculabilia
1097 373 105 54 sint
1149 373 66 54 ge-

698 413 91 45 nita
754 413 114 45 aliquo
834 413 102 45 modo.
902 413 80 45 At,
948 413 80 45 cum
993 413 148 45 huiusmodi
1095 413 114 45 intelli-

701 455 139 51 gibilia
803 455 76 51 ex
841 455 127 51 duobus
929 455 190 51 consistant,
1081 455 114 51 quoae
1144 455 76 51 alte

699 493 88 52 rum
749 493 150 52 genitum,
861 493 138 52 alterum
961 493 100 52 vero
1024 493 163 52 ingenitum
1136 493 75 52 exi-

696 532 101 52 stit,
763 532 56 52 &
785 532 146 52 huiusmodi
897 532 123 52 dictum,
987 532 134 52 procedit
1088 532 112 52 quidem
1155 532 56 52 pro

698 573 101 47 cessu
765 573 112 47 namae:
844 573 135 47 quoniam,
945 573 67 47 vt
979 573 112 47 inquit
1058 573 112 47 Arist.
1125 573 90 47 conce-

696 613 93 46 ptio,
758 613 83 46 quae
809 613 72 46 sit
851 613 72 46 per
892 613 103 46 ipsuum
964 613 165 46 intellectum,
1098 613 72 46 est
1129 613 83 46 veluti

694 650 193 54 apprehensio,
851 650 97 54 quae
911 650 85 54 sit
960 650 85 54 per
1008 650 133 54 sensum:
1092 650 121 54 apprehen

697 687 80 55 sio
742 687 115 55 autem,
823 687 80 55 uel
869 687 149 55 cognitio,
983 687 92 55 quae
1041 687 80 55 per
1087 687 115 55 sensum
1156 687 57 55 fit

700 733 164 44 perficitur
829 733 117 44 quidem
911 733 82 44 per
958 733 82 44 duo
1004 733 152 44 subiecta.
1110 733 105 44 Quorum,

698 773 103 42 vnum
762 773 90 42 est
814 773 116 42 illud
891 773 167 42 subiectum
1020 773 167 42 perpqudus
1136 773 77 42 ipse

694 806 117 46 sensus
776 806 82 46 est
823 806 117 46 verus,
904 806 93 46 quid
963 806 117 46 quidem
1045 806 82 46 est
1091 806 105 46 ipsum
1150 806 58 46 sen

697 846 124 41 sibile
783 846 112 41 extra
858 846 124 41 animam
945 846 112 41 exns:
1019 846 112 41 Altex
1093 846 99 41 vero
1143 846 62 41 est

696 886 97 45 illud
761 886 150 45 subiectum,
879 886 75 45 per
921 886 97 45 quiod
986 886 86 45 ipse
1039 886 107 45 sensus
1114 886 75 45 est
1147 886 64 45 quae

699 923 93 55 dam
752 923 120 55 forma
832 923 120 55 exis,
912 923 67 55 &
939 923 134 55 primus
1032 923 120 55 actus
1099 923 107 55 ipsius

691 964 196 50 sentientis:
848 964 92 50 ita
900 964 131 50 quoque
992 964 144 50 oportet
1096 964 105 50 dari
1149 964 65 50 duo

698 1005 147 55 subiecta
808 1005 110 55 ipsis
882 1005 245 55 intelligibilibus
1090 1005 98 55 actu
1139 1005 74 55 exi-

698 1044 181 42 stentibus.
840 1044 129 42 Quorum
931 1044 103 42 vnum
995 1044 90 42 est
1047 1044 116 42 illud
1112 1044 103 42 subie-

694 1081 108 57 ctum,
766 1081 120 57 perper
850 1081 96 57 quod
910 1081 96 57 ipsa
970 1081 216 57 intelligibilia
1138 1081 72 57 sunt

704 1120 106 56 vera,
775 1120 106 56 nempe
845 1120 94 56 ipse
904 1120 129 56 formae.
998 1120 94 56 quae
1056 1120 117 56 quidem
1127 1120 82 56 sunt,

701 1160 208 46 exemplaria,
867 1160 97 46 seu
923 1160 166 46 imagines
1048 1160 152 46 ipsarum
1145 1160 69 46 rex

700 1203 140 39 verax,
798 1203 70 39 &
826 1203 196 39 quiditatu:
979 1203 154 39 Alterum
1091 1203 112 39 vero
1147 1203 70 39 est

700 1237 101 47 illud
767 1237 158 47 subiectum,
891 1237 113 47 perper
970 1237 90 47 quod
1027 1237 90 47 ipsa
1072 1237 135 47 intelligi-

697 1280 116 39 bilia
775 1280 103 39 sunt
839 1280 103 39 vnum
904 1280 78 39 ex
943 1280 142 39 entibus
1046 1280 129 39 mundi:
1136 1280 65 39 &
1149 1280 65 39 il-

692 1317 81 51 lud
739 1317 115 51 quidem
819 1317 81 51 est
866 1317 92 51 ipse
923 1317 139 51 intellus
1027 1317 173 51 materialis.
1154 1317 58 51 Nam

700 1357 104 45 nulla
770 1357 127 45 existit
862 1357 150 45 dicituria
978 1357 104 45 circa
1047 1357 81 45 hoc
1093 1357 104 45 inter
1151 1357 58 45 sen

698 1397 94 39 sum
751 1397 67 39 &
778 1397 174 39 intellum,
912 1397 107 39 nisi
979 1397 107 39 quid
1047 1397 174 39 subiectum
1167 1397 54 39 ip

697 1435 93 51 sius
756 1435 128 51 sensus,
849 1435 116 51 proper
930 1435 93 51 quod
988 1435 105 51 sesus
1058 1435 93 51 ipse
1116 1435 81 51 est
1151 1435 58 51 ve-

701 1477 95 37 rus,
760 1477 130 37 existit
855 1477 119 37 quidem
938 1477 107 37 extra
1009 1477 130 37 animam:
1104 1477 83 37 sed
1140 1477 71 37 su

696 1516 127 37 biectum
789 1516 185 37 intellectus,
939 1516 115 37 perper
1020 1516 92 37 quid
1077 1516 92 37 ipse
1135 1516 81 37 est
1170 1516 46 37 ve

692 1556 95 41 rus,
751 1556 130 41 existit
846 1556 118 41 vtique
929 1556 107 41 intra
1000 1556 130 41 animam.
1095 1556 59 41 &
1118 1556 83 41 hoc
1154 1556 59 41 iam

699 1592 99 43 fuit
761 1592 124 43 dictum
847 1592 74 43 ab
885 1592 99 43 ipso
947 1592 124 43 Arist.
1033 1592 74 43 de
1071 1592 87 43 hoc
1108 1592 99 43 intel-

697 1632 139 42 lectu,
794 1632 83 42 vt
836 1632 111 42 post
905 1632 97 42 hoc
961 1632 194 42 apparebit.
1114 1632 83 42 Et
1142 1632 69 42 hu-

698 1672 142 52 iusmodi
801 1672 167 52 subiectum
930 1672 129 52 ipsius
1020 1672 167 52 intellus,
1136 1672 77 52 quid

691 1717 151 46 quidem
796 1717 151 46 aliquo
902 1717 136 46 pacto
992 1717 136 46 mouet
1082 1717 120 46 ipm,
1143 1717 75 46 est

696 1749 134 45 illud,
789 1749 107 45 quod
856 1749 107 45 Auem
923 1749 107 45 pace
990 1749 147 45 putauit
1097 1749 107 45 esse
1150 1749 54 45 re

699 1789 143 53 cipiens.
807 1789 96 53 quia
866 1789 131 53 inuenit
962 1789 108 53 ipsum
1034 1789 96 53 esse
1082 1789 131 53 quandoque

699 1831 177 43 Tintellectum
843 1831 66 43 in
876 1831 144 43 potentia,
987 1831 144 43 quandoque
1097 1831 111 43 verous
1164 1831 44 43 in

695 1871 126 51 tellum
783 1871 75 51 in
821 1871 113 51 actu.
897 1871 163 51 subiectum
1022 1871 101 51 enim
1073 1871 138 51 recipiens
