1416 2066
229 191 161 44 incoepit
349 191 174 44 declarare
483 191 134 44 modum,
577 191 161 44 secundum
698 191 107 44 quem
765 191 148 44 existit
872 191 174 44 quodlibet
1006 191 148 44 istorum
1114 191 80 44 in
1154 191 121 44 cibo,
1234 191 80 44 &,

230 235 71 43 d.
266 235 106 43 fames
337 235 118 43 autem,
419 235 59 43 &
443 235 118 43 sitis,
526 235 83 43 &c.
573 235 71 43 i.
609 235 59 43 &
632 235 71 43 si
668 235 106 43 sapor
739 235 130 43 existit
833 235 71 43 in
869 235 106 43 cibo,
940 235 71 43 in
975 235 71 43 eo
1011 235 95 43 quod
1070 235 83 43 est
1117 235 118 43 cibus,
1188 235 83 43 tamen

235 276 137 44 primae
331 276 192 44 qualitates
482 276 164 44 existunt
605 276 82 44 in
646 276 82 44 eo
687 276 137 44 primo,
783 276 68 44 &
810 276 246 44 essentialiter.
1016 276 82 44 Et
1057 276 137 44 signum
1153 276 110 44 eius
1208 276 68 44 est

237 321 126 42 quod,
321 321 98 42 cum
377 321 182 42 desyderat
517 321 126 42 cibum
601 321 154 42 animal,
713 321 98 42 non
769 321 182 42 desyderat
909 321 112 42 nisi
979 321 168 42 calidum,
1105 321 70 42 &
1119 321 154 42 frigidum,

232 348 69 46 &
260 348 166 46 humidum,
385 348 69 46 &
412 348 153 46 siccum.
523 348 125 46 Tames
606 348 111 46 enim
676 348 97 46 est
731 348 180 46 appetitus
870 348 139 46 calidi
967 348 69 46 &
995 348 139 46 ficci:
1092 348 69 46 &
1119 348 125 46 sitis
1189 348 83 46 fri-

225 387 117 54 gidi
299 387 73 54 &
328 387 161 54 humidi.
445 387 73 54 &
474 387 102 54 non
533 387 190 54 desyderat
679 387 146 54 duice,
781 387 132 54 neque
869 387 161 54 amarum.
986 387 132 54 Sapor
1074 387 132 54 autem
1162 387 102 54 est
1206 387 73 54 com

227 427 157 50 iunctus
341 427 100 50 cum
398 427 128 50 istis
483 427 242 50 qualitatibus.
682 427 85 50 Et
725 427 100 50 hoc
782 427 213 50 intendebat,
953 427 100 50 cum
1010 427 142 50 dixit.
1109 427 128 50 Sapor
1180 427 100 50 autem

236 467 90 48 est
288 467 116 48 quasi
365 467 116 48 causa
442 467 154 48 istorum.
558 467 77 48 i.
596 467 129 48 causa,
686 467 103 48 quod
751 467 129 48 animal
841 467 129 48 sentit
931 467 180 48 conueniens
1072 467 77 48 ex
1111 467 129 48 illis,
1201 467 64 48 &
1214 467 64 48 non

226 508 214 41 conueniens.
397 508 85 41 Et
439 508 100 41 non
496 508 199 41 intendebat
653 508 100 41 hic
710 508 100 41 per
767 508 157 41 causam,
881 508 142 41 causam
981 508 85 41 in
1024 508 128 41 esse:
1109 508 142 41 primae
1195 508 85 41 enim

229 549 175 53 qualitates
367 549 100 53 sunt
430 549 113 53 causa
505 549 150 53 saporis.
617 549 75 53 Et
655 549 113 53 forte
730 549 175 53 intelligit
867 549 100 53 quod
930 549 113 53 sapor
1005 549 88 53 est
1055 549 125 53 causa,
1142 549 113 53 prper
1205 549 75 53 quam

227 588 152 39 animal
333 588 152 39 vtitur
440 588 137 39 cibo,
531 588 167 39 propter
653 588 259 39 delectationem
866 588 213 39 coniunctam
1033 588 107 39 cum
1079 588 76 39 ea.

269 643 281 44 Certificandum
500 643 149 44 autem
599 643 99 44 de
648 643 116 44 his
714 643 215 44 posterius
879 643 132 44 est:
962 643 132 44 nunc
1044 643 149 44 autem
1143 643 99 44 in
1176 643 99 44 tan-

228 690 113 54 tum
292 690 161 54 dictum
405 690 129 54 sit,
486 690 129 54 quod
567 690 226 54 animalibus
744 690 226 54 habentibus
921 690 161 54 tactum
1034 690 81 54 &
1066 690 210 54 appetitus
1212 690 65 54 in

226 730 132 42 sit:
309 730 99 42 de
359 730 215 42 phantasia
524 730 149 42 autem
623 730 281 42 immanisestum,
855 730 215 42 posterius
1020 730 149 42 autem
1103 730 165 42 intenden

227 773 126 38 dum
299 773 143 38 est.
388 773 233 38 Quibusdam
568 773 143 38 vero
657 773 161 38 adhuc
765 773 161 38 inest
873 773 90 38 &
908 773 233 38 secundum.
1088 773 161 38 locum
1177 773 90 38 mo-

226 811 157 48 tiuum:
336 811 172 48 alteris
461 811 141 48 autem
555 811 266 48 intellectiuum
775 811 78 48 &
806 811 251 48 intellectus,
1010 811 94 48 vt
1057 811 219 48 hominibus,
1229 811 78 48 &

229 854 97 45 si
277 854 178 45 aliquod
407 854 178 45 alterum
537 854 211 45 huiusmodi
699 854 130 45 est,
780 854 113 45 aut
845 854 81 45 &
861 854 243 45 honorabilius.

278 892 109 54 Sed
341 892 94 54 de
388 892 94 54 is
435 892 156 54 postea
544 892 219 54 dilucidius
716 892 172 54 agendum
841 892 125 54 est:
919 892 125 54 nunc
998 892 109 54 hoc
1060 892 156 54 tantum
1154 892 125 54 dictum

231 947 114 56 sit,
302 947 114 56 quod
373 947 200 56 animalibus
530 947 200 56 habentibus
687 947 157 56 tactum,
801 947 185 56 appetitus
943 947 157 56 quoque,
1057 947 143 56 inest:
1157 947 86 56 de
1186 947 86 56 phan

233 996 140 47 tasia
327 996 140 47 autem
420 996 109 47 non
482 996 156 47 patet,
591 996 109 47 sed
654 996 124 47 post
731 996 265 47 considerandum
949 996 124 47 est.
1027 996 202 47 quibusdam
1167 996 109 47 autem

230 1043 165 64 praeter
350 1043 135 64 haec,
440 1043 135 64 inest
531 1043 135 64 etiam
621 1043 165 64 motiuum
741 1043 195 64 motuloci:
891 1043 135 64 aliis
981 1043 135 64 autem
1072 1043 75 64 &
1087 1043 195 64 dianoeticum

229 1091 77 56 &
259 1091 246 56 intellectus,
459 1091 92 56 ut
505 1091 215 56 hominibus,
674 1091 77 56 &
705 1091 154 56 siquid
813 1091 138 56 extat
905 1091 123 56 eius
982 1091 169 56 generis
1105 1091 154 56 aliud,
1197 1091 77 56 uel

239 1139 137 48 etiam
315 1139 168 48 nobilius.

270 1187 98 47 Et
319 1187 115 47 hoc
384 1187 245 47 declarandum
580 1187 115 47 est
646 1187 147 47 post:
744 1187 98 47 in
793 1187 115 47 hoc
859 1187 147 47 autem
957 1187 131 47 loco
1039 1187 196 47 contenti
1169 1187 115 47 sumus

230 1227 114 48 hac
295 1227 309 48 determinatione,
555 1227 81 48 &
588 1227 114 48 est
653 1227 130 48 quod
735 1227 130 48 omne
816 1227 163 48 viuum,
930 1227 163 48 habens
1044 1227 179 48 tactum,
1158 1227 114 48 habet

232 1275 244 47 desyderium.
427 1275 98 47 De
476 1275 260 47 imaginatione
687 1275 146 47 autem
784 1275 163 47 latet,
898 1275 81 47 &
931 1275 228 47 quaerendum
1109 1275 114 47 est
1158 1275 114 47 post.

234 1315 95 52 Et
282 1315 175 52 ponamus
409 1315 111 52 cum
473 1315 111 52 hoc
536 1315 159 52 mouens
648 1315 95 52 in
695 1315 127 52 loco
775 1315 159 52 etiam:
886 1315 80 52 &
918 1315 95 52 in
966 1315 143 52 aliis
1045 1315 223 52 distinguens,

233 1362 68 49 &
261 1362 203 49 intellectus
423 1362 81 49 vt
463 1362 81 49 in
504 1362 162 49 homibus,
626 1362 68 49 &
653 1362 81 49 in
693 1362 122 49 aliis
774 1362 135 49 rebus,
869 1362 176 49 sifuerint
1004 1362 108 49 sic,
1072 1362 95 49 aut
1126 1362 176 49 meliores.
1247 1362 41 49 3

260 1419 108 49 Quia
328 1419 108 49 vult
396 1419 135 49 ponere
491 1419 95 49 hic
545 1419 149 49 numerum
653 1419 149 49 istarum
761 1419 176 49 virtutum,
897 1419 162 49 secundum
1019 1419 108 49 quod
1086 1419 149 49 artifex
1181 1419 95 49 ponit

236 1460 160 47 subiecta
355 1460 106 47 suae
422 1460 133 47 artis,
515 1460 93 47 non
568 1460 106 47 vult
635 1460 146 47 ponere,
741 1460 106 47 nisi
808 1460 133 47 illud,
901 1460 106 47 quod
967 1460 186 47 manifestum
1113 1460 93 47 est
1167 1460 93 47 per
1207 1460 66 47 se,

232 1499 69 48 &
260 1499 167 48 dimittit
385 1499 125 48 alia,
468 1499 111 48 quae
537 1499 97 48 non
593 1499 111 48 sunt
662 1499 194 48 manifesta,
815 1499 167 48 quousque
940 1499 222 48 perscrutetur
1120 1499 83 48 de
1162 1499 111 48 eis.
1217 1499 56 48 Et

232 1536 113 44 ideo
302 1536 85 44 d.
345 1536 85 44 Et
387 1536 99 44 hoc
443 1536 211 44 declarandum
612 1536 99 44 est
669 1536 127 44 post.
753 1536 85 44 In
796 1536 99 44 hoc
852 1536 127 44 autem
937 1536 113 44 loco
1007 1536 169 44 contenti
1134 1536 127 44 fumus
1205 1536 70 44 hac

237 1580 233 48 determinatione,
433 1580 110 48 idest
506 1580 98 48 quae
567 1580 86 48 est
616 1580 159 48 manifesta
739 1580 86 48 per
787 1580 86 48 se,
836 1580 86 48 aut
885 1580 110 48 fere,
959 1580 147 48 scilicet
1069 1580 98 48 quod
1130 1580 98 48 omne
1179 1580 98 48 animal

228 1619 141 48 earens
326 1619 141 48 tactu,
425 1619 127 48 caret
510 1619 197 48 desyderio.
664 1619 99 48 hoc
721 1619 113 48 enim
791 1619 99 48 est
848 1619 197 48 manifestum
1002 1619 99 48 per
1059 1619 99 48 se.
1115 1619 141 48 Deinde
1200 1619 70 48 nar

234 1658 120 41 rauit
313 1658 106 41 quod
380 1658 93 41 hoc
433 1658 120 41 latet
513 1658 80 41 de
553 1658 226 41 imaginatione,
739 1658 66 41 &
766 1658 80 41 d.
806 1658 80 41 De
845 1658 213 41 imaginatione
1018 1658 120 41 autem
1098 1658 133 41 latet.
1178 1658 93 41 idest

234 1702 133 37 vtrum
323 1702 208 37 imaginatio
486 1702 163 37 existit
605 1702 89 37 in
649 1702 119 37 omni
723 1702 163 37 habente
842 1702 148 37 sensum
946 1702 163 37 tactus,
1064 1702 104 37 aut
1124 1702 119 37 non.
1183 1702 89 37 D.d.

236 1738 86 41 Et
279 1738 158 41 ponamus
394 1738 101 41 cum
452 1738 101 41 hoc
509 1738 144 41 mouens
610 1738 86 41 in
653 1738 130 41 loco.
740 1738 86 41 i.
783 1738 72 41 &
812 1738 158 41 ponamus
927 1738 101 41 pro
985 1738 187 41 manifesto
1129 1738 115 41 quod
1187 1738 86 41 omne

230 1776 138 43 motum
322 1776 92 43 in
368 1776 123 43 loco
444 1776 107 43 est
506 1776 215 43 imaginans.
675 1776 92 43 Et
721 1776 153 43 potest
828 1776 199 43 intelligi
981 1776 77 43 &
1012 1776 169 43 ponamus
1135 1776 92 43 in
1166 1776 107 43 nume-

231 1816 83 50 ro
273 1816 152 50 istarum
384 1816 180 50 virtutum,
522 1816 111 50 quae
591 1816 194 50 manifestae
744 1816 180 50 videntur,
882 1816 69 50 &
910 1816 180 50 differunt
1048 1816 83 50 in
1076 1816 194 50 definitione,

226 1854 75 37 &
256 1854 180 37 essentia
391 1854 180 37 virtutem
526 1854 180 37 mouentem
661 1854 90 37 in
706 1854 135 37 loco.
797 1854 75 37 &
827 1854 180 37 intendit
962 1854 180 37 virtutem
1082 1854 195 37 concupisci-

226 1894 143 44 bilem.
326 1894 114 44 D.d.
397 1894 71 44 &
426 1894 86 44 in
469 1894 129 44 aliis
554 1894 229 44 distinguens,
740 1894 71 44 &
769 1894 229 44 intellectus.
955 1894 129 44 idest
1040 1894 71 44 &
1069 1894 157 44 ponamus
1169 1894 100 44 etiam
