1416 2066
200 161 137 50 Modi
285 161 154 50 autem
388 161 154 50 rerum
490 161 222 50 sonorarum
661 161 256 50 declarantur
866 161 103 50 in
917 161 154 50 sono,
1020 161 120 50 qui
1088 161 120 50 est
1157 161 103 50 in

175 204 159 48 actu.
281 204 265 48 quemadmodum
493 204 141 48 enim
582 204 194 48 colores
723 204 124 48 non
794 204 212 48 videntur
953 204 141 48 sine
1041 204 159 48 luce,
1130 204 88 48 sic

172 245 164 55 graue,
286 245 82 55 &
319 245 164 55 acutum
434 245 115 55 non
500 245 230 55 sentiuntur
680 245 131 55 sine
762 245 148 55 sono.
860 245 98 55 Et
909 245 115 55 hoc
975 245 180 55 dicitur
1090 245 131 55 secun-

175 293 122 46 dum
244 293 313 46 transumptionem
505 293 104 46 ex
557 293 157 46 rebus
662 293 296 46 tangibilibus.
905 293 174 46 acutum
1027 293 139 46 enim
1096 293 122 46 mouet

168 338 173 48 sensum
289 338 104 48 in
340 338 173 48 modico
461 338 190 48 tempore
599 338 190 48 multum.
737 338 155 48 graue
841 338 155 48 autem
944 338 104 48 in
996 338 190 48 tempore
1117 338 104 48 lom-

178 372 89 52 go
223 372 148 52 parum.
326 372 104 52 Sed
386 372 133 52 tamen
474 372 148 52 acutus
578 372 104 52 non
637 372 104 52 est
697 372 148 52 velox,
800 372 133 52 neque
889 372 148 52 grauis
993 372 163 52 tardus,
1111 372 104 52 sed
1156 372 59 52 mo

182 420 100 47 tus
239 420 143 47 illius
339 420 114 47 erit
410 420 129 47 sicut
496 420 200 47 velocitas,
653 420 71 47 &
682 420 129 47 motus
768 420 143 47 istius
868 420 129 47 sicut
953 420 186 47 tarditas.
1096 420 86 47 Et
1125 420 100 47 forte

180 458 104 49 hoc
240 458 104 49 est
299 458 149 49 simile
403 458 104 49 ei,
462 458 119 49 quod
537 458 193 49 inuenitur
685 458 89 49 in
730 458 134 49 sensu
819 458 149 49 tactus
923 458 89 49 de
967 458 149 49 acuto,
1071 458 74 49 &
1086 458 134 49 obtuso.

175 500 158 46 acutum
286 500 126 46 enim
364 500 142 46 quasi
459 500 110 46 est
522 500 221 46 stimulans,
696 500 173 46 obtusum
822 500 126 46 vero
901 500 142 46 quasi
995 500 205 46 expellit.
1137 500 79 46 il-

176 540 118 45 lud
243 540 135 45 enim
328 540 151 45 mouet
428 540 101 45 in
479 540 168 45 modico
597 540 202 45 tempore,
748 540 84 45 &
782 540 151 45 illud
883 540 101 45 in
933 540 168 45 longo.
1034 540 185 45 contingit

173 582 160 54 ligitur
290 582 87 54 ex
334 582 102 54 hoc
392 582 87 54 vt
436 582 131 54 istud
523 582 102 54 sit
582 582 146 54 velox,
684 582 73 54 &
713 582 131 54 istud
800 582 160 54 tardum.
917 582 102 54 Hoc
975 582 146 54 igitur
1077 582 117 54 est,
1136 582 87 54 quid

172 628 329 46 determinauimus
446 628 110 46 de
483 628 128 46 sono.

222 683 123 46 Vult
298 683 200 46 declarare
452 683 92 46 in
498 683 108 46 hoc
560 683 200 46 capitulo,
713 683 154 46 quando
821 683 292 46 comprehenduntur
1066 683 138 46 primi
1143 683 77 46 mo-

177 723 83 44 di
219 723 125 44 soni,
302 723 70 44 &
330 723 97 44 qui
386 723 125 44 sunt,
469 723 70 44 &
497 723 139 44 dicit,
594 723 111 44 Modi
664 723 125 44 autem
747 723 125 44 rerum
831 723 195 44 sonorarum,
984 723 97 44 &c.
1039 723 125 44 idest
1109 723 111 44 diffe-

176 766 174 45 rentiae
302 766 142 45 autem
397 766 142 45 rerum
492 766 205 45 sonorarum
650 766 316 45 comprehenduntur,
918 766 79 45 &
950 766 237 45 declarantur
1123 766 95 45 apud

176 807 119 43 esse
250 807 119 43 soni
325 807 89 43 in
369 807 134 43 actu.
458 807 119 43 D.d.
533 807 223 43 quemadmodum
711 807 119 43 enim
785 807 163 43 colores
904 807 104 43 non
963 807 193 43 videntur,
1112 807 104 43 &c.
1157 807 59 43 i.

175 850 248 41 quemadmodum
374 850 132 41 enim
457 850 265 41 differentiae
672 850 182 41 colorum
804 850 116 41 non
870 850 314 41 comprehenduntur
1119 850 99 41 sine

180 891 156 46 essentia
297 891 143 46 coloris
401 891 78 46 in
440 891 117 46 actu,
518 891 117 46 illud
596 891 104 46 erit
661 891 104 46 apud
726 891 195 46 praesentiam
882 891 130 46 lucis,
973 891 91 46 sic
1025 891 130 46 acutum
1116 891 65 46 &
1129 891 91 46 graue

175 920 87 44 in
218 920 130 44 sono,
304 920 115 44 quae
376 920 115 44 sunt
448 920 144 44 primae
549 920 231 44 differentiae
737 920 130 44 soni,
823 920 101 44 non
881 920 274 44 comprehenduntur
1112 920 115 44 sine
1169 920 58 44 es

179 963 135 48 sentia
274 963 108 48 soni
342 963 81 48 in
383 963 122 48 actu.
464 963 108 48 D.d.
531 963 95 48 Et,
586 963 95 48 hoc
640 963 149 48 dicitur
748 963 162 48 secundum
870 963 257 48 transumptionem,
1087 963 95 48 &c.
1127 963 95 48 idest

183 1001 67 42 &
209 1001 135 42 vocare
304 1001 216 42 differentias
479 1001 108 42 soni
547 1001 135 42 graue,
641 1001 67 42 &
668 1001 135 42 acutum
762 1001 94 42 est
816 1001 162 42 secundum
938 1001 229 42 similitudinem
1127 1001 81 42 ad
1154 1001 67 42 res

176 1051 244 42 tangibiles.
371 1051 179 42 quoniam
501 1051 163 42 quidem
615 1051 147 42 sonus
713 1051 147 42 mouet
811 1051 163 42 sensum
925 1051 147 42 magno
1023 1051 130 42 motu
1104 1051 98 42 in
1137 1051 81 42 mo-

174 1076 119 54 dico
248 1076 178 54 tempore:
382 1076 74 54 &
412 1076 193 54 tangibile
561 1076 149 54 acutum
665 1076 104 54 est
724 1076 134 54 tale:
814 1076 74 54 &
843 1076 119 54 ideo
918 1076 253 54 transumebatur
1111 1076 104 54 nomen

181 1123 117 48 eius
254 1123 88 48 ad
298 1123 146 48 illud,
400 1123 73 48 &
430 1123 190 48 similiter
576 1123 131 48 etiam
663 1123 117 48 quia
736 1123 146 48 quidam
838 1123 131 48 sonus
926 1123 131 48 mouet
1014 1123 161 48 auditum
1116 1123 102 48 longo

177 1163 166 40 tempore
298 1163 136 40 paruo
388 1163 121 40 motu
463 1163 166 40 similis
584 1163 106 40 est
644 1163 211 40 tangibili,
810 1163 121 40 quod
885 1163 136 40 mouet
976 1163 151 40 tactum
1081 1163 90 40 in
1111 1163 106 40 longo

179 1197 157 45 tempore
293 1197 128 45 paruo
378 1197 114 45 motu
449 1197 171 45 scilicet
577 1197 157 45 obtuso.
691 1197 114 45 D.d.
762 1197 100 45 Sed
819 1197 128 45 tamen
905 1197 142 45 acutus
1004 1197 100 45 non
1061 1197 100 45 est
1104 1197 114 45 velox,

182 1241 108 35 &c.
243 1241 139 35 idest
336 1241 108 35 sed
398 1241 139 35 tamen
491 1241 155 35 sonus,
599 1241 108 35 qui
661 1241 139 35 mouet
753 1241 170 35 auditum
877 1241 124 35 motu
954 1241 139 35 magno
1047 1241 93 35 in
1078 1241 139 35 tempore

174 1282 137 47 paruo,
270 1282 96 47 non
325 1282 96 47 est
380 1282 123 47 velox
462 1282 82 47 in
503 1282 96 47 rei
557 1282 164 47 veritate
680 1282 123 47 neque
763 1282 137 47 sonus,
858 1282 137 47 grauis
954 1282 150 47 tardus.
1064 1282 123 47 velox
1132 1282 82 47 enim

180 1315 69 47 &
208 1315 124 47 graue
290 1315 82 47 in
331 1315 96 47 rei
386 1315 165 47 veritate
510 1315 110 47 sunt
579 1315 82 47 de
620 1315 261 47 dispositionibus
839 1315 192 47 inobilium.
991 1315 96 47 sed
1045 1315 96 47 hoc
1087 1315 137 47 dicitur,

182 1364 155 44 graue,
290 1364 124 44 quia
368 1364 140 44 mouet
461 1364 155 44 tarde:
569 1364 109 44 hoc
631 1364 171 44 acutum:
755 1364 124 44 quia
833 1364 140 44 mouet
926 1364 217 44 velociter.
1096 1364 124 44 D.d.
1158 1364 62 44 Et

174 1403 116 44 forte
252 1403 90 44 hoc
303 1403 90 44 est
355 1403 142 44 simile,
458 1403 90 44 &c.
510 1403 116 44 idest
588 1403 65 44 &
614 1403 116 44 forte
691 1403 103 44 ista
756 1403 168 44 intentio,
885 1403 103 44 quae
950 1403 168 44 inuenitur
1079 1403 78 44 in
1118 1403 103 44 sono
1169 1403 52 44 de

180 1443 111 33 moto
249 1443 152 33 veloci,
360 1443 69 33 &
388 1443 138 33 tardo,
484 1443 97 33 est
540 1443 124 33 quasi
623 1443 166 33 similis,
747 1443 83 33 ei
788 1443 111 33 quod
858 1443 180 33 inuenitur
996 1443 83 33 in
1037 1443 124 33 sensu
1106 1443 111 33 tactus

179 1470 86 44 de
222 1470 128 44 acuto
307 1470 71 44 &
336 1470 157 44 obtuso.
450 1470 71 44 &
478 1470 114 44 ideo
549 1470 200 44 transumpta
706 1470 114 44 fuit
777 1470 114 44 ista
849 1470 185 44 ordinatio
991 1470 86 44 de
1034 1470 143 44 acuto,
1134 1470 71 44 &
1148 1470 71 44 ob-

179 1510 126 55 tuso,
263 1510 98 55 non
319 1510 84 55 de
361 1510 140 55 veloci
459 1510 70 55 &
487 1510 140 55 tardo,
585 1510 84 55 &,
627 1510 112 55 quia
697 1510 154 55 obtusum
810 1510 140 55 simile
908 1510 98 55 est
964 1510 140 55 graui,
1062 1510 112 55 ideo
1118 1510 98 55 talis

174 1549 133 45 sonus
263 1549 162 45 dicitur
380 1549 162 45 grauis.
498 1549 118 45 D.d.
572 1549 147 45 acutum
675 1549 133 45 enim,
763 1549 103 45 &c.
822 1549 88 45 i.
867 1549 133 45 sonus
955 1549 118 45 enim
1029 1549 147 45 acutus
1117 1549 103 45 quasi

178 1588 180 39 stimulat,
317 1588 125 39 sicut
400 1588 167 39 stimulat
525 1588 139 39 corpus
622 1588 153 39 acutum:
733 1588 69 39 &
761 1588 125 39 sonus
844 1588 139 39 grauis
941 1588 125 39 quasi
1025 1588 180 39 expellit,
1150 1588 69 39 si-

182 1628 99 40 cut
238 1628 183 40 expellsit
379 1628 141 40 corpus
478 1628 169 40 obtusum,
604 1628 113 40 quia
675 1628 211 40 assimilatur
844 1628 141 40 graui.
942 1628 183 40 contingit
1083 1628 141 40 igitur
1168 1628 56 40 ex

170 1668 101 39 hoc
227 1668 87 39 vt
271 1668 130 39 illud
357 1668 101 39 sit
415 1668 144 39 velox,
516 1668 72 39 &
544 1668 101 39 hoc
602 1668 159 39 tardum,
717 1668 144 39 idest,
818 1668 72 39 &
847 1668 87 39 ex
890 1668 101 39 quo
948 1668 187 39 contingit
1078 1668 144 39 secundum

174 1709 262 46 consuetudinem
389 1709 154 46 vocare
497 1709 154 46 sonum,
605 1709 108 46 qui
666 1709 169 46 videtur
790 1709 139 46 quasi
882 1709 216 46 stimulare,
1052 1709 169 46 acutum,
1175 1709 77 46 &

170 1748 149 39 sonum,
275 1748 105 39 qui
334 1748 164 39 videtur
454 1748 134 39 quasi
543 1748 209 39 expellere,
693 1748 134 39 grauem.

211 1795 101 48 De
262 1795 135 48 sono
346 1795 168 48 igitur
464 1795 118 48 sic
531 1795 269 48 determinatum
750 1795 135 48 sit.
834 1795 118 48 vox
901 1795 151 48 autem
1002 1795 151 48 sonus
1086 1795 135 48 quidem

176 1844 107 46 est
237 1844 183 46 animati,
374 1844 244 46 inanimatorum
572 1844 122 46 enim
648 1844 152 46 nullum
755 1844 152 46 vocat:
861 1844 107 46 sed
922 1844 183 46 secundum
1044 1844 183 46 similitudi
