1416 2066
215 205 167 53 Dicamus
336 205 152 53 igitur
443 205 122 53 quod
504 205 182 53 Themistius

173 245 219 44 sustentatur
349 245 88 44 in
393 245 102 44 hoc
451 245 102 44 per
510 245 132 44 locum
597 245 73 44 a
612 245 73 44 mi-

172 284 118 46 nori.
251 284 118 46 Dicit
330 284 105 46 enim
396 284 118 46 quod,
474 284 92 46 cum
514 284 171 46 intellectus

175 325 206 49 materialis
337 325 147 49 habeat
440 325 191 49 potentiam
587 325 88 49 ad
616 325 74 49 ab-

178 364 193 46 strahendum
330 364 138 46 formas
426 364 69 46 a
453 364 179 46 materijs,
591 364 69 46 &
618 364 96 46 in¬

179 405 165 52 telligendi
309 405 94 52 eas,
368 405 118 52 quanto
451 405 106 52 magis
522 405 106 52 habet
593 405 71 52 in
616 405 71 52 actu

179 445 216 38 intelligendi
354 445 94 38 ea,
408 445 108 38 quae
475 445 108 38 sunt
543 445 121 38 primo
610 445 81 38 denu

181 482 120 40 data
256 482 75 40 a
286 482 180 40 materia.
421 482 90 40 Et
465 482 120 40 iste
540 482 135 40 sermo
615 482 75 40 aut

179 523 88 40 fiet
234 523 88 40 ita,
289 523 88 40 quod
344 523 165 40 intellectus
475 523 154 40 materialis
596 523 77 40 est
629 523 55 40 cor

179 559 161 43 ruptibilis,
308 559 75 43 aut
351 559 75 43 non
394 559 182 43 corruptibilis
544 559 129 43 scilicet
629 559 54 43 se-

179 598 186 49 parabilis,
325 598 93 49 aut
378 598 93 49 non
431 598 212 49 separabilis.
590 598 93 49 Secun

169 639 121 51 dum
238 639 156 51 autem
342 639 225 51 opinionem
498 639 190 51 dicentium

180 680 100 45 quod
242 680 187 45 intellectus
392 680 175 45 materialis
529 680 87 45 est
579 680 125 45 virtus
654 680 37 45 i

180 717 152 51 corpore
291 717 69 51 &
319 717 194 51 generatus,
471 717 111 51 iste
541 717 125 51 sermo
610 717 83 51 erit

175 756 211 49 sufficiens
341 756 226 49 quoquomodo,
522 756 106 49 non
567 756 121 49 proba-

183 796 146 45 bilis.
285 796 102 45 Non
344 796 116 45 enim
416 796 175 45 sequitur
547 796 87 45 vt
577 796 116 45 illud,

186 833 97 53 quod
246 833 85 53 est
295 833 145 53 visibile
403 833 72 53 in
440 833 85 53 se,
488 833 85 53 sit
536 833 109 53 magis
596 833 85 53 visi-

180 879 112 37 bile
250 879 112 37 apud
320 879 112 37 nos.
390 879 84 37 v.
432 879 84 37 g.
475 879 140 37 color,
573 879 70 37 &
587 879 98 37 lumen

174 910 157 44 Solis.
284 910 141 44 Color
378 910 126 44 enim
457 910 141 44 minus
551 910 141 44 habet
629 910 63 44 de

175 948 206 46 intentione
337 948 251 46 visibilitatis
544 948 118 46 quam
603 948 88 46 Sol,

172 996 96 45 cum
227 996 123 45 color
309 996 96 45 non
364 996 96 45 sit
419 996 178 45 visibilis
556 996 110 45 nisi
624 996 96 45 per

171 1025 147 54 Solem:
274 1025 103 54 sed
333 1025 103 54 non
392 1025 176 54 possumus
524 1025 103 54 ita
568 1025 118 54 aspice

181 1066 84 39 re
223 1066 126 39 Solem
307 1066 126 39 sicut
391 1066 168 39 colorem.
517 1066 70 39 &
545 1066 98 39 hoc
587 1066 98 39 acci-

176 1109 91 39 dit
228 1109 131 39 visui,
320 1109 144 39 propter
424 1109 170 39 mixtionem
541 1109 144 39 materiae,

219 1380 78 46 Si
258 1380 104 46 vero
323 1380 182 46 posuerimus
465 1380 104 46 quod
517 1380 169 46 intellectus

164 1428 219 36 materialis
336 1428 109 36 non
399 1428 109 36 est
461 1428 188 36 admixtus
586 1428 94 36 mate

170 1461 93 45 riae,
232 1461 83 45 tunc
283 1461 83 45 ille
335 1461 93 45 sermo
397 1461 83 45 erit
449 1461 93 45 verus
511 1461 124 45 scilicet
604 1461 83 45 quod
646 1461 41 45 il

180 1500 112 51 lud,
250 1500 112 51 quod
320 1500 98 51 est
376 1500 126 51 magis
460 1500 182 51 visibile,
586 1500 98 51 magis

179 1538 315 47 comprehenditur.
444 1538 199 47 Tquoniam
594 1538 133 47 quod

170 1578 262 53 comprehendit
383 1578 147 53 minus
481 1578 213 53 perfectum
628 1578 66 53 ex

170 1614 111 45 eis
234 1614 349 45 comprehendentibus,
535 1614 127 45 quae
598 1614 95 45 sunt

182 1656 97 42 non
238 1656 153 42 admixta
349 1656 181 42 materiae,
488 1656 153 42 necesse
600 1656 97 42 est
641 1656 56 42 vt

182 1701 237 33 comprehendat
375 1701 222 33 perfectius:
553 1701 74 33 &
582 1701 104 33 non
627 1701 59 33 e-

185 1733 180 44 contrario.
327 1733 103 44 Sed,
391 1733 77 44 si
430 1733 90 44 hoc
481 1733 90 44 est
520 1733 167 44 necessarium

181 1773 85 37 de
223 1773 141 37 natura
322 1773 113 37 eius
393 1773 71 37 &
421 1773 212 37 substantia,
576 1773 113 37 contin

185 1812 92 51 get
237 1812 157 51 quaestio
355 1812 183 51 praedicta,
499 1812 105 51 quae
564 1812 105 51 est,
617 1812 65 51 quo

162 1854 141 36 modo
251 1854 124 36 non
321 1854 265 36 continuatur
515 1854 177 36 nobiscum

701 212 194 38 Sententia
850 212 194 38 Themistil
999 212 89 38 de
1029 212 194 38 Intellectu.

739 247 150 51 Dicamus
849 247 136 51 itaque
944 247 109 51 quod
1012 247 177 51 sententia
1135 247 82 51 The-

701 285 132 45 mistii
793 285 79 45 de
833 285 106 45 hoc,
899 285 92 45 est
952 285 145 45 fundata
1057 285 119 45 super
1124 285 92 45 locum

704 327 67 44 a
730 327 174 44 fortiori,
864 327 94 44 seu
918 327 67 44 a
944 327 147 44 maiori,
1051 327 67 44 &
1065 327 160 44 conueniem,

704 372 120 38 tiori.
788 372 120 38 Inquit
871 372 96 38 enim
931 372 108 38 ipse.
1003 372 72 38 si
1039 372 179 38 intellectus
1170 372 48 38 ma

703 404 167 46 terialis
829 404 126 46 habet
912 404 98 46 vim
968 404 223 46 abstraliendi
1135 404 84 46 for-

703 443 90 47 mas
755 443 64 47 a
780 443 154 47 materijs
896 443 64 47 &
922 443 206 47 intelligendi
1089 443 103 47 eas,
1141 443 77 47 somo

711 492 93 46 ge
757 492 139 46 magis
850 492 139 46 debet
942 492 154 46 habere
1050 492 170 46 naturam
1158 492 62 46 vt

705 524 188 52 intelligat
852 524 94 52 res
906 524 80 52 de
946 524 80 52 se
986 524 121 52 primo
1053 524 161 52 abstractas

706 562 64 41 a
732 562 155 41 materia.
848 562 90 41 Hoc
900 562 129 41 itaque
990 562 129 41 dictum
1080 562 103 41 idem
1132 562 90 41 signi

706 601 154 43 ficabit,
822 601 103 43 quod
886 601 179 43 significat
1027 601 141 43 dicerem
1116 601 103 43 intel-

705 637 138 45 lectum
802 637 193 45 materialem
953 637 110 45 esse
1008 637 206 45 corruptibilem

705 681 90 42 vel
757 681 257 42 incorruptibilem,
975 681 90 42 hoc
1027 681 90 42 est
1066 681 154 42 abstractum

712 716 97 46 vel
767 716 97 46 non
823 716 207 46 abstractum.
988 716 97 46 Sed
1044 716 124 46 iuxta
1113 716 110 46 sentem

704 757 101 50 tiam
768 757 152 50 illorum,
881 757 89 50 qui
932 757 152 50 asserunt
1033 757 190 50 intellecundum

708 797 198 37 materialem
863 797 113 37 esse
934 797 169 37 virtutem
1061 797 85 37 in
1089 797 127 37 materia

704 836 192 54 existentem,
858 836 115 54 atque
935 836 154 54 genitum,
1050 836 103 54 tunc
1114 836 90 54 hoc
1153 836 64 54 di-

711 874 108 40 ctum
778 874 121 40 esset
859 874 135 40 aliquo
953 874 121 40 pacto
1034 874 175 40 apparens,
1155 874 67 40 seu

706 912 201 53 sufficiens,
866 912 67 53 &
893 912 161 53 famosum,
1014 912 94 53 sed
1068 912 94 53 non
1108 912 107 53 proba-

714 952 105 42 pile.
784 952 93 42 Qam,
842 952 70 42 si
877 952 128 42 aliquid
971 952 128 42 videtur
1064 952 93 42 esse
1110 952 105 42 euidens

713 990 60 51 &
737 990 144 51 constare
845 990 144 51 secundum
953 990 84 51 se,
1001 990 84 51 non
1049 990 156 51 propterea
1157 990 60 51 se-

705 1030 136 44 quitu,
801 1030 82 44 ut
842 1030 109 44 idem
910 1030 136 44 debeat
1005 1030 109 44 esse
1060 1030 163 44 euidentius

711 1071 69 50 &
739 1071 125 50 magis
822 1071 167 50 constare
947 1071 111 50 apud
1017 1071 111 50 nos:
1086 1071 83 50 vt
1114 1071 97 50 exen-

711 1107 100 49 pli
768 1107 142 49 gratia
867 1107 128 49 color
953 1107 71 49 &
981 1107 128 49 lumen
1066 1107 142 49 Solis.
1152 1107 71 49 Nam

713 1147 112 46 color
787 1147 137 46 videtur
887 1147 100 46 esse
950 1147 112 46 minus
1025 1147 175 46 visibilis,
1150 1147 62 46 qui

702 1187 84 38 sit
750 1187 96 38 Sol,
810 1187 84 38 cum
859 1187 96 38 ipse
919 1187 108 38 color
991 1187 84 38 non
1039 1187 157 38 videatur,
1148 1187 72 38 nisi

706 1224 77 48 p
736 1224 154 48 Solem:
844 1224 138 48 tamen
936 1224 108 48 non
998 1224 185 48 possumus
1136 1224 108 48 in¬

709 1268 169 47 ipicere
832 1268 154 47 Solem,
939 1268 231 47 quemadmodum
1108 1268 108 47 inspi

713 1306 119 48 cimus
792 1306 158 48 colorem.
911 1306 92 48 hoc
963 1306 119 48 autem
1043 1306 145 48 accidit
1135 1306 79 48 ipsi

710 1348 138 39 visui.
807 1348 180 39 propterea
945 1348 111 39 quia
1014 1348 97 39 est
1070 1348 138 39 mixtus
1153 1348 69 39 ma-

710 1381 137 51 teriae.
809 1381 100 51 Sed,
871 1381 75 51 si
909 1381 174 51 concedamus
1033 1381 187 51 intelsecundum

707 1420 203 38 materialem
866 1420 101 38 non
924 1420 116 38 esse
996 1420 145 38 mixtum
1097 1420 101 38 cum
1141 1420 72 38 ma-

708 1468 127 31 teria,
797 1468 101 31 tunc
860 1468 101 31 illa
924 1468 165 31 sententia
1050 1468 114 31 esset
1114 1468 101 31 omnino

717 1501 117 52 vera:
795 1501 117 52 nempe
873 1501 104 52 quae
938 1501 130 52 dicit,
1030 1501 104 52 quod
1082 1501 130 52 quicquid

708 1541 77 50 em
747 1541 141 50 magisus
849 1541 230 50 intelligibile,
1041 1541 115 50 magis
1105 1541 102 50 cogno-

712 1576 99 55 scatur
782 1576 109 55 quoniam
861 1576 89 55 inter
920 1576 89 55 omnia
980 1576 169 55 cognoscentia,
1119 1576 79 55 quae
1158 1576 50 55 non

704 1612 111 56 sunt
773 1612 152 56 admixta
884 1612 180 56 materiae,
1022 1612 125 56 illud
1092 1612 125 56 quidem,

713 1655 113 53 quod
783 1655 183 53 cognoscit
925 1655 155 53 aliquid
1038 1655 127 53 minus
1108 1655 113 53 perfe-

708 1692 127 46 ctum,
793 1692 156 46 oportet
906 1692 85 46 vt
948 1692 184 46 cognoscat
1090 1692 113 46 quod
1146 1692 71 46 est

708 1741 109 46 magis
780 1741 169 46 perfectum:
914 1741 85 46 sed
962 1741 85 46 non
1010 1741 181 46 conuertitur
1143 1741 73 46 res.

712 1772 97 42 Nisi
772 1772 109 42 forte
845 1772 85 42 hoc
893 1772 85 42 sit
942 1772 181 42 necessarium
1087 1772 73 42 ex
1123 1772 85 42 nam
1160 1772 60 42 il-

710 1812 98 38 lius
771 1812 98 38 rei,
832 1812 110 38 atque
905 1812 98 38 eius
966 1812 159 38 essentia,
1089 1812 61 38 &
1113 1812 110 38 suba,
1186 1812 61 38 &

708 1853 104 38 tunc
773 1853 156 38 sequetur
890 1853 130 38 iterum
981 1853 117 38 illud
1059 1853 130 38 dubium
1137 1853 78 38 pau
