1416 2066
151 179 121 64 Cum
220 179 172 64 inquam
340 179 172 64 moueri
461 179 207 64 bisariam
616 179 207 64 dicatur,
771 179 138 64 nunc
857 179 276 64 confideramus
1081 179 103 64 de
1116 179 103 64 Ani-

163 228 107 56 ma,
224 228 91 56 an
269 228 107 56 per
330 228 168 56 scipsam
452 228 198 56 moueatur,
605 228 198 56 motusque,
757 228 198 56 particeps
909 228 122 56 sit.
985 228 107 56 Cum
1046 228 137 56 autem
1123 228 91 56 qua-

164 276 115 56 tuor
235 276 129 56 motus
321 276 129 56 sint,
408 276 143 56 latio,
508 276 201 56 alteratio,
666 276 158 56 auctio,
781 276 72 56 &
809 276 201 56 diminutio,
967 276 100 56 aut
1024 276 100 56 vno
1082 276 115 56 eoru
1139 276 72 56 mo-

162 323 177 57 uebitur,
295 323 103 57 aut
354 323 192 57 pluribus,
502 323 103 57 aut
561 323 177 57 omnibus:
694 323 118 57 Quod
768 323 89 57 si
813 323 163 57 mouetur
931 323 103 57 non
990 323 103 57 per
1034 323 163 57 accidens,

167 372 148 56 natura
271 372 89 56 ei
315 372 148 56 inerit
419 372 148 56 motus:
523 372 104 56 Sin
582 372 118 56 hoc,
656 372 133 56 etiam
745 372 148 56 locus:
849 372 133 56 omnes
937 372 118 56 enim
1011 372 133 56 dicti
1086 372 118 56 motus,

160 419 90 65 in
205 419 120 65 loco
265 419 105 65 sunt.

202 476 118 46 Et,
270 476 135 46 quia
354 476 152 46 motum
456 476 186 46 dicitur
591 476 169 46 duobus
710 476 169 46 modis,
828 476 186 46 debemus
963 476 135 46 modo
1031 476 169 46 perscru-

169 522 124 51 tari
247 522 93 51 de
294 522 140 51 anima
387 522 140 51 vtrum
480 522 186 51 moueatur
620 522 109 51 per
682 522 109 51 se,
744 522 109 51 aut
806 522 109 51 per
868 522 155 51 aliud.
977 522 109 51 Et,
1039 522 124 51 quia
1101 522 109 51 motus

169 558 123 46 sunt
246 558 185 46 quatuor,
385 558 139 46 loci,
477 558 77 46 &
508 558 262 46 alterationis,
724 558 77 46 &
755 558 201 46 augmenti,
909 558 77 46 &
940 558 262 46 diminutionis,
1140 558 62 46 ne

164 603 144 40 cesse
260 603 112 40 est
324 603 112 40 aut
388 603 96 40 ut
436 603 192 40 moueatur
580 603 160 40 aliquo
692 603 176 40 istorum
819 603 176 40 motuum,
947 603 112 40 aut
1011 603 96 40 vt
1043 603 160 40 moueatur

167 644 191 49 plusquam
310 644 127 49 vno,
390 644 111 49 aut
453 644 95 49 vt
501 644 191 49 moueatur
644 644 175 49 omnibus
772 644 191 49 motibus.
915 644 95 49 Si
962 644 159 49 igitur
1058 644 143 49 mouetur

170 692 101 47 non
227 692 274 47 accidentaliter,
458 692 72 47 &
487 692 130 47 motus
573 692 101 47 est
631 692 86 47 ei
674 692 231 47 naturaliter.
861 692 86 47 &,
904 692 86 47 si
948 692 101 47 ita
1005 692 115 47 sit,
1077 692 130 47 habet
1149 692 58 47 lo

161 729 110 42 cum
224 729 158 42 etiam.
335 729 142 42 omnes
429 729 126 42 enim
508 729 158 42 motus,
619 729 126 42 quod
697 729 189 42 diximus,
839 729 126 42 sunt
918 729 95 42 in
950 729 110 42 loco.

171 771 100 43 Cum
228 771 158 43 diuisit
343 771 129 43 motum
429 771 86 43 in
471 771 100 43 duo
529 771 258 43 essentialiter,
744 771 72 43 &
772 771 272 43 accidentaliter,
1001 771 172 43 incoepit
1116 771 86 43 per-

154 816 168 43 serutari
280 816 126 43 vtrum
364 816 98 43 sit
420 816 182 43 possibile
560 816 84 43 vt
602 816 126 43 anima
686 816 168 43 moueatur
811 816 98 43 per
867 816 98 43 se,
923 816 70 43 &
951 816 140 43 dicit.
1049 816 84 43 Et
1091 816 112 43 quia
1147 816 56 43 mo

168 855 103 44 tum
227 855 176 44 dicitur,
359 855 103 44 &c.
417 855 132 44 idest
505 855 88 44 &,
549 855 103 44 cum
608 855 205 44 declaratum
769 855 103 44 est
827 855 117 44 quod
901 855 132 44 motus
988 855 161 44 dicitur
1091 855 117 44 duobus

173 896 146 43 modis,
276 896 248 43 perserutandum
480 896 102 43 est
538 896 131 43 vtrum
626 896 131 43 anima
714 896 175 43 moueatur
845 896 102 43 per
903 896 102 43 se,
962 896 102 43 aut
1020 896 102 43 non
1064 896 146 43 moueatur

171 940 119 38 nisi
245 940 282 38 accidentaliter.
483 940 148 38 Deinde
586 940 193 38 proposuit
735 940 119 38 huic
809 940 119 38 tres
883 940 267 38 propositiones,
1090 940 119 38 quarum

175 971 92 47 vna
227 971 92 47 est
280 971 105 47 quod
345 971 118 47 motus
423 971 105 47 sunt
489 971 105 47 tres
554 971 78 47 in
593 971 144 47 genere.
698 971 92 47 sed
750 971 105 47 ipse
816 971 118 47 dixit
894 971 144 47 quatuor
999 971 131 47 large,
1090 971 118 47 quasi
1156 971 52 47 nu

168 1013 175 38 merando
296 1013 239 38 additionem,
487 1013 80 38 &
519 1013 255 38 diminutionem
726 1013 112 38 pro
790 1013 175 38 duobus.
918 1013 175 38 Secunda
1045 1013 144 38 autem
1125 1013 80 38 est

169 1051 125 53 quod,
252 1051 83 53 si
294 1051 125 53 anima
377 1051 166 53 mouetur,
502 1051 97 53 aut
557 1051 97 53 vno
612 1051 152 53 istorum
723 1051 152 53 motuum,
834 1051 97 53 aut
889 1051 180 53 pluribus,
1028 1051 97 53 aut
1069 1051 125 53 omnibus

171 1091 168 49 mouetur.
297 1091 140 49 Tertia
395 1091 112 49 vero
464 1091 98 49 est
520 1091 126 49 quod,
604 1091 84 49 si
646 1091 154 49 mouetur
758 1091 98 49 vno
814 1091 154 49 istorum
926 1091 154 49 motuum,
1037 1091 154 49 necesse
1135 1091 70 49 est

166 1129 90 42 vt
211 1129 105 42 sit
271 1129 165 42 corpus.
391 1129 120 42 Quod
466 1129 150 42 autem,
571 1129 90 42 si
616 1129 135 42 anima
706 1129 180 42 mouetur,
841 1129 120 42 tunc
916 1129 105 42 vno
976 1129 165 42 istorum
1081 1129 120 42 motuum

171 1180 175 39 mouetur,
303 1180 102 39 sic
361 1180 219 39 componitur.
536 1180 88 39 Si
580 1180 131 39 anima
668 1180 161 39 mouetur
785 1180 263 39 essentialiter,
1004 1180 204 39 necessario
1150 1180 58 39 mo

165 1219 136 37 uetur
255 1219 106 37 vno
316 1219 241 37 essentialium
512 1219 166 37 motuum,
632 1219 106 37 aut
693 1219 196 37 pluribus,
843 1219 106 37 aut
904 1219 181 37 omnibus:
1039 1219 75 37 &
1069 1219 136 37 omnis
1145 1219 60 37 mo

168 1252 95 39 tus
223 1252 95 39 aut
277 1252 95 39 est
331 1252 122 39 loci,
412 1252 95 39 aut
466 1252 230 39 alterationis,
655 1252 95 39 aut
709 1252 176 39 augmenti:
844 1252 108 39 ergo
912 1252 135 39 anima,
1006 1252 81 39 si
1047 1252 162 39 mouetur,
1155 1252 54 39 mo

175 1287 140 45 uetur,
273 1287 98 45 aut
329 1287 196 45 localiter,
483 1287 98 45 aut
539 1287 182 45 cremento,
679 1287 98 45 aut
734 1287 224 45 alteratione.
916 1287 84 45 &,
958 1287 98 45 cum
1000 1287 210 45 coniunxerimus

164 1327 143 43 liuic
259 1327 127 43 quod
339 1327 127 43 omne
418 1327 143 43 motum
513 1327 159 43 aliquo
625 1327 175 43 istorum
752 1327 159 43 motuum
863 1327 111 43 est
926 1327 175 43 corpus,
1053 1327 95 43 vt
1085 1327 127 43 decla-

170 1366 129 44 ratum
256 1366 101 44 est
313 1366 86 44 in
357 1366 129 44 Sexto
443 1366 158 44 Physic.
558 1366 216 44 concludetur
730 1366 129 44 quod,
817 1366 86 44 si
860 1366 129 44 anima
946 1366 173 44 mouetur,
1076 1366 101 44 est
1119 1366 86 44 cor-

174 1407 110 47 pus,
243 1407 69 47 &
271 1407 83 47 in
312 1407 124 47 loco:
395 1407 97 47 cum
450 1407 110 47 omne
519 1407 138 47 corpus
616 1407 97 47 sit
671 1407 83 47 in
713 1407 124 47 loco.
796 1407 97 47 Hoc
851 1407 138 47 igitur
947 1407 166 47 possumus
1058 1407 138 47 intelli-

170 1444 110 50 gere
239 1444 83 50 de
280 1444 110 50 hoc,
349 1444 110 50 quod
418 1444 138 50 dicit,
515 1444 83 50 si
556 1444 138 50 igitur
653 1444 152 50 mouetur
763 1444 96 50 non
818 1444 262 50 accidentaliter,
1039 1444 69 50 &
1066 1444 124 50 motus
1135 1444 69 50 est

173 1487 82 46 ei
214 1487 219 46 naturaliter.
392 1487 82 46 Si
433 1487 137 46 igitur
529 1487 96 46 ita
584 1487 110 46 sit,
652 1487 123 46 habet
735 1487 137 46 locum.
830 1487 123 46 omnes
913 1487 110 46 enim
981 1487 123 46 motus
1049 1487 151 46 praedicti

164 1523 110 40 sunt
233 1523 83 40 in
275 1523 124 40 loco.
358 1523 83 40 si
399 1523 138 40 igitur
496 1523 152 40 mouetur
606 1523 221 40 naturaliter:
786 1523 69 40 &
813 1523 124 40 omnis
896 1523 124 40 motus
979 1523 207 40 naturaliter
1131 1523 69 40 est

172 1564 113 49 vnus
243 1564 156 49 illorum
356 1564 142 49 trium:
455 1564 71 49 &
483 1564 170 49 quilibet
611 1564 156 49 illorum
724 1564 99 49 est
780 1564 85 49 in
823 1564 170 49 corpore:
950 1564 71 49 &
979 1564 113 49 omne
1049 1564 142 49 corpus
1134 1564 71 49 est

171 1599 77 44 in
210 1599 115 44 loco:
286 1599 141 44 necesse
389 1599 90 44 est
440 1599 77 44 vt
478 1599 115 44 anima
555 1599 90 44 sit
606 1599 77 44 in
645 1599 115 44 loco.
722 1599 77 44 &,
760 1599 90 44 cum
811 1599 128 44 fuerit
901 1599 77 44 in
939 1599 115 44 loco,
1016 1599 102 44 erit
1080 1599 102 44 mota
1144 1599 90 44 mo

166 1644 91 40 tu
211 1644 152 40 locali
318 1644 229 40 necessario.
501 1644 122 40 omne
577 1644 137 40 enim,
669 1644 122 40 quod
745 1644 168 40 mouetur
867 1644 152 40 altero
973 1644 168 40 illorum
1080 1644 122 40 duorum

166 1683 161 37 motuum,
284 1683 161 37 mouetur
401 1683 206 37 localiter:
563 1683 103 37 sed
621 1683 103 37 non
680 1683 235 37 conuertitur.
871 1683 103 37 Sed
930 1683 88 37 in
974 1683 147 37 verbis
1077 1683 103 37 est
1121 1683 73 37 am-

170 1718 186 45 biguitas.
313 1718 157 45 quoniam
427 1718 86 45 d.
470 1718 129 45 omnes
555 1718 114 45 enim
627 1718 129 45 motus
712 1718 186 45 praedicti
855 1718 114 45 sunt
927 1718 86 45 in
969 1718 129 45 loco:
1055 1718 71 45 &
1084 1718 114 45 non.
1141 1718 57 45 de

164 1764 132 39 omnia
252 1764 117 39 enim
325 1764 117 39 mota
399 1764 132 39 illis
487 1764 161 39 motibus
604 1764 205 39 praedictis
765 1764 117 39 sunt
838 1764 88 39 in
882 1764 132 39 loco:
970 1764 103 39 sed
1028 1764 132 39 omnes
1102 1764 103 39 motus

170 1799 203 49 praedicti.
330 1799 102 49 sed
388 1799 102 49 hoc
447 1799 131 49 etiam
534 1799 174 49 secundum
664 1799 116 49 suum
737 1799 131 49 modum
824 1799 102 49 non
882 1799 116 49 vere
955 1799 160 49 dicitur
1071 1799 87 49 de
1100 1799 102 49 illis

167 1838 141 44 motibus
270 1838 141 44 tribus,
372 1838 154 44 scilicet
488 1838 77 44 vt
526 1838 103 44 sint
590 1838 77 44 in
629 1838 115 44 loco,
706 1838 77 44 si
744 1838 103 44 hoc,
808 1838 103 44 quod
873 1838 115 44 dixit
950 1838 180 44 praedicti,
1078 1838 128 44 respodet

162 1876 130 47 illis
248 1876 159 47 tribus.
364 1876 130 47 motus
451 1876 116 47 enim
524 1876 232 47 alterationis
712 1876 101 47 non
770 1876 101 47 est
828 1876 87 47 in
871 1876 130 47 loco.
958 1876 87 47 Et
1002 1876 116 47 ideo
1060 1876 159 47 possumusi
