1416 2066
232 164 87 38 etae
286 164 163 38 extrinsecus
417 164 120 38 aduenit
504 164 109 38 nobis,
580 164 65 38 vt
613 164 98 38 patet
678 164 76 38 in.
710 164 33 38 3

228 197 72 42 de
264 197 108 42 gene.
336 197 167 42 animalium.
467 197 96 42 cap.
527 197 72 42 3.
563 197 60 42 &
587 197 96 42 tunc
646 197 60 42 a
658 197 84 42 Natu-

232 229 97 38 rabi
293 229 85 38 non
341 229 206 38 consyderatur,
511 229 97 38 nisi
572 229 158 38 inquantum
681 229 61 38 est

227 261 185 40 principium,
375 261 86 40 per
424 261 99 40 quod
486 261 99 40 homo
548 261 173 40 intelligit
683 261 62 40 &
696 261 49 40 ap

231 295 100 32 perit
298 295 134 32 appetito
398 295 189 32 intellectiuo.
554 295 89 32 Vnde
609 295 100 32 recte
665 295 78 32 dicit

231 321 87 33 Com.
285 321 87 33 quod
339 321 87 33 illa
394 321 108 33 animae
469 321 141 33 definitio
578 321 76 33 non
621 321 119 33 vniuoce
697 321 54 33 com

237 352 94 34 petit
299 352 189 34 intellectiuae,
457 352 52 34 &
478 352 105 34 aliis.
551 352 94 34 Vnde,
614 352 94 34 sicut
667 352 73 34 intel

231 381 142 37 ligentia
338 381 189 37 consyderatur
491 381 59 37 a
515 381 154 37 Naturali,
621 381 130 37 inquantum

234 413 82 38 est
281 413 105 38 anima
351 413 117 38 orbis,
432 413 82 38 pro
479 413 117 38 quanto
561 413 82 38 dat
607 413 93 38 sibi
654 413 93 38 motum.

237 443 60 31 &
261 443 95 31 sic,
320 443 71 31 vt
356 443 131 31 scribit
451 443 131 31 Commen.
547 443 179 31 assimilatur
678 443 71 31 for-

235 477 96 29 trae
295 477 157 29 naturali.
416 477 84 29 pro
464 477 120 29 quanto
548 477 108 29 autem
621 477 84 29 non
657 477 84 29 diui-

233 505 109 32 ditur
306 505 73 32 ad
342 505 97 32 eius
403 505 182 32 diuisionem,
549 505 182 32 assimilatur
682 505 61 32 ab-

228 537 146 33 stractae
337 537 134 33 formae.
435 537 134 33 propter
532 537 85 33 hoc
581 537 110 33 tamen
654 537 85 33 non
690 537 61 33 di-

233 566 104 36 citur
302 566 196 36 intelligentia
463 566 173 36 quiditatiue
601 566 58 36 a
624 566 115 36 Natura
693 566 58 36 li-

235 599 186 35 consyderari.
387 599 105 35 Eodem
456 599 93 35 modo
514 599 186 35 intellectus,
666 599 70 35 vt
689 599 58 35 est

224 629 114 37 anima
301 629 140 37 hominis
402 629 165 37 videlicet
529 629 76 37 vt
567 629 89 37 per
618 629 114 37 ipsum
682 629 64 37 ho-

229 659 73 35 mo
265 659 181 35 intelligit.
410 659 169 35 quodammodo
543 659 181 35 assimilatur
676 659 73 35 for-

233 693 91 30 nmae
289 693 148 30 naturali,
403 693 57 30 &
426 693 80 30 sic
471 693 170 30 intellectus
608 693 114 30 natura
676 693 68 30 dici

230 723 135 38 potest:
328 723 86 38 pro
377 723 123 38 quanto
463 723 110 38 autem
536 723 86 38 non
586 723 159 38 diuiditur
696 723 49 38 ad

226 752 166 35 diuisionem
356 752 142 35 hominis,
463 752 130 35 dicitur
558 752 166 35 assimilari
676 752 71 35 for-

227 785 77 38 mis
271 785 166 38 abstractis,
404 785 121 38 propter
492 785 77 38 hoc
536 785 99 38 tamen
602 785 77 38 non
636 785 110 38 sequitur

222 814 175 36 intellectum
363 814 175 36 quiditatiue
503 814 58 36 a
526 814 140 36 Naturali
620 814 129 36 consydera

223 846 74 36 ri,
266 846 96 36 sicut
330 846 96 36 neque
393 846 149 36 sequebatur
510 846 64 36 de
542 846 191 36 intelligentia.
691 846 53 36 Sed

230 877 142 38 replicabis
341 877 81 38 quod
392 877 71 38 est
433 877 91 38 ratio
494 877 172 38 diuerfitatis.
635 877 81 38 quia
676 877 71 38 intel

232 907 154 31 ligentia
348 907 116 31 habet
425 907 116 31 aliam
502 907 193 31 operationem
644 907 103 31 natura

233 940 143 36 priorem,
340 940 71 36 in
376 940 83 36 qua
423 940 83 36 non
471 940 143 36 dependet
578 940 59 36 a
601 940 143 36 corpore,
696 940 48 36 vi

234 967 124 35 delicet
324 967 169 35 intelligere
459 967 56 35 &
481 967 113 35 velle,
560 967 79 35 sed
605 967 101 35 anima
661 967 79 35 intel

231 999 125 35 lectiua
321 999 79 35 non
367 999 113 35 habet,
446 999 91 35 quia
502 999 170 35 Aristoteles
638 999 102 35 dicit
695 999 45 35 in

226 1029 108 40 primo
298 1029 72 40 de
334 1029 120 40 anima.
418 1029 192 40 Intelligere,
573 1029 96 40 siue
633 1029 84 40 sit
669 1029 72 40 ima-

231 1068 121 33 ginari,
319 1068 88 33 siue
374 1068 77 33 non
418 1068 99 33 fieri
484 1068 110 33 possit
562 1068 88 33 sine
606 1068 143 33 imaginatio-

227 1093 81 37 ne,
274 1093 81 37 non
320 1093 151 37 contingit
437 1093 116 37 abique
518 1093 128 37 corpore
611 1093 105 37 esse.
681 1093 58 37 &
693 1093 58 37 ita

228 1123 94 31 cum
281 1123 120 31 anima
361 1123 214 31 intellectiua
535 1123 94 31 non
589 1123 134 31 habeat
669 1123 80 31 ali-

229 1157 106 35 quam
295 1157 198 35 operationem
453 1157 106 35 sibi
519 1157 172 35 propriam,
652 1157 92 35 non
691 1157 53 35 po

231 1188 92 39 test
288 1188 57 39 a
311 1188 126 39 corpore
403 1188 149 39 separari,
517 1188 57 39 &
540 1188 80 39 ita
586 1188 172 39 quiditatiue
713 1188 34 39 a

232 1211 139 39 Naturali
337 1211 220 39 consyderabitui,
522 1211 197 39 intelligentia
673 1211 69 39 vero

234 1248 108 34 solum
306 1248 84 34 quo
354 1248 72 34 ad
390 1248 96 34 quia
450 1248 96 34 est.
509 1248 96 34 Sed,
569 1248 72 34 si
605 1248 84 34 hoc
641 1248 108 34 argumen

234 1279 82 35 tum
281 1279 176 35 demonstrat,
422 1279 94 35 tunc
481 1279 118 35 igitur
564 1279 82 35 non
611 1279 82 35 est
646 1279 94 35 diffe-

235 1310 125 36 rentia
323 1310 113 36 inter
398 1310 188 36 intellectum
549 1310 63 36 &
574 1310 138 36 animam:
674 1310 63 36 &
686 1310 63 36 ita

232 1340 97 38 male
293 1340 183 38 Aristoteles
439 1340 134 38 taxauit
536 1340 146 38 Antiquos
646 1340 73 38 in
670 1340 73 38 hoc,

231 1370 61 32 &
255 1370 98 32 male
316 1370 146 32 asseruit
426 1370 110 32 ipsum
499 1370 110 32 solum
572 1370 61 32 a
597 1370 134 32 corpore
682 1370 61 32 se-

234 1401 137 41 parari.
333 1401 137 41 Dicamus
432 1401 124 41 igitur
519 1401 99 41 quod
581 1401 149 41 tenendo,
681 1401 62 41 si-

236 1429 81 42 cxt
283 1429 139 42 tenendum
387 1429 81 42 est
433 1429 139 42 secundum
538 1429 174 42 Aristotelem
677 1429 93 42 quod

233 1463 161 35 intellectus
362 1463 75 35 sit
405 1463 108 35 virtus
481 1463 140 35 abstraeta
588 1463 54 35 a
610 1463 129 35 materia,
696 1463 43 35 vt

230 1492 93 32 fuit
288 1492 116 32 opinio
369 1492 104 32 etiam
439 1492 185 32 Theophrasti,
589 1492 81 32 qui
636 1492 93 32 fuit
682 1492 58 32 au-

235 1525 102 34 ditor
303 1525 182 34 Aristotelis,
451 1525 57 34 &
473 1525 114 34 opinio
553 1525 159 34 Themistil,
678 1525 57 34 &
689 1525 57 34 Com

229 1558 106 29 menta.
304 1558 85 29 quod
357 1558 64 29 de
388 1558 159 29 necessitate
516 1558 95 29 habet
569 1558 180 29 intellectionem,

239 1585 161 39 perpetuam,
366 1585 81 39 per
412 1585 92 39 quam
470 1585 161 39 intelligit
597 1585 69 39 in
632 1585 69 39 se
655 1585 92 39 consy-

232 1620 132 30 deratus
328 1620 180 30 substantias
472 1620 192 30 sempiternas:
629 1620 60 30 &
653 1620 84 30 est
689 1620 60 30 sem

233 1652 81 31 per
280 1652 116 31 foelix
361 1652 69 31 in
396 1652 81 31 se.
442 1652 93 31 Vult
500 1652 93 31 enim
558 1652 151 31 Commenta.
674 1652 93 31 quod

234 1677 69 37 si
268 1677 115 37 noster
349 1677 173 37 intellectus
487 1677 81 37 non
533 1677 115 37 potest
602 1677 150 37 intelligere

237 1708 105 38 subst:
310 1708 94 38 nrias
373 1708 157 38 abstractat,
498 1708 84 38 quod
550 1708 105 38 nullus
613 1708 136 38 intellectus

239 1739 109 38 posset
316 1739 98 38 etiam
381 1739 175 38 intelligere:
523 1739 87 38 quia
578 1739 66 38 in
611 1739 131 38 talibus,
698 1739 44 38 vt

234 1769 105 40 dicit.
307 1769 63 40 3.
339 1769 63 40 de
370 1769 105 40 anima.
444 1769 84 40 com.
496 1769 74 40 36.
538 1769 126 40 quicquid
622 1769 126 40 intelligit

235 1802 112 32 vilius
313 1802 157 32 intelligit
437 1802 146 32 nobilius,
549 1802 56 32 &
572 1802 79 32 non
617 1802 135 32 econtra.
706 1802 34 32 L

240 1836 86 31 cetr
294 1836 108 31 igitur
370 1836 162 31 intelligere
499 1836 65 31 in
532 1836 108 31 nobis,
607 1836 86 31 quod
651 1836 86 31 commu-

232 1868 107 38 niter
304 1868 167 38 exretimur,
434 1868 60 38 &
458 1868 71 38 de
494 1868 83 38 quo
542 1868 179 38 Aristoteles
673 1868 71 38 egit

763 165 73 35 in
799 165 122 35 tertio
885 165 73 35 de
921 165 122 35 anima,
1007 165 85 35 cum
1055 165 195 35 imaginatione
1202 165 85 35 fiat:

767 196 59 35 &
791 196 82 35 sic
838 196 105 35 talis
908 196 176 35 intellectus
1049 196 129 35 dicitur
1142 196 105 35 anima
1213 196 59 35 &
1224 196 59 35 na-

768 228 106 31 tura,
839 228 94 31 quia
897 228 176 31 assimilatur
1038 228 117 31 animae
1120 228 59 31 &
1144 228 117 31 formae
1214 228 59 31 na-

768 259 126 32 turali,
859 259 92 32 quia
916 259 69 32 vt
951 259 80 32 sic
997 259 80 32 est
1042 259 103 32 motor
1111 259 160 32 coniunctus
1226 259 57 32 tan

766 292 93 36 gens
824 292 139 36 hominem,
929 292 104 36 sicut
998 292 197 36 intelligentia
1160 292 116 36 orbem,
1230 292 46 36 ta

765 326 90 28 men
817 326 77 28 in
855 326 77 28 se
894 326 218 28 consyderatus,
1073 326 90 28 cum
1125 326 90 28 non
1163 326 116 28 diuida-

767 351 83 35 tur
815 351 71 35 ad
850 351 130 35 hominis
945 351 178 35 diuisionem,
1087 351 83 35 sed
1135 351 83 35 sit
1170 351 107 35 subslan

770 383 77 33 tia
814 383 154 33 abstracta,
935 383 77 33 sic
979 383 99 33 habet
1045 383 165 33 intelligere
1166 383 110 33 aeternum

768 413 111 37 supra
842 413 136 37 tempus,
941 413 62 37 &
966 413 111 37 supra
1040 413 99 37 omne
1102 413 136 37 corpus.
1201 413 74 37 Et
1226 413 50 37 de

772 442 116 33 aliter
853 442 174 33 consyderato
992 442 162 33 intellectu
1120 442 58 33 &
1131 442 151 33 intellectio

765 475 71 39 ne
801 475 83 39 non
848 475 142 39 pertinet
954 475 71 39 ad
990 475 165 39 Naturalem.
1120 475 106 39 cuius
1179 475 106 39 argumen

771 508 60 37 o
795 508 85 37 est
843 508 97 37 quod
904 508 181 37 Aristoteles
1049 508 121 37 mouens
1134 508 97 37 hanc
1194 508 109 37 quae

763 538 128 36 stionem
856 538 70 36 in
891 538 116 36 tertio
972 538 70 36 de
1007 538 116 36 anima,
1088 538 81 36 non
1135 538 116 36 soluit
1204 538 70 36 ibi,

764 569 82 38 sed
811 569 106 38 dixit
882 569 94 38 quod
940 569 70 38 de
976 569 82 38 hoc
1023 569 94 38 erit
1081 569 153 38 posterius
1187 569 94 38 consy-

769 596 171 38 derandum,
900 596 105 38 quia
966 596 145 38 videbat
1071 596 92 38 hoc
1124 596 158 38 spectare
1229 596 53 38 ad

764 628 161 38 scientiam
887 628 148 38 Diuinam,
999 628 99 38 quae
1060 628 87 38 est
1110 628 161 38 posterior
1221 628 62 38 via

762 660 146 30 doctrinae
874 660 135 30 caeteris
975 660 157 30 scientiis.
1099 660 90 30 Vnde
1155 660 67 30 &.
1189 660 67 30 9.
1212 660 67 30 pri-

761 693 80 36 mae
806 693 183 36 philosophiae
955 693 68 36 de
989 693 91 36 tali
1046 693 148 36 intuitiua
1149 693 126 36 cognitio-

758 724 73 38 ne
794 724 182 38 intellectus
940 724 146 38 respectu
1049 724 206 38 substantiarum
1207 724 73 38 sepa

769 751 117 35 ratarum
854 751 96 35 dicit
918 751 85 35 quod
971 751 74 35 non
1014 751 74 35 est
1056 751 64 35 in
1088 751 106 35 nobis,
1162 751 96 35 sicut
1215 751 64 35 cae-

768 786 113 32 citas.
847 786 68 32 Et
880 786 113 32 beatus
959 786 113 32 Thomas
1038 786 68 32 ab
1072 786 90 32 ipsa
1128 786 135 32 veritate
1219 786 56 32 co-

767 820 102 31 actus
834 820 147 31 concessit
947 820 90 31 ibi:
1004 820 56 31 &
1027 820 124 31 notauit
1117 820 102 31 illud
1185 820 68 31 de
1207 820 68 31 men-

761 845 65 37 te
794 845 161 37 Philosophi.
923 845 140 37 videlicet
1030 845 86 37 quod
1084 845 161 37 intellectus
1203 845 75 37 homi-

763 874 86 31 nis
812 874 111 31 habet
886 874 136 31 quoddam
985 874 197 31 intelligere,
1145 874 86 31 non
1182 874 99 31 depen-

763 908 90 41 dens
819 908 68 41 ab
853 908 192 41 imaginatione,
1011 908 102 41 sicut
1079 908 79 41 est
1124 908 147 41 intuitiua
1226 908 56 41 com

762 937 124 40 gnitio
848 937 261 40 intelligentiarum.
1072 937 99 40 quod
1134 937 124 40 quidem
1221 937 87 40 in

764 973 162 36 telligere
888 973 125 36 homini
976 973 150 36 secundum
1075 973 200 36 Peripateticos:

762 995 105 39 licet
832 995 82 39 non
879 995 151 39 contingat
995 995 93 39 nisi
1054 995 70 39 in
1089 995 151 39 postremo,
1205 995 70 39 in
1228 995 47 39 se

765 1030 110 36 tamen
838 1030 195 36 consyderatus
997 1030 183 36 intellectus
1143 1030 122 36 semper
1216 1030 61 36 ha-

759 1059 91 34 bet
811 1059 130 34 illud.
902 1059 78 34 Et
941 1059 91 34 hoc
993 1059 117 34 etiam
1070 1059 143 34 notauit
1161 1059 117 34 Commen.

761 1091 71 34 in
797 1091 106 34 primo
868 1091 71 34 de
903 1091 118 34 anima,
986 1091 130 34 commen.
1080 1091 83 34 12.
1127 1091 71 34 si
1163 1091 95 34 bene
1210 1091 71 34 ani-

768 1124 166 33 maduertis.
898 1124 83 33 Dic
946 1124 118 33 igitur
1029 1124 142 33 resolute
1123 1124 154 33 intellectum

759 1151 200 42 consyderari
919 1151 67 42 a
945 1151 160 42 Naturali
1066 1151 93 42 quo
1119 1151 80 42 ad
1159 1151 107 42 quod
1212 1151 67 42 est

767 1185 92 29 modo
825 1185 161 29 praedicto,
952 1185 173 29 quiditatiue
1090 1185 92 29 vero
1148 1185 58 29 a
1160 1185 115 29 scientia

767 1215 124 31 Diuina.
857 1215 68 31 Et
891 1215 79 31 ita
936 1215 79 31 non
982 1215 79 31 est
1027 1215 181 31 contradictio
1174 1215 68 31 in
1197 1215 90 31 dictis

762 1247 184 35 Aristotelis
909 1247 147 35 alicuius
1019 1247 147 35 mouenti.
1129 1247 73 35 Ad
1154 1247 122 35 rationes

764 1283 200 26 respondetur,
926 1283 100 26 quod
988 1283 100 26 bene
1050 1283 112 26 ratio
1125 1283 150 26 procedit
1225 1283 50 26 de

761 1309 189 30 Philosopho
910 1309 176 30 Naturali,
1045 1309 68 30 &
1072 1309 95 30 non
1126 1309 81 30 de
1153 1309 122 30 Diuino,

761 1341 91 29 quia
818 1341 137 29 scientia
920 1341 148 29 Naturalis
1034 1341 80 29 est
1080 1341 137 29 scientia
1171 1341 103 29 specia-

760 1369 94 33 lis,
819 1369 71 33 ad
855 1369 94 33 quam
913 1369 130 33 spectat
1008 1369 177 33 consyderare
1138 1369 141 33 quiditates

760 1402 116 32 rerum
838 1402 194 32 sensibilium
993 1402 78 32 in
1031 1402 207 32 particulari,
1199 1402 65 32 &
1212 1402 65 32 sub

761 1432 177 36 particulari
903 1432 130 36 ratione
997 1432 142 36 formali,
1104 1432 95 36 quia
1151 1432 130 36 inquantum

759 1457 155 41 sensibiles
881 1457 89 41 sunt
936 1457 77 41 sed
980 1457 133 41 scientia
1080 1457 111 41 Dtuina
1157 1457 77 41 est
1190 1457 89 41 scien-

765 1494 88 31 tia
815 1494 163 31 communis.
940 1494 75 31 ad
977 1494 100 31 quam
1040 1494 138 31 spectat
1140 1494 113 31 omnia
1202 1494 75 31 com-

763 1524 154 38 syderare
879 1524 77 38 in
918 1524 142 38 ratione
1021 1524 142 38 communi
1124 1524 64 38 &
1136 1524 142 38 transcen-

757 1557 129 37 denti,
848 1557 78 37 vt
886 1557 116 37 dicit
964 1557 194 37 Philosophus
1119 1557 78 37 in
1145 1557 129 37 procemio

760 1588 171 36 Metaphysi.
894 1588 61 36 &
919 1588 171 36 clarissime
1054 1588 73 36 in
1090 1588 86 36 ei.
1127 1588 147 36 metaphysi.

767 1617 72 35 ca.
808 1617 62 35 2.
839 1617 82 35 vel.
890 1617 62 35 3.
921 1617 62 35 ad
952 1617 103 35 finem.
1024 1617 62 35 Si
1055 1617 103 35 igitur
1127 1617 93 35 Natir
1188 1617 82 35 alis
1230 1617 51 35 qui

762 1645 146 38 ditatiue
872 1645 195 38 consyderaret
1030 1645 195 38 intellectum,
1176 1645 98 38 igitur

768 1678 121 36 omnem
848 1678 202 36 intellectum
1010 1678 188 36 abstractum
1144 1678 135 36 consyde-

769 1709 105 37 raret
840 1709 188 37 quiditatiue,
992 1709 94 37 quia
1051 1709 82 37 non
1097 1709 82 37 est
1144 1709 105 37 maior
1203 1709 82 37 ratio

768 1739 69 31 de
802 1739 92 31 vno,
860 1739 92 31 quam
917 1739 69 31 de
952 1739 104 31 alio,
1021 1739 69 31 in
1055 1739 69 31 eo
1090 1739 92 31 quod
1147 1739 81 31 est
1182 1739 104 31 intelle

763 1769 102 33 ctum
827 1769 64 33 &
853 1769 192 33 abstractum,
1006 1769 64 33 &
1031 1769 77 33 ex
1070 1769 102 33 alia
1134 1769 115 33 parte
1197 1769 77 33 con-

766 1801 156 39 syderaret
886 1801 180 39 quiditatiue
1031 1801 96 39 omne
1091 1801 168 39 sensibile:
1211 1801 72 39 ista

759 1831 113 35 autem
835 1831 101 35 sunt
898 1831 151 35 extrema,
1011 1831 101 35 quia
1074 1831 101 35 vnum
1137 1831 88 35 est
1175 1831 101 35 secun-

768 1859 76 40 dum
812 1859 87 40 esse
866 1859 54 40 &
888 1859 141 40 rationem,
996 1859 65 40 in
1029 1859 130 40 materia,
1127 1859 98 40 aliud
1181 1859 109 40 vtroquae
