1416 2066
551 123 359 65 Dedicatoria

205 203 215 56 gnitionem
370 203 182 56 lquorum
502 203 99 56 ut
551 203 149 56 roque
650 203 165 56 minime
766 203 231 56 instructum
947 203 182 56 ueterem
1063 203 215 56 interpretem

214 243 147 64 fuisse
317 243 176 64 constat,
450 243 162 64 amplius
567 243 118 64 acri
641 243 162 64 iudicio
758 243 191 64 praeditum
905 243 118 64 esse
979 243 176 64 oportet:
1111 243 88 64 ut
1155 243 103 64 ubi
1199 243 74 64 no-

216 292 137 48 mina,
307 292 228 48 loquendique
490 292 152 48 formae
596 292 107 48 non
657 292 122 48 idem
733 292 198 48 ualebunt,
885 292 122 48 quae
961 292 137 48 illis
1053 292 91 48 in
1098 292 152 48 altera
1190 292 91 48 lin-

214 340 109 63 gua
277 340 249 63 similitudine
479 340 93 63 ac
526 340 234 63 proportione
713 340 249 63 respondeant,
915 340 187 63 reperire
1055 340 93 63 ac
1086 340 187 63 discernere

213 387 177 62 possit:
341 387 112 62 nam
406 387 96 62 ad
454 387 128 62 hunc
534 387 144 62 modum
630 387 96 62 si
678 387 112 62 sua
742 387 209 62 quibusque
903 387 112 62 uis
967 387 225 62 tribuetur,
1144 387 80 62 &
1160 387 112 62 faci-

216 440 124 50 lius
293 440 155 50 sensum
401 440 186 50 auctoris
541 440 248 50 consequemur,
742 440 77 50 &
773 440 155 50 omnino
881 440 124 50 ipsi
958 440 186 50 orationi
1098 440 124 50 plus
1160 440 108 50 uenu-

218 484 148 61 statis
322 484 74 61 &
352 484 208 61 splendoris
515 484 222 61 accesserit.
693 484 104 61 Qua
752 484 193 61 facultate
900 484 104 61 cum
960 484 193 61 interpres
1108 484 133 61 iste,
1182 484 89 61 qui-

210 537 175 50 cunquae
337 537 159 50 tandem
449 537 127 50 ille
529 537 143 50 fuit,
624 537 159 50 Qneque
736 537 127 50 enim
815 537 143 50 nomen
911 537 111 50 est
974 537 191 50 proditum
1118 537 143 50 plane
1197 537 80 50 ca-

216 595 179 39 ruerit,
346 595 146 39 omnia
443 595 227 39 perabsurde
622 595 179 39 uertit.
752 595 114 39 nec
816 595 97 39 in
865 595 114 39 his
930 595 195 39 duntaxat
1076 595 130 39 quae
1141 595 130 39 comme-

210 636 230 63 morauimus,
390 636 131 63 eius
472 636 213 63 imperitia
637 636 263 63 perspicitur:
850 636 115 63 sed
916 636 148 63 etiam
1014 636 99 63 in
1064 636 213 63 exponenda
1211 636 66 63 ui

213 691 169 50 partium
335 691 215 50 orationis:
504 691 199 50 cuiusmodi
657 691 123 50 sunt
734 691 276 50 coniunctiones,
964 691 230 50 participia,
1133 691 138 50 praepo-

210 732 202 61 sitiones,
366 732 217 61 caeteraque
536 732 171 61 generis
661 732 186 61 eiusdem.
800 732 140 61 quae,
893 732 171 61 perinde
1018 732 140 61 quasi
1111 732 124 61 unam
1173 732 93 61 ean-

212 780 159 64 demque
323 780 111 64 rem
387 780 159 64 ubique
498 780 206 64 notarent,
656 780 206 64 praeterit
815 780 95 64 ac
863 780 206 64 negligit:
1021 780 95 64 ex
1069 780 111 64 quo
1132 780 111 64 per
1180 780 95 64 mul-

210 828 90 47 ta
255 828 135 47 uitia
345 828 75 47 &
375 828 165 47 errores
494 828 90 47 in
539 828 255 47 interpretanda
749 828 90 47 ac
794 828 225 47 continuanda
974 828 195 47 orationis
1123 828 135 47 serie
1198 828 75 47 con

207 876 135 63 sequi
297 876 165 63 necesse
417 876 120 63 est.
492 876 105 63 His
552 876 105 63 tot
612 876 195 63 tantisque
762 876 210 63 incommodis
927 876 105 63 cum
987 876 150 63 aliqui
1092 876 90 63 ex
1122 876 150 63 nostris,

213 939 107 48 qui
274 939 123 48 post
351 939 368 48 Constantinopolitanum
673 939 184 48 excidium
811 939 92 48 in
857 939 169 48 italiam
980 939 92 48 se
1026 939 230 48 receperant,
1194 939 77 48 con

218 976 153 50 sultum
325 976 122 50 esse
401 976 199 50 cuperent:
554 976 183 50 dederunt
691 976 92 50 se
737 976 122 50 huic
814 976 153 50 generi
921 976 214 50 studiorum,
1089 976 76 50 &
1104 976 168 50 praestan-

216 1021 188 46 tissimum
357 1021 172 46 quenque
483 1021 141 46 huius
576 1021 329 46 philosophilibrum,
858 1021 78 46 e
890 1021 157 46 graeco
999 1021 204 46 inlatinum
1140 1021 141 46 transtu

210 1067 172 55 terunt.
336 1067 172 55 equibus
461 1067 204 55 Theodorus
618 1067 313 55 Thessalonicensis
884 1067 94 55 ea
931 1067 219 55 complexus,
1104 1067 94 55 ad
1151 1067 125 55 quae
1213 1067 63 55 ce

214 1119 120 60 teri
289 1119 165 60 propter
410 1119 181 60 immensam
545 1119 135 60 rerum
635 1119 211 60 uarietatem
801 1119 90 60 se
846 1119 181 60 aspirare
981 1119 135 60 posse
1056 1119 211 60 diffidebant,

210 1172 108 55 uta
271 1172 170 55 egregie
395 1172 93 55 in
441 1172 93 55 eo
488 1172 155 55 munere
596 1172 93 55 se
642 1172 216 55 tractauit,
813 1172 93 55 ut
859 1172 155 55 nemini
967 1172 186 55 imitandi
1106 1172 108 55 sui
1153 1172 108 55 spem,

213 1219 167 48 omnibus
334 1219 243 48 incredibilem
531 1219 121 48 suae
607 1219 227 48 eruditionis
789 1219 243 48 admirationem
986 1219 227 48 reliquerit.
1168 1219 91 48 in
1198 1219 76 48 eo-

215 1262 111 69 dem
279 1262 158 69 numero
389 1262 190 69 habendus
532 1262 111 69 est
595 1262 206 69 Bessario,
754 1262 111 69 qui
817 1262 158 69 libros
928 1262 143 69 prima
1023 1262 238 69 philosophia
1197 1262 79 69 fi-

209 1324 185 38 deliter,
347 1324 108 38 nec
409 1324 93 38 ab
455 1324 108 38 usu
517 1324 201 38 scholarum
671 1324 216 38 abhorrente
841 1324 201 38 dictionis
995 1324 154 38 genere
1088 1324 185 38 conuertit.

215 1363 144 64 Eodem
311 1363 192 64 pertinet
455 1363 176 64 ioannis
582 1363 224 64 Argrropoli
758 1363 224 64 industria,
934 1363 112 64 qui
998 1363 96 64 in
1045 1363 112 64 his
1093 1363 176 64 Acroamati

211 1427 112 40 tis
275 1427 160 40 libris
387 1427 207 40 uertendis
546 1427 207 40 praeclare
706 1427 160 40 operam
817 1427 175 40 nauauit
945 1427 144 40 suam:
1041 1427 80 40 &
1073 1427 175 40 Hercule
1184 1427 80 40 ma-

208 1475 142 48 ximam
303 1475 95 48 in
350 1475 111 48 hoc
413 1475 158 48 genere
524 1475 158 48 laudem
634 1475 142 48 esset
729 1475 237 48 consecutus,
919 1475 126 48 nisi
998 1475 111 48 dum
1061 1475 158 48 contra
1155 1475 111 48 odio-

208 1508 111 57 sam
272 1508 174 57 ueteris
398 1508 238 57 interpretis
589 1508 222 57 religionem
763 1508 143 57 enixe
858 1508 174 57 admodum
985 1508 222 57 contendit,
1143 1508 127 57 nimium

218 1555 124 74 sibi
295 1555 124 74 ipse
372 1555 232 74 indulgeret,
558 1555 186 74 nimiaque
698 1555 186 74 licentia
837 1555 248 74 pertractaret
1039 1555 201 74 orationem
1178 1555 93 74 Ari-

210 1604 184 59 stotelis.
352 1604 113 59 quod
422 1604 85 59 in
465 1604 128 59 aliis
550 1604 227 59 scriptoribus
734 1604 241 59 transferendis
933 1604 170 59 fortasse
1060 1604 170 59 ferendum
1188 1604 113 59 est:

206 1651 90 56 in
251 1651 105 56 his
311 1651 135 56 certe
401 1651 180 56 librorum
537 1651 195 56 generibus
687 1651 225 56 periculosum
867 1651 105 56 est
927 1651 75 56 &
957 1651 195 56 lubricum.
1108 1651 135 56 solet
1183 1651 90 56 enim

205 1717 188 51 nonnulla
346 1717 94 51 de
393 1717 110 51 suo
456 1717 172 51 addere,
581 1717 188 51 multaque
722 1717 204 51 obscurius
879 1717 94 51 ac
926 1717 219 51 angustius,
1098 1717 94 51 ut
1145 1717 110 51 sui
1192 1717 78 51 mo-

210 1748 102 53 ris
269 1748 116 53 est,
341 1748 87 53 ab
385 1748 204 53 Aristotele
545 1748 146 53 dicta,
647 1748 116 53 ipse
720 1748 175 53 pluribus
851 1748 146 53 uerbis
953 1748 189 53 explicare
1098 1748 175 53 nititur:
1215 1748 58 53 ac

212 1813 196 47 integras
359 1813 196 47 interdum
505 1813 212 47 clausulas
668 1813 98 47 ab
717 1813 310 47 explanatoribus,
978 1813 228 47 praesertim
1142 1813 131 47 Themi-

206 1853 150 53 stio,
306 1853 83 53 &
339 1853 233 53 Simplicio,
522 1853 133 53 quem
605 1853 166 53 maxime
722 1853 216 53 sectatur,
888 1853 216 53 transfert
1054 1853 100 53 in
1087 1853 183 53 orationem

897 1898 206 65 IM
965 1898 309 65 Aristo
