1416 2066
198 171 104 48 ret.
263 171 91 48 sed
315 171 169 48 contingit
446 171 91 48 eis
498 171 183 48 necessario
641 171 130 48 dicere
733 171 117 48 illic
811 171 104 48 esse
876 171 183 48 prohibens,
1019 171 91 48 cum
1071 171 169 48 videantur
1189 171 65 48 non

207 216 187 50 separari,
351 216 101 50 sed
408 216 187 50 permanere
552 216 173 50 insimul,
682 216 101 50 dum
740 216 130 50 viuit
826 216 158 50 planta.
941 216 72 50 &
970 216 101 50 hoc
1028 216 101 50 est
1071 216 187 50 necessarium

216 253 109 44 eis.
284 253 82 44 &,
325 253 95 44 cum
380 253 217 44 concesserint
556 253 122 44 illic
638 253 109 44 esse
706 253 190 44 prohibens,
855 253 122 44 cuius
937 253 163 44 potentia
1059 253 95 44 non
1113 253 95 44 est
1154 253 109 44 poten-

213 294 90 37 tia
264 294 205 37 elementorum,
431 294 141 37 dicemus
534 294 90 37 eis
585 294 103 37 quod
649 294 115 37 illud
726 294 167 37 prohibens
854 294 90 37 est
905 294 128 37 anima.
995 294 154 37 secundum
1110 294 90 37 hoc
1149 294 115 37 igitur,

213 333 92 38 est
265 333 118 38 sermo
344 333 105 38 eius
410 333 79 38 in
450 333 92 38 hoc
502 333 237 38 intelligendus,
699 333 118 38 licet
778 333 92 38 sit
831 333 118 38 ualde
897 333 118 38 breuis.

252 390 185 45 Videtur
386 390 151 45 autem
487 390 218 45 quibusdam
655 390 151 45 ignis
756 390 168 45 natura
873 390 252 45 simpliciter
1074 390 151 45 causa
1158 390 101 45 ali-

205 442 155 40 menti
308 442 86 40 &
343 442 207 40 augmenti
498 442 155 40 esse.
601 442 86 40 &
636 442 172 40 nanque
756 442 155 40 ipsum
860 442 190 40 videtur
997 442 155 40 solum
1084 442 172 40 corporum

202 480 89 43 &
238 480 268 43 elementorum
453 480 143 43 quod
542 480 179 43 alitur
667 480 89 43 &
703 480 286 43 augmentatur.
936 480 143 43 vnde
1025 480 89 43 &
1061 480 107 43 in
1097 480 161 43 plantis

201 521 80 41 &
233 521 96 41 in
281 521 225 41 animalibus
458 521 177 41 putabit
586 521 161 41 vtique
699 521 128 41 quis
779 521 128 41 esse
859 521 112 41 hoc
923 521 128 41 quod
987 521 177 41 operatur.

251 571 124 48 Sunt
328 571 139 48 autem
421 571 108 48 qui
482 571 185 48 censeant
621 571 139 48 ignis
714 571 170 48 naturam
838 571 232 48 simpliciter
1023 571 155 48 causam
1131 571 124 48 esse
1193 571 62 48 nu

207 610 193 50 tritionis
355 610 74 50 &
385 610 208 50 auctionis,
548 610 89 50 is
593 610 163 50 namque,
711 610 133 50 solus
800 610 148 50 omnium
904 610 178 50 corporum
1038 610 104 50 uel
1082 610 178 50 elementoru

206 668 190 40 uidetur
344 668 121 40 ali
413 668 86 40 &
447 668 190 40 augeri:
585 668 224 40 quamobrem
758 668 86 40 &
792 668 104 40 in
844 668 190 40 plantis
982 668 86 40 &
1017 668 104 40 in
1051 668 207 40 animalibus

206 716 191 56 putauerit
353 716 162 56 aliquis
471 716 103 56 eum
529 716 117 56 esse
603 716 88 56 id
647 716 117 56 quod
706 716 162 56 operatur.

194 756 98 47 Et
243 756 163 47 quidam
357 756 228 47 existimant
536 756 130 47 quod
617 756 163 47 natura
731 756 147 47 ignis
829 756 114 47 est
894 756 244 47 simpliciter
1089 756 147 47 causa
1171 756 81 47 nu-

212 800 206 45 trimenti,
371 800 79 45 &
402 800 206 45 augmenti.
561 800 143 45 ignis
656 800 127 45 enim
736 800 143 45 inter
831 800 190 45 corpora,
973 800 111 45 aut
1037 800 143 45 inter
1116 800 143 45 elemen-

205 840 90 43 ta
250 840 180 43 nutritur
385 840 75 43 &
415 840 180 43 augetur.
551 840 75 43 &
581 840 120 43 ideo
656 840 225 43 existimatur
836 840 120 43 quod
911 840 120 43 ipse
986 840 135 43 facit
1077 840 105 43 hoc
1137 840 90 43 in
1167 840 90 43 plan

205 882 112 49 tis
269 882 160 49 etiam,
381 882 80 49 &
413 882 96 49 in
446 882 208 49 animalibus.

244 944 109 51 Cum
307 944 202 51 destruxit
462 944 186 51 sermonem
602 944 217 51 fingentium
773 944 124 51 quod
850 944 202 51 augmentum
1006 944 109 51 est
1068 944 109 51 per
1114 944 140 51 princi-

213 983 102 52 pium
277 983 191 52 elementare,
430 983 153 52 scilicet
545 983 127 52 graue,
634 983 89 52 aut
685 983 115 52 leue,
761 983 153 52 incoepit
876 983 115 52 etiam
952 983 166 52 destruere
1080 983 153 52 sermonen
1182 983 76 52 fin-

206 1028 159 47 gentium
321 1028 116 47 quod
394 1028 203 47 principium
553 1028 217 47 nutrimenti,
727 1028 72 47 &
755 1028 174 47 augmenti
886 1028 203 47 nutribilis
1045 1028 101 47 est
1103 1028 145 47 ignis,
1190 1028 72 47 aut

209 1067 113 43 pars
280 1067 142 43 ignis,
379 1067 99 43 aut
435 1067 156 43 aliquod
548 1067 156 43 igneum,
662 1067 71 43 &
690 1067 85 43 d.
732 1067 85 43 Et
775 1067 142 43 quidam
874 1067 99 43 &c.
931 1067 85 43 i.
973 1067 71 43 &
1001 1067 142 43 quidam
1086 1067 170 43 existimant

218 1109 91 44 quod
275 1109 114 44 natura
355 1109 114 44 ignis,
435 1109 69 44 in
469 1109 69 44 eo
503 1109 91 44 quod
561 1109 80 44 est
606 1109 114 44 ignis,
686 1109 80 44 non
732 1109 137 44 secundum
835 1109 91 44 quod
892 1109 80 44 est
938 1109 126 44 aliquis
1029 1109 114 44 ignis.
1109 1109 57 44 &
1132 1109 80 44 hoc
1167 1109 91 44 inten-

210 1137 136 42 debat,
305 1137 109 42 cum.
373 1137 81 42 d.
414 1137 204 42 simpliciter
577 1137 95 42 est
631 1137 122 42 causa
713 1137 204 42 nutrimenti,
876 1137 68 42 &
903 1137 177 42 augmenti.
1039 1137 81 42 Et
1079 1137 149 42 opinati
1175 1137 81 42 sunt

207 1179 113 42 hoc,
277 1179 113 42 quia
348 1179 169 42 viderunt
475 1179 127 42 ignem
559 1179 169 42 alterare
686 1179 127 42 omnia
771 1179 85 42 in
813 1179 99 42 sua
869 1179 211 42 substantia,
1039 1179 113 42 adeo
1109 1179 113 42 quod
1165 1179 85 42 aug-

210 1216 174 43 mentatur
341 1216 131 43 sper,
428 1216 145 43 illud:
530 1216 87 43 &,
573 1216 116 43 quia
646 1216 189 43 nutribile
791 1216 116 43 apud
863 1216 102 43 eos
921 1216 174 43 nutritur
1052 1216 189 43 alterando
1182 1216 73 43 om-

213 1254 100 45 nia
270 1254 86 45 in
313 1254 114 45 suam
384 1254 229 45 substantiam,
570 1254 114 45 ideo
642 1254 258 45 existimauerunt
856 1254 100 45 per
914 1254 114 45 duas
985 1254 229 45 affirmatiuas
1171 1254 86 45 in
1200 1254 57 45 se

214 1297 117 42 cunda
292 1297 130 42 figura
383 1297 104 42 quod
448 1297 117 42 ignis
526 1297 117 42 facit
604 1297 91 42 hoc
643 1297 182 42 simpliciter.

244 1340 126 47 Hoc
316 1340 162 47 autem
424 1340 216 47 concausa
586 1340 180 47 quidem
712 1340 252 47 quodammodo
910 1340 144 47 est:
1000 1340 126 47 non
1072 1340 162 47 tamen
1162 1340 90 47 sim

205 1395 194 40 pliciter
350 1395 161 40 causa:
463 1395 113 40 sed
527 1395 145 40 magis
624 1395 161 40 anima.
737 1395 145 40 ignis
834 1395 129 40 enim
914 1395 210 40 augmentum
1076 1395 97 40 in
1108 1395 145 40 infini-

206 1428 115 39 tum
271 1428 132 39 est,
354 1428 198 39 quousque
502 1428 165 39 fuerit
618 1428 280 39 combustibile:
849 1428 165 39 natura
964 1428 148 39 autem
1047 1428 214 39 constantium

213 1468 169 47 omnium
331 1468 203 47 terminus
483 1468 135 47 est,
568 1468 84 47 &
601 1468 152 47 ratio
703 1468 270 47 magnitudinis
922 1468 84 47 &
956 1468 220 47 augmenti.
1125 1468 118 47 hoc
1176 1468 84 47 au-

206 1511 112 44 tem
270 1511 112 44 est
334 1511 177 44 animae,
463 1511 112 44 sed
527 1511 112 44 non
591 1511 160 44 ignis:
703 1511 80 44 &
736 1511 193 44 rationis
880 1511 144 44 magis
976 1511 128 44 quam
1040 1511 177 44 materiae.

250 1567 141 61 Verum
344 1567 94 61 is
391 1567 187 61 concausa
532 1567 156 61 quodam
641 1567 125 61 modo
719 1567 125 61 est,
797 1567 109 61 non
860 1567 141 61 tamen
953 1567 234 61 simpliciter
1125 1567 125 61 causa,

201 1611 111 59 sed
265 1611 143 59 anima
360 1611 174 59 potius:
486 1611 143 59 ignis
582 1611 127 59 enim
661 1611 158 59 auctio
772 1611 95 59 in
819 1611 206 59 infinitum
978 1611 206 59 procedit,
1120 1611 143 59 quandiu

206 1663 106 60 sub
267 1663 106 60 est
327 1663 106 60 res
388 1663 228 60 cremabilis:
571 1663 91 60 at
616 1663 152 60 omnium
723 1663 152 60 natura
829 1663 228 60 constantium
1012 1663 182 60 terminus
1133 1663 122 60 statu-

210 1714 104 41 tus
269 1714 118 41 est,
343 1714 74 41 &
373 1714 133 41 ratio
462 1714 237 41 magnitudinis
655 1714 74 41 &
684 1714 207 41 auctionis:
847 1714 118 41 haec
921 1714 133 41 autem
1010 1714 148 41 animae
1114 1714 133 41 sunt,
1203 1714 74 41 &

210 1771 104 52 non
270 1771 149 52 ignis:
374 1771 75 52 &
404 1771 179 52 rationis
538 1771 149 52 potius
642 1771 119 52 quam
702 1771 164 52 materiae.

248 1804 168 46 Dicamus
370 1804 153 46 igitur
477 1804 107 46 nos
538 1804 122 46 quod
614 1804 137 46 ignis
706 1804 107 46 non
767 1804 107 46 est
828 1804 214 46 coniunctus
996 1804 153 46 causae
1102 1804 122 46 nisi
1163 1804 92 46 ali-

208 1852 115 55 quo
273 1852 148 55 modo,
372 1852 82 55 &
405 1852 115 55 non
470 1852 115 55 est
536 1852 148 55 causa
635 1852 263 55 simpliciter,
848 1852 115 55 sed
914 1852 148 55 anima
1013 1852 115 55 est
1078 1852 181 55 dignior
1193 1852 66 55 vt
