1416 2066
151 141 97 39 versa
216 141 97 39 Auic.
281 141 54 39 &
303 141 76 39 via
346 141 119 39 Alexan.
432 141 86 39 sunt
486 141 86 39 duae
540 141 86 39 viae
584 141 86 39 extre-

158 181 91 37 mae.
214 181 79 37 sed
260 181 79 37 via
305 181 125 37 Auerro.
395 181 79 37 est
441 181 113 37 media,
520 181 57 37 &
543 181 113 37 paruim
610 181 57 37 di-

153 213 140 36 serepar
255 213 76 36 ab
293 213 152 36 vtroque,
407 213 64 36 &
433 213 127 36 partim
522 213 89 36 cum
560 213 114 36 vtroque

154 246 147 29 conuenit.
267 246 124 29 Auicen.
357 246 135 29 ponebat,
459 246 102 29 sicut
526 246 102 29 Plato
594 246 68 29 in
617 246 56 29 si-

163 276 88 31 mili
218 276 133 31 dicebat,
318 276 88 31 quod
373 276 99 31 motor
439 276 144 31 separatus
550 276 88 31 erat
594 276 77 31 causa

154 301 169 37 adaequata.
287 301 193 37 productionis
444 301 157 37 formarum.
564 301 97 37 vnde
613 301 60 37 Co.

156 340 61 30 ib
186 340 51 30 i
207 340 102 30 contra
278 340 71 30 eos
319 340 92 30 dicit
380 340 92 30 quod,
441 340 61 30 si
471 340 71 30 ita
512 340 102 30 esset,
583 340 71 30 non
614 340 61 30 opus

159 368 111 34 esset
232 368 135 34 materia
331 368 74 34 in
368 368 197 34 generatione.
527 368 86 34 nam
564 368 111 34 materia

159 397 90 37 est,
215 397 68 37 ex
249 397 79 37 qua
294 397 79 37 fit
339 397 124 37 aliquid
430 397 181 37 inexistente.
576 397 68 37 si
599 397 79 37 autem

159 430 107 33 tales
230 430 119 33 formae
313 430 83 33 non
361 430 154 33 educuntur
479 430 71 33 de
515 430 142 33 potentia
610 430 59 33 ma-

156 460 114 38 teriae,
239 460 73 38 sed
280 460 135 38 totaliter
385 460 83 38 sunt
437 460 62 38 ab
468 460 156 38 extrinseco,
582 460 94 38 videtur

155 491 118 31 secundum
244 491 89 31 ipsum
303 491 79 31 quod
352 491 108 31 materia
431 491 148 31 superfsuat:
549 491 79 31 quia
588 491 79 31 sequi-

152 521 79 33 tur
197 521 169 33 expositione
332 521 102 33 tales
400 521 113 33 formas
479 521 90 33 esse
536 521 79 33 per
581 521 68 33 se
603 521 68 33 sub-

157 554 157 32 sistentes.
280 554 134 32 Alexand.
381 554 90 32 vero
437 554 123 32 videtur
526 554 90 32 esse
582 554 67 32 in
605 554 67 32 alio

160 589 141 38 extremo,
266 589 70 38 vt
301 589 94 38 sibi
359 589 129 38 imponit
453 589 94 38 Com.
512 589 94 38 quia
570 589 94 38 ipse
617 589 47 38 vo

152 613 99 38 luit
214 613 124 38 animam
300 613 211 38 intellectiuam
474 613 149 38 hominis,
585 613 62 38 &
598 613 74 38 ani-

152 652 92 30 mas
205 652 172 30 brutorum,
337 652 66 30 &
363 652 225 30 vniuersaliter
548 652 119 30 omnes
614 652 53 30 ma

153 680 137 34 teriales
255 680 114 34 formas
335 680 91 34 esse
392 680 137 34 causatas
494 680 68 34 ex
528 680 125 34 diuersa
608 680 57 34 mi-

154 712 124 35 xtione
240 712 186 35 elementorum
389 712 136 35 tanquam
488 712 74 35 ex
526 712 112 35 causa
588 712 74 35 adae

160 745 111 32 quata:
237 745 100 32 sicut
304 745 77 32 est
348 745 66 32 de
381 745 177 32 qualitatibus
525 745 144 32 fecundis.
625 745 44 32 vt

154 771 82 35 est
201 771 117 35 color,
283 771 58 35 &
306 771 117 35 sapor,
388 771 82 35 qui
435 771 152 35 causantur
551 771 70 35 ex
575 771 93 35 primis

162 803 195 39 qualitatibus
320 803 195 39 elementorum.
478 803 97 39 vnde
539 803 110 39 dicit
600 803 61 39 Com

155 836 89 38 quod
211 836 89 38 ista
266 836 123 38 positio
356 836 78 38 est
400 836 100 38 quasi
467 836 123 38 positio
545 836 123 38 negantium

152 869 132 29 agens,
244 869 66 29 &
270 869 211 29 concedentium
442 869 158 29 materiam
547 869 119 29 tantum:

160 896 58 34 &
184 896 93 34 sunt
242 896 104 34 illi,
311 896 81 34 qui
358 896 116 34 ponunt
439 896 116 34 casum:
520 896 104 34 sicut
578 896 93 34 patet.

159 925 68 37 2.
193 925 135 37 physico.
294 925 79 37 Sed
339 925 79 37 via
384 925 101 37 Auer.
451 925 79 37 est
496 925 68 37 in
530 925 113 37 medio.
598 925 68 37 quia

158 959 88 36 ipse
213 959 99 36 tenet
279 959 88 36 quod
335 959 110 36 formae
412 959 99 36 istae
478 959 166 36 animatorum,
600 959 77 36 sicut

154 990 87 36 est
203 990 112 36 anima
278 990 174 36 cogitatiua
415 990 149 36 hominis,
527 990 62 36 &
552 990 112 36 omnes
626 990 75 36 in

151 1020 143 33 feriores
258 1020 119 33 animae
342 1020 95 33 sunt
402 1020 131 33 eductae
497 1020 72 33 de
533 1020 143 33 potentia
628 1020 48 33 ma

156 1053 142 29 teriae,
259 1053 90 29 non
311 1053 116 29 tamen
389 1053 194 29 insequuntur
531 1053 142 29 mixtionem

148 1080 206 34 elementorum
313 1080 151 34 tanquam
423 1080 138 34 causam
506 1080 165 34 effectiuam

146 1116 218 31 adaequatam,
321 1116 116 31 immo
393 1116 218 31 elementorum
553 1116 116 31 mixtio

154 1145 142 33 concurrit
264 1145 66 33 in
296 1145 110 33 genere
373 1145 110 33 causae
450 1145 164 33 materialis.
581 1145 77 33 sed
614 1145 55 33 il-

156 1176 90 34 lud,
212 1176 90 34 quod
268 1176 146 34 concurrit
380 1176 157 34 effectiue,
503 1176 78 34 est
548 1176 112 34 virtus
615 1176 45 34 in

154 1205 159 37 formatiua
276 1205 146 37 existens
386 1205 73 37 in
422 1205 134 37 semine,
520 1205 61 37 &
544 1205 85 37 est
581 1205 85 37 motor

151 1241 177 39 extrinsecus,
295 1241 78 39 qui
339 1241 78 39 est
384 1241 188 39 intelligentia
539 1241 144 39 separata,
639 1241 33 39 a

158 1275 82 35 qua
205 1275 175 35 rememoratur
345 1275 105 35 talis
415 1275 128 35 virtus.
508 1275 58 35 &
531 1275 82 35 ita
566 1275 105 35 Commen.

157 1298 128 40 medium
247 1298 128 40 tenens
337 1298 141 40 extrema
440 1298 154 40 dimisit,
543 1298 128 40 sibiipsi

154 1330 90 32 non
206 1330 167 32 obuiando.

191 1365 121 38 Quinta
275 1365 181 38 contradict.
420 1365 85 38 est
469 1365 72 38 in
505 1365 109 38 eodem
577 1365 97 38 com.
626 1365 36 38 e

158 1395 118 29 Dicitur
244 1395 86 29 quod
298 1395 65 29 in
330 1395 151 29 corporibus
449 1395 161 29 coelestibus
578 1395 75 29 non
610 1395 65 29 sunt

150 1425 110 42 plura
223 1425 158 42 indiuidua
345 1425 73 42 in
381 1425 110 42 eadem
455 1425 134 42 specie.
540 1425 134 42 Oppositum

153 1461 129 29 videtur.
250 1461 65 29 2.
283 1461 108 29 coeli.
358 1461 76 29 com
401 1461 76 29 29.
444 1461 76 29 vbi
488 1461 97 29 ponit
552 1461 97 29 omnia
606 1461 65 29 cor-

156 1485 88 41 pora
211 1485 142 41 caelestia
320 1485 88 41 esse
375 1485 121 41 eiusdem
463 1485 131 41 speciei.
550 1485 121 41 Soluitur.

163 1524 179 30 nultotirens
306 1524 143 30 dixitibi
413 1524 131 30 speciem
508 1524 107 30 aliam
568 1524 95 30 vniuo-

151 1556 94 35 cam,
210 1556 105 35 aliam
280 1556 141 35 analogam
386 1556 105 35 esse,
456 1556 105 35 sicut
526 1556 82 35 est
573 1556 70 35 de
597 1556 70 35 gene

155 1581 67 33 re
188 1581 56 33 &
211 1581 190 33 differentijs.
367 1581 78 33 sic
411 1581 67 33 in
445 1581 145 33 proposito
556 1581 100 33 negat
612 1581 56 33 hic

153 1613 69 31 in
187 1613 160 31 corporibus
313 1613 172 31 coelestibus
450 1613 92 31 esse
508 1613 103 31 plura
565 1613 103 31 indiui-

156 1642 86 33 dua
205 1642 73 33 in
241 1642 86 33 vna
290 1642 122 33 specie
376 1642 135 33 vniuoce
474 1642 122 33 dicta,
548 1642 122 33 concedit

151 1678 104 34 tamen
221 1678 69 34 in
255 1678 127 34 talibus
348 1678 92 34 esse
405 1678 104 34 plura
475 1678 150 34 indiuidua
590 1678 69 34 in
613 1678 58 34 spe

163 1708 79 30 cie
208 1708 147 30 analogice
321 1708 113 30 dicta,
400 1708 90 30 quae
456 1708 79 30 est
502 1708 136 30 secundum
592 1708 79 30 prius

154 1737 59 38 &
166 1737 141 38 posterius.

184 1773 111 32 Sexta
257 1773 197 32 contradictio
417 1773 86 32 est
466 1773 74 32 in
503 1773 111 32 eodem
577 1773 98 32 com.
626 1773 37 32 3

154 1797 157 37 Superius.
275 1797 85 37 vbi
323 1797 85 37 iam
371 1797 133 37 diximus
468 1797 72 37 in
504 1797 157 37 solutione
613 1797 48 37 se

153 1831 123 35 cundae
239 1831 197 35 quaestionis,
399 1831 98 35 ipse
460 1831 160 35 declarans
571 1831 86 35 quomo

155 1862 69 36 do
189 1862 69 36 ex
223 1862 160 36 intellectu
349 1862 57 36 &
372 1862 195 36 intelligibili
533 1862 92 36 fiat
578 1862 92 36 maxime

686 146 93 40 vnum
744 146 116 40 dicit,
825 146 93 40 quia
883 146 81 40 non
929 146 81 40 fit
976 146 104 40 aliud
1045 146 69 40 ab
1080 146 93 40 eis,
1126 146 81 40 sicut

690 181 85 36 est
739 181 73 36 in
775 181 171 36 compositis
909 181 73 36 ex
946 181 134 36 materia
1043 181 61 36 &
1068 181 122 36 forma.
1141 181 61 36 Sed

694 215 107 32 nuius
765 215 154 32 oppositum
884 215 131 32 sentire
979 215 143 32 videtur.
1086 215 83 32 12.
1122 215 83 32 mera.

695 241 90 33 como.
755 241 70 33 4i.
795 241 70 33 vbi
835 241 90 33 habet
895 241 80 33 quod
945 241 60 33 in
976 241 80 33 solo
1026 241 140 33 intellectu
1126 241 80 33 diuino

686 274 206 32 intelligibile
855 274 60 32 &
879 274 181 32 intellectum
1025 274 97 32 vnum
1085 274 109 32 sunt.
1146 274 60 32 Di-

690 306 80 32 co,
735 306 137 32 quicquid
838 306 114 32 dicant
918 306 126 32 Modemi,
1009 306 91 32 quod
1055 306 148 32 intellectus

691 335 91 37 Auer.
752 335 81 37 iste
802 335 81 37 est,
853 335 81 37 quod
903 335 61 37 ex
934 335 172 37 intelligibili
1075 335 51 37 &
1086 335 121 37 intellectu

689 366 81 36 fit
736 366 115 36 maxime
816 366 104 36 vnum,
886 366 92 36 quia
943 366 92 36 esse
1001 366 208 36 intelligibilis
1174 366 58 36 &

687 404 101 27 esse
751 404 190 27 intellectus
902 404 101 27 sunt
966 404 101 27 vnum
1029 404 63 27 &
1054 404 114 27 fiunt
1117 404 89 27 vnum.

687 429 99 42 Nam
743 429 113 42 quid
814 429 141 42 melius
912 429 113 42 quam
983 429 127 42 Auer.
1067 429 99 42 per
1109 429 99 42 Auer-

686 459 200 36 interpretari:
851 459 106 36 Dicit
922 459 129 36 seipsum
1016 459 177 36 declatando.
1145 459 59 36 12.

685 493 102 35 meta.
753 493 90 35 com.
809 493 79 35 39.
854 493 181 35 intellectum,
1001 493 79 35 cum
1035 493 170 35 intelligitur,

690 521 69 33 fit
730 521 79 33 idem
779 521 69 33 cum
819 521 60 33 eo
849 521 119 33 scilicet
938 521 69 33 cum
978 521 149 33 intellectu.
1097 521 60 33 Et
1117 521 89 33 subdit.

694 550 54 36 &
716 550 163 36 intellectus
846 550 76 36 est
889 550 108 36 illud,
965 550 87 36 quod
1020 550 184 36 intelligitur.
1171 550 54 36 &

694 585 112 33 propter
775 585 71 33 hoc
816 585 112 33 dicitur
897 585 81 33 quod
948 585 153 33 intellectus
1071 585 71 33 sit
1111 585 71 33 res
1152 585 71 33 in

690 616 148 35 tellecta.
803 616 68 35 Et
837 616 80 35 hoc
883 616 80 35 est
928 616 136 35 consonum
1031 616 91 35 viae
1076 616 125 35 Aristote-

687 647 114 35 licae.
766 647 80 35 nam
812 647 102 35 ipse.
880 647 68 35 3.
914 647 68 35 de
948 647 102 35 anima
1017 647 102 35 habet
1085 647 91 35 quod
1130 647 80 35 anima

693 677 90 40 est
744 677 179 40 quodammodo
885 677 128 40 omnia.
975 677 90 40 37.
1027 677 154 40 cognitum
1129 677 77 40 enim

687 707 87 34 sit
736 707 100 34 vnum
799 707 87 34 cum
848 707 149 34 potentia
960 707 199 34 cognoscente,
1122 707 62 34 &
1134 707 75 34 esse

688 741 75 34 rei
731 741 139 34 cognitae,
838 741 64 34 vt
871 741 75 34 sic
913 741 75 34 est
956 741 86 34 esse
1010 741 75 34 rei
1042 741 161 34 cognoscentis.

687 769 90 34 Ista
743 769 113 34 igitur
822 769 147 34 identitas
935 769 192 34 vniuersaliter
1082 769 124 34 reperitur

682 802 79 32 in
721 802 105 32 omni
787 802 158 32 potentia
906 802 211 32 cognoscente.
1077 802 66 32 &
1090 802 119 32 quanto,

689 831 137 40 potentia
791 831 160 40 cognoscens
917 831 171 40 abstractior
1054 831 126 40 fuerit,
1134 831 69 40 tan-

690 860 71 39 to
726 860 106 39 maior
796 860 82 39 est
843 860 153 39 identitas
961 860 129 39 cogniti
1055 860 82 39 cum
1090 860 106 39 natura,

684 895 93 31 quae
743 895 163 31 cognoscit.
871 895 70 31 Et
906 895 128 31 suprema
999 895 117 31 virtus
1069 895 128 31 abstracta

688 925 71 37 am
724 925 143 37 materia,
831 925 59 37 &
854 925 59 37 a
878 925 143 37 qualibet
985 925 202 37 imperfectione
1140 925 59 37 est

695 955 146 44 ntellectus
810 955 94 44 primi
872 955 105 44 entis,
946 955 84 44 hinc
998 955 73 44 est
1040 955 84 44 quod
1092 955 73 44 ibi
1123 955 84 44 intel-

688 985 123 35 lectus
774 985 61 35 &
798 985 86 35 res
847 985 172 35 intellecta
982 985 98 35 sunt
1044 985 98 35 idem
1093 985 110 35 omnibus

687 1020 99 30 modis
753 1020 132 30 secundum
852 1020 88 30 viam
907 1020 99 30 Auer.
972 1020 99 30 Vnde,
1038 1020 77 30 cum
1082 1020 77 30 res
1115 1020 88 30 intel-

683 1052 101 30 lecta
750 1052 78 30 ibi
795 1052 78 30 sit
840 1052 112 30 diuina
918 1052 146 30 essentia,
1030 1052 67 30 in
1064 1052 78 30 qua
1108 1052 78 30 est
1142 1052 56 30 om-

686 1081 81 33 nis
733 1081 162 33 perfectio,
860 1081 104 33 omnis
929 1081 127 33 bonitas
1021 1081 92 33 sine
1079 1081 115 33 aliqua
1148 1081 58 33 de-

694 1116 151 35 pendentia
810 1116 81 35 vel
857 1116 151 35 potentia,
973 1116 81 35 vel
1019 1116 104 35 quasi
1077 1116 128 35 potentia.

685 1144 103 32 illic
753 1144 80 32 est
799 1144 92 32 mare
856 1144 172 32 indeficiens
994 1144 160 32 bonitatum,
1120 1144 57 32 &
1143 1144 80 32 per

687 1176 169 39 fectionum,
820 1176 97 39 inde
880 1176 169 39 sparguntur
1013 1176 133 39 flumiua
1110 1176 60 39 &
1122 1176 85 39 riuu-

693 1204 62 46 li
724 1204 124 46 entibus,
817 1204 124 46 secundum
910 1204 83 46 quod
961 1204 176 46 vniuscuiusque
1096 1204 103 46 disposi-

692 1239 64 40 tio
728 1239 119 40 requirit.
820 1239 55 40 Et
848 1239 64 40 hoc
884 1239 73 40 est,
930 1239 73 40 quid
976 1239 82 40 dixit
1031 1239 73 40 Ari.
1077 1239 64 40 in.
1113 1239 55 40 i.
1132 1239 73 40 caelie

690 1268 62 39 in
721 1268 73 39 te.
762 1268 83 39 com.
814 1268 83 39 10o.
867 1268 83 39 Ideo
919 1268 219 39 intellectsdiuinus
1096 1268 114 39 essentiam

683 1299 138 40 diuinam
784 1299 164 40 aspiciens
910 1299 113 40 omnia
985 1299 126 40 videt,
1074 1299 101 40 quia
1124 1299 88 40 videt

679 1332 129 30 illud,
769 1332 103 30 quod
833 1332 90 30 est
885 1332 116 30 omnia
962 1332 180 30 eminenter,
1103 1332 90 30 nam
1142 1332 64 30 vi-

688 1362 84 33 det
736 1362 108 33 illud
808 1362 96 33 quod
868 1362 84 33 est
916 1362 84 33 ens
964 1362 84 33 per
1012 1362 168 33 essentiam.
1132 1362 72 33 numi

690 1396 98 30 aliud
755 1396 98 30 videt
821 1396 130 30 secundum
918 1396 98 30 Auer.
984 1396 141 30 perfidum,
1092 1396 87 30 nisi
1136 1396 65 30 suam

690 1423 142 43 essentiam:
801 1423 91 43 sicut
862 1423 101 43 inquit
933 1423 81 43 ipse
983 1423 71 43 12.
1024 1423 91 43 meta.
1085 1423 81 43 com.
1135 1423 71 43 ei.
1166 1423 40 43 si

686 1455 99 44 quis
748 1455 186 44 cognosceret
897 1455 137 44 naturam
996 1455 186 44 caliditatis
1133 1455 74 44 exi-

685 1484 126 38 stentis
776 1484 69 38 in
810 1484 103 38 igne,
879 1484 80 38 non
924 1484 148 38 diceretur
1039 1484 137 38 ignorare
1130 1484 80 38 natu-

683 1524 82 30 ram
730 1524 175 30 caliditatis
870 1524 70 30 in
905 1524 105 30 aliis
975 1524 105 30 rebus
1045 1524 140 30 calidis.
1139 1524 70 30 vnde

688 1556 60 30 4.
718 1556 100 30 physi.
788 1556 80 30 com.
838 1556 80 30 102.
888 1556 100 30 dicit.
957 1556 60 30 Si
987 1556 100 30 illud,
1057 1556 80 30 quod
1107 1556 70 30 est
1137 1556 70 30 cali-

691 1578 77 40 dum
735 1578 176 40 simpliciter,
878 1578 77 40 est
922 1578 99 40 ignis
989 1578 176 40 simpliciter,
1121 1578 88 40 illud,

691 1613 92 41 quod
748 1613 81 41 est
794 1613 127 41 aliquod
886 1613 138 41 calidum,
990 1613 81 41 est
1036 1613 127 41 aliquis
1116 1613 92 41 ignis.

687 1642 81 41 uc,
733 1642 81 41 cum
779 1642 92 41 Deus
836 1642 81 41 sit
882 1642 81 41 ens
928 1642 81 41 per
974 1642 161 41 essentiam,
1101 1642 92 41 alia
1147 1642 58 41 en-

683 1673 81 33 tia
730 1673 93 33 sunt
788 1673 104 33 entia
857 1673 81 33 per
904 1673 232 33 participationem,
1101 1673 93 33 alia
1147 1673 58 33 en-

690 1704 76 34 tia
734 1704 119 34 aliquid
820 1704 163 34 diuinitatis
950 1704 174 34 participant,
1092 1704 98 34 sicut
1146 1704 54 34 pa-

692 1735 67 35 tet
731 1735 96 35 etiam.
798 1735 57 35 I.
827 1735 57 35 de
855 1735 96 35 anima.
922 1735 67 35 te.
961 1735 77 35 com.
1008 1735 67 35 39.
1047 1735 57 35 &.
1076 1735 57 35 2.
1104 1735 86 35 celi.
1152 1735 48 35 te.

689 1767 80 32 com.
739 1767 70 32 4a.
779 1767 60 32 &.
809 1767 60 32 i.
840 1767 100 32 physi.
910 1767 70 32 Si.
950 1767 90 32 Solum
1010 1767 100 32 igitur
1081 1767 60 32 in
1101 1767 100 32 intelle-

693 1797 80 34 ctu
738 1797 102 34 primi
806 1797 171 34 intellectus
943 1797 194 34 intelligibile
1103 1797 80 34 est
1137 1797 68 34 idem

682 1828 185 45 simpliciter
830 1828 62 45 &
855 1828 136 45 omnibus
954 1828 124 45 modis,
1040 1828 99 45 quia
1102 1828 87 45 ibi
1139 1828 62 45 est

679 1858 144 40 entitas
784 1858 92 40 per
836 1858 171 40 essentiam
968 1858 131 40 solum.
1060 1858 66 40 &
1086 1858 79 40 in
1112 1858 92 40 nullo
