1416 2066
207 171 220 48 ruptibilia,
383 171 88 48 si
427 171 176 48 haberent
559 171 161 48 sensum,
677 171 117 48 tunc
750 171 147 48 natura
852 171 147 48 ageret
955 171 161 48 ociose:
1058 171 205 48 quemadmodum,

211 208 87 52 si
254 208 116 52 ista
326 208 159 52 mobilia
442 208 217 52 generabilia
616 208 72 52 &
645 208 246 52 corruptibilia
848 208 101 52 non
906 208 174 52 haberent
1036 208 159 52 sensum,
1152 208 116 52 tunc
1210 208 58 52 na

215 252 108 39 tura
283 252 135 39 ageret
378 252 149 39 ociose.
486 252 135 39 Deinde
581 252 135 39 dicit.
676 252 95 39 sed
730 252 108 39 iste
798 252 122 39 etiam
879 252 95 39 est
933 252 81 39 in
974 252 108 39 eis,
1042 252 108 39 quae
1109 252 135 39 innata
1191 252 81 39 sunt

218 285 193 53 quiescere.
370 285 124 53 idest
453 285 97 53 sed
508 285 166 53 priuatio
633 285 138 53 sensus
729 285 124 53 debet
812 285 111 53 esse
881 285 83 53 de
923 285 235 53 generabilibus
1116 285 69 53 &
1130 285 138 53 corrupti

218 324 158 47 bilibus
332 324 86 47 in
375 324 115 47 eis,
447 324 115 47 quae
519 324 143 47 innata
619 324 115 47 sunt
691 324 201 47 quiescere,
849 324 72 47 &
878 324 100 47 non
935 324 143 47 moueri
1035 324 86 47 ad
1064 324 201 47 nutrimentum,

226 363 158 56 vcilicet
344 363 79 56 in
371 363 210 56 vegetabilibus.

258 420 125 47 Non
330 420 179 47 potest
455 420 161 47 autem
563 420 179 47 corpus
688 420 179 47 habere
813 420 179 47 quidem
939 420 179 47 animam
1064 420 90 47 &
1082 420 179 47 intelle-

211 466 138 48 ctum
297 466 277 48 discretiuum,
522 466 173 48 sensum
643 466 156 48 autem
747 466 121 48 non
816 466 190 48 habere:
955 466 121 48 non
1024 466 208 48 mansiuum
1162 466 104 48 exi-

213 508 152 47 stens,
319 508 213 47 generabile
487 508 152 47 autem:
593 508 91 47 at
639 508 122 47 vero
715 508 137 47 neque
806 508 259 47 ingenerabile,
1019 508 137 47 quare
1111 508 122 47 enim
1187 508 107 47 non

212 552 196 43 habebit:
358 552 114 43 aut
424 552 130 43 enim
505 552 163 43 animae
619 552 179 43 melius,
750 552 114 43 aut
815 552 196 43 corpori.
961 552 130 43 nunc
1043 552 147 43 autem
1124 552 147 43 neutrum

212 600 133 35 est.
295 600 116 35 hoc
362 600 166 35 quidem
478 600 133 35 enim
561 600 116 35 non
627 600 149 35 magis
727 600 249 35 intelliget.
926 600 116 35 hoc
992 600 149 35 autem
1092 600 149 35 nihil
1174 600 100 35 erit

214 635 153 57 magis
316 635 186 57 propter
434 635 136 57 illud,

264 685 142 54 Eteri
359 685 142 54 autem
453 685 110 54 non
516 685 158 54 potest
627 685 95 54 ut
674 685 158 54 corpus
784 685 142 54 ullum
879 685 158 54 habeat
989 685 158 54 quidem
1099 685 158 54 animam
1210 685 79 54 &

224 723 225 69 intellectum
404 723 195 69 iudicandi
554 723 90 69 ui
599 723 210 69 praeditum,
765 723 150 69 sensum
870 723 120 69 uero
945 723 105 69 non
1005 723 165 69 habeat,
1125 723 120 69 quod
1185 723 75 69 non

232 771 150 48 stabile
342 771 109 48 sit,
410 771 96 48 sed
465 771 219 48 generabiletu
643 771 150 48 quinimo
752 771 82 48 ne
793 771 232 48 ingenerabilem
984 771 191 48 quidemacur
1135 771 109 48 enim
1190 771 68 48 non

224 819 192 49 habebitus
372 819 103 49 nam
431 819 103 49 aut
490 819 148 49 animae
594 819 148 49 melius
697 819 133 49 erit,
786 819 103 49 aut
845 819 177 49 corpori:
978 819 118 49 nunc
1052 819 133 49 autem
1126 819 133 49 neutrum

226 870 104 68 est.
291 870 104 68 illa
356 870 104 68 enim
421 870 91 68 non
473 870 117 68 magis
551 870 182 68 itelliget:
694 870 91 68 hoc
746 870 104 68 uero
811 870 91 68 non
863 870 104 68 ideo
928 870 117 68 magis
1006 870 104 68 erit
1071 870 143 68 propter
1162 870 104 68 illud,

259 916 102 47 Et
310 916 221 47 imposbile
480 916 119 47 est
547 916 102 47 vt
598 916 170 47 corpus
717 916 170 47 habens
836 916 170 47 amimam
955 916 85 47 &
989 916 271 47 intellectum,
1209 916 85 47 &

217 962 179 53 iudicium
351 962 104 53 sit
411 962 119 53 sine
485 962 149 53 sensu,
589 962 104 53 cum
649 962 104 53 non
708 962 104 53 sit
768 962 193 53 remanens,
917 962 119 53 siue
991 962 149 53 fuerit
1080 962 179 53 generatum,

219 1002 134 46 siue
303 1002 117 46 non
370 1002 168 46 fuerit
488 1002 218 46 generatum
655 1002 168 46 etiam.
773 1002 151 46 Causa
873 1002 151 46 enim,
974 1002 184 46 propter
1108 1002 134 46 quam
1175 1002 84 46 ha-

218 1043 108 48 bet
279 1043 124 48 hoc,
357 1043 108 48 est
419 1043 124 48 quod
496 1043 108 48 non
558 1043 170 48 iuuatur
682 1043 108 48 per
744 1043 139 48 illud
837 1043 170 48 corpus,
960 1043 77 48 &
991 1043 155 48 anima.
1100 1043 124 48 Modo
1162 1043 108 48 autem

214 1092 111 40 non
278 1092 111 40 est
341 1092 175 40 aliquod
468 1092 175 40 istorum
596 1092 159 40 etiam.
707 1092 79 40 &
739 1092 127 40 illa
818 1092 159 40 autem,
929 1092 127 40 quia
1009 1092 95 40 in
1056 1092 159 40 maiori
1152 1092 111 40 parte

216 1131 109 63 non
279 1131 234 63 intelligit:
466 1131 78 63 &
497 1131 125 63 ista
575 1131 125 63 quia
653 1131 93 63 in
699 1131 156 63 maiori
808 1131 140 63 parte
902 1131 109 63 non
949 1131 93 63 est.

260 1188 118 47 D.Et
334 1188 222 47 impossibile
511 1188 103 47 est
571 1188 89 47 vt
615 1188 148 47 corpus
718 1188 148 47 habeat
822 1188 148 47 animum
925 1188 74 47 &
955 1188 222 47 intellectum
1132 1188 118 47 sine
1191 1188 74 47 sen

222 1228 104 51 su,
282 1228 104 51 cum
341 1228 134 51 illud
430 1228 148 51 corpus
534 1228 104 51 non
593 1228 104 51 est
653 1228 193 51 remanens,
801 1228 104 51 sed
860 1228 208 51 generabile
1024 1228 74 51 &
1038 1228 223 51 corruptibile,

214 1275 119 40 siue
288 1275 148 40 fuerit
392 1275 163 40 simplex
511 1275 119 40 siue
585 1275 223 40 compositum.
763 1275 89 40 Et
808 1275 104 40 hoc
867 1275 223 40 intendebat,
1045 1275 104 40 cum
1105 1275 89 40 d.
1149 1275 89 40 vt
1179 1275 89 40 repu

222 1308 91 52 to
267 1308 211 52 generatum,
433 1308 106 52 aut
494 1308 106 52 non
554 1308 211 52 generatum.
720 1308 136 52 causa
810 1308 136 52 enim,
901 1308 166 52 propter
1022 1308 121 52 quam
1097 1308 136 52 debet
1172 1308 91 52 esse

223 1355 134 44 corpus
316 1355 161 44 animatum
437 1355 201 44 intelligens
597 1355 107 44 sine
664 1355 134 44 sensu,
758 1355 80 44 si
798 1355 134 44 potest
891 1355 120 44 esse,
972 1355 94 44 est
1025 1355 107 44 quia
1092 1355 120 44 illud
1159 1355 107 44 corpus

220 1387 185 40 animatum
358 1387 108 40 non
420 1387 200 40 adiuuatur
574 1387 108 40 per
635 1387 154 40 sensum
743 1387 138 40 neque
835 1387 92 40 in
881 1387 154 40 anima,
989 1387 138 40 neque
1081 1387 92 40 in
1112 1387 154 40 corpore.

223 1427 99 48 Sed
280 1427 85 48 si
322 1427 198 48 posuerimus
478 1427 142 48 corpus
577 1427 170 48 animatum
705 1427 213 48 intelligens
874 1427 113 48 esse
945 1427 99 48 non
1002 1427 213 48 generabile,
1158 1427 99 48 neque

220 1469 257 38 corruptibile,
432 1469 212 38 manifestum
598 1469 106 38 est
659 1469 121 38 quod
734 1469 106 38 non
795 1469 166 38 indiget
916 1469 151 38 sensu:
1022 1469 106 38 cum
1082 1469 106 38 non
1128 1469 136 38 haberet

219 1504 158 43 sensus
330 1504 95 43 in
377 1504 126 43 ipso
456 1504 174 43 aliquod
583 1504 237 43 iuuamentum.
772 1504 221 43 iuuamentum
946 1504 142 43 enim,
1041 1504 126 43 quod
1120 1504 111 43 est
1183 1504 111 43 per

217 1543 159 50 animam,
332 1543 101 50 non
390 1543 144 50 habet,
491 1543 115 50 quia
563 1543 130 50 anima
649 1543 202 50 sensibilis
808 1543 159 50 impedit
923 1543 87 50 in
967 1543 144 50 maiori
1068 1543 144 50 parte,
1154 1543 101 50 idest

221 1585 232 45 intellectum.
410 1585 73 45 &
439 1585 102 45 hoc
497 1585 218 45 intendebat,
671 1585 102 45 cum
729 1585 145 45 dixit,
831 1585 73 45 &
860 1585 116 45 illa
933 1585 145 45 autem,
1034 1585 116 45 quia
1107 1585 87 45 in
1136 1585 116 45 maiori

228 1628 117 45 parte
306 1628 91 45 non
358 1628 195 45 intelligit.
514 1628 78 45 i.
553 1628 130 45 virtus
644 1628 117 45 autem
722 1628 195 45 sensibilis,
877 1628 104 45 quia
942 1628 78 45 in
981 1628 117 45 parte
1059 1628 130 45 maiori
1150 1628 91 45 non
1202 1628 78 45 in

220 1667 166 46 telligit
344 1667 152 46 animali
455 1667 235 46 intelligenti.
648 1667 193 46 Iuuamentum
800 1667 124 46 autem
882 1667 166 46 virtutis
1007 1667 207 46 sensibilis,
1172 1667 110 46 quae

220 1701 96 48 est
275 1701 96 48 per
330 1701 151 48 corpus,
441 1701 96 48 non
496 1701 124 48 habet
578 1701 138 48 etiam,
675 1701 110 48 quia
744 1701 138 48 sensus
840 1701 83 48 in
881 1701 138 48 maiori
978 1701 124 48 parte
1060 1701 96 48 non
1115 1701 96 48 est
1157 1701 96 48 causa

222 1738 229 52 longitudinis
408 1738 129 52 vitae
494 1738 72 52 &
522 1738 215 52 durationis.
694 1738 86 52 Et
737 1738 100 52 hoc
794 1738 215 52 intendebat,
966 1738 100 52 cum
1023 1738 86 52 d.
1066 1738 72 52 &
1095 1738 129 52 ista,
1166 1738 86 52 quia

222 1777 80 42 in
262 1777 134 42 maiori
356 1777 121 42 parte
436 1777 94 42 non
490 1777 107 42 est.
557 1777 121 42 idest
637 1777 67 42 &
664 1777 134 42 sensus
758 1777 80 42 in
798 1777 134 42 maiori
892 1777 121 42 parte
972 1777 94 42 est
1026 1777 134 42 causa,
1120 1777 121 42 quare
1187 1777 67 42 res

217 1820 105 45 non
277 1820 120 45 sit,
352 1820 135 45 idest
442 1820 90 45 vt
487 1820 255 45 corrumpantur.
696 1820 75 45 &
726 1820 120 45 ideo
801 1820 210 45 sensibilia
966 1820 120 45 sunt
1040 1820 165 45 minoris
1145 1820 120 45 nitae,

221 1857 123 57 quam
298 1857 154 57 multae
390 1857 154 57 plantae.
