1416 2066
171 188 158 47 opus.
277 188 193 47 quomodo
417 188 140 47 enim
504 188 175 47 aletur
627 188 88 47 e
662 188 245 47 manentibus
855 188 175 47 quidem
978 188 158 47 enim.
1065 188 158 47 existit

171 228 141 54 quod
260 228 141 54 vnde
348 228 141 54 nata
418 228 124 54 sunt.

222 266 139 70 sensum
319 266 152 70 omnibus
430 266 139 70 inesse
527 266 208 70 uiuentibus,
693 266 152 70 necesse
804 266 97 70 non
860 266 111 70 est:
929 266 125 70 neque
1012 266 111 70 enim
1081 266 83 70 ea
1109 266 111 70 quorum

170 321 146 50 corpus
273 321 102 50 est
331 321 175 50 simplex,
463 321 161 50 possunt
580 321 146 50 tactum
682 321 161 50 habere:
799 321 146 50 neque,
901 321 117 50 sine
974 321 88 50 eo
1018 321 132 50 ullum
1091 321 117 50 animal

176 379 108 48 esse
244 379 149 48 potest:
353 379 135 48 neque,
447 379 108 48 item
515 379 81 48 ea
556 379 108 48 quae
623 379 95 48 non
678 379 108 48 sunt
745 379 176 48 receptiua
881 379 176 48 specierum
1016 379 108 48 sine
1071 379 135 48 materia.

174 430 85 37 at
216 430 142 37 auimal
316 430 156 37 necesse
429 430 99 37 est
486 430 142 37 sensum
585 430 156 37 habeat,
698 430 85 37 si
741 430 128 37 nihil
826 430 156 37 frustra
940 430 128 37 facit
1025 430 156 37 natura.
1124 430 85 37 cun-

173 467 96 48 cta
228 467 110 48 enim
297 467 110 48 quae
366 467 137 48 natura
462 467 124 48 sunt,
544 467 165 48 alicuius
668 467 110 48 sunt
736 467 151 48 gratia:
846 467 96 48 aut
901 467 110 48 sunt
970 467 124 48 casus
1052 467 124 48 eorum
1135 467 110 48 quae

174 516 163 47 alicuius
296 516 135 47 gratia
391 516 122 47 sunt.
472 516 108 47 ergo
540 516 81 47 si
581 516 135 47 corpus
676 516 163 47 quodque,
798 516 108 47 gres
865 516 108 47 sile
933 516 95 47 non
987 516 149 47 haberet
1082 516 122 47 sensum,

174 562 155 50 utique
282 562 278 50 corrumperetur,
514 562 77 50 &
545 562 93 50 ad
591 562 139 50 finem
684 562 108 50 non
746 562 232 50 perueniret,
932 562 124 50 quod
1009 562 170 50 naturae
1117 562 93 50 opus

179 615 65 52 &
205 615 156 52 officium
322 615 104 52 est.
387 615 91 52 quo
439 615 104 52 enim
504 615 117 52 pacto
582 615 234 52 nutrietureniis
778 615 104 52 enim
843 615 104 52 quae
908 615 156 52 stabilia
1025 615 117 52 sunt,
1103 615 91 52 hoc
1142 615 65 52 ad-

178 660 97 63 est
233 660 83 63 in
275 660 124 63 eodem
357 660 110 63 illo
426 660 110 63 loco
495 660 110 63 unde
564 660 110 63 orta
619 660 97 63 sunt.

211 725 93 54 Et
258 725 109 54 non
320 725 109 54 est
383 725 234 54 necessarium
570 725 218 54 sensibilem
741 725 125 54 esse
819 725 249 54 simpliciter.
1021 725 93 54 Et
1052 725 156 54 impossi-

172 772 111 47 bile
241 772 97 47 est
297 772 111 47 sine
366 772 111 47 ista
436 772 83 47 vt
477 772 139 47 animal
574 772 97 47 sit
630 772 139 47 viuum:
727 772 125 47 neque
810 772 125 47 etiam
893 772 83 47 in
935 772 139 47 rebus,
1032 772 111 47 quae
1101 772 97 47 non
1143 772 69 47 re-

179 814 161 53 cipiunt
297 814 147 53 formam
400 814 117 53 sine
473 814 176 53 materia.
605 814 161 53 Necesse
723 814 103 53 est
781 814 147 53 igitur
884 814 88 53 vt
928 814 147 53 sensus
1031 814 103 53 sit
1090 814 88 53 in
1119 814 88 53 ani-

167 862 191 45 malibus,
310 862 95 45 si
358 862 159 45 natura
469 862 222 45 nihilfacit
643 862 191 45 ociosum.
786 862 143 45 omnia
882 862 127 45 enim
961 862 222 45 existentia
1136 862 111 45 per

173 900 176 40 naturam
301 900 112 40 aut
365 900 128 40 sunt
445 900 176 40 propter
573 900 192 40 aliquid,
716 900 112 40 aut
780 900 128 40 sunt
860 900 224 40 accidentia
1020 900 192 40 consequen-

173 940 122 46 tia,
249 940 122 46 quae
326 940 122 46 sunt
402 940 168 46 propter
525 940 184 46 aliquid,
662 940 122 46 omne
739 940 122 46 enim
815 940 153 46 corpus
922 940 184 46 ambulans
1060 940 122 46 sine
1121 940 92 46 sen-

174 981 97 46 su
222 981 258 46 corrumpitur,
432 981 81 46 &
464 981 113 46 non
529 981 145 46 venit
625 981 97 46 ad
674 981 161 46 finem,
787 981 113 46 eum
851 981 161 46 fuerit
964 981 97 46 de
1012 981 177 46 actione
1125 981 81 46 na-

174 1023 136 44 turae.
270 1023 122 44 Notum
351 1023 95 44 est
406 1023 136 44 igitur
501 1023 109 44 quod
569 1023 82 44 de
610 1023 204 44 necessitate
773 1023 190 44 inuenietur
922 1023 190 44 sensibilis
1072 1023 82 44 in
1099 1023 109 44 anima-

176 1067 152 47 libus.
282 1067 107 47 est
343 1067 122 47 enim
420 1067 183 47 secundum
557 1067 137 47 modum
648 1067 137 47 motus
740 1067 122 47 sine
816 1067 152 47 sensu.
922 1067 107 47 sed
983 1067 122 47 iste
1060 1067 137 47 etiam
1136 1067 76 47 est

178 1107 91 49 in
223 1107 122 49 eis,
299 1107 122 49 quae
375 1107 152 49 innata
482 1107 122 49 sunt
543 1107 182 49 quiescere.

218 1171 81 48 Et
258 1171 94 48 non
312 1171 94 48 est
366 1171 202 48 necessarium
527 1171 81 48 vt
567 1171 135 48 virtus
661 1171 188 48 sensibilis
809 1171 94 48 sit
863 1171 215 48 simpliciter,
1038 1171 121 48 idest
1119 1171 81 48 in
1146 1171 67 48 om-

185 1211 128 40 nibus
270 1211 143 40 rebus,
370 1211 114 40 quae
441 1211 171 40 crescunt
570 1211 71 40 &
598 1211 242 40 corrumpuntur.
798 1211 100 40 Sed
855 1211 86 40 in
897 1211 200 40 animalibus
1054 1211 143 40 tantum
1140 1211 71 40 est

179 1252 141 39 necesse
282 1252 77 39 vt
321 1252 90 39 sit
372 1252 129 39 virtus
462 1252 193 39 sensibilis.
616 1252 193 39 impossibile
771 1252 103 39 enim
835 1252 90 39 est
886 1252 103 39 sine
951 1252 90 39 hac
1002 1252 141 39 virtute
1105 1252 77 39 vt
1131 1252 77 39 ali-

173 1291 112 43 quid
243 1291 98 43 sit
299 1291 155 43 animal:
412 1291 70 43 &
440 1291 98 43 hoc
496 1291 98 43 est
552 1291 84 43 in
595 1291 126 43 rebus
679 1291 239 43 recipientibus
876 1291 98 43 eam
932 1291 98 43 non
988 1291 84 43 in
1030 1291 169 43 materia.
1143 1291 70 43 hoc

181 1332 111 39 enim
251 1332 125 39 nomen
334 1332 139 39 Tvita,
431 1332 153 39 dicitur
542 1332 83 39 de
584 1332 97 39 eis
639 1332 69 39 &
667 1332 125 39 istis
750 1332 194 39 aequiuoce:
903 1332 69 39 &
930 1332 139 39 innuit
1028 1332 153 39 corpora
1125 1332 83 39 coe-

182 1370 142 41 lestia.
285 1370 129 41 Deinde
376 1370 129 41 dixit.
466 1370 142 41 Necesse
569 1370 90 41 est
621 1370 129 41 igitur
711 1370 77 41 vt
750 1370 129 41 sensus
841 1370 90 41 sit
892 1370 77 41 in
931 1370 194 41 animalibus,
1086 1370 90 41 &c.
1138 1370 77 41 i.
1176 1370 65 41 &

182 1409 141 42 apparet
285 1409 103 42 quod
349 1409 141 42 necesse
452 1409 90 42 est
503 1409 77 42 vt
542 1409 128 42 sensus
632 1409 90 42 sit
683 1409 77 42 in
722 1409 103 42 omni
786 1409 154 42 animali,
902 1409 64 42 &
927 1409 103 42 hoc,
991 1409 103 42 quia
1056 1409 128 42 natura
1133 1409 64 42 ni-

182 1446 94 45 hil
235 1446 121 45 facit
316 1446 148 45 ociose.
423 1446 121 45 Omnia
504 1446 67 45 7
531 1446 108 45 enim
598 1446 175 45 naturalia
733 1446 94 45 aut
786 1446 108 45 sunt
854 1446 148 45 propter
961 1446 161 45 aliquid,
1082 1446 94 45 aut
1122 1446 81 45 sunt

174 1491 198 35 accidentia
329 1491 226 35 consequentia
513 1491 156 35 naturam
626 1491 85 35 de
669 1491 226 35 necessitate,
853 1491 71 35 &
881 1491 99 35 non
937 1491 226 35 intenduntur.
1121 1491 85 35 v.
1149 1491 57 35 g.

175 1521 123 53 pili,
257 1521 96 53 qui
312 1521 164 53 oriuntur
435 1521 82 53 in
476 1521 123 53 locis
558 1521 96 53 non
613 1521 219 53 determinatis
791 1521 82 53 in
832 1521 164 53 corpore.
955 1521 82 53 &,
996 1521 96 53 cum
1051 1521 96 53 ita
1106 1521 109 53 sit,
1160 1521 55 53 si

172 1558 145 45 animal
273 1558 101 45 non
331 1558 159 45 haberet
447 1558 159 45 sensum,
563 1558 101 45 cum
621 1558 101 45 hoc
679 1558 116 45 quod
751 1558 101 45 est
809 1558 188 45 ambulans,
954 1558 145 45 statim
1041 1558 159 45 corrumpe-

170 1605 132 46 retur
258 1605 161 46 anteque
375 1605 205 46 perueniret
536 1605 88 46 ad
580 1605 248 46 complementum:
784 1605 73 46 &
813 1605 117 46 tunc
886 1605 146 46 natura
989 1605 146 46 ageret
1076 1605 132 46 ociose,

174 1645 100 37 cum
231 1645 171 37 incoepit
359 1645 171 37 generare
487 1645 143 37 entia,
587 1645 114 37 quae
658 1645 100 37 non
715 1645 157 37 possunt
829 1645 185 37 peruenire
972 1645 86 37 ad
1015 1645 128 37 finem
1100 1645 86 37 in
1129 1645 71 37 ma-

169 1684 104 40 iori
234 1684 130 40 parte,
325 1684 91 40 aut
377 1684 143 40 omnino.
482 1684 117 40 Notum
560 1684 91 40 est
612 1684 130 40 igitur
703 1684 104 40 quod
768 1684 143 40 necesse
872 1684 104 40 est,
937 1684 78 40 vt
977 1684 130 40 virtus
1055 1684 156 40 sensibilis

176 1719 94 45 sit
229 1719 81 45 in
270 1719 189 45 animalibus
418 1719 215 45 ambulantibus
593 1719 81 45 de
633 1719 215 45 necessitate,
808 1719 162 45 scilicet
930 1719 215 45 quaerentibus
1091 1719 108 45 nutri-

173 1761 177 38 mentum.
302 1761 161 38 Deinde
415 1761 161 38 dicit.
527 1761 113 38 est
592 1761 129 38 enim
672 1761 193 38 secundum
817 1761 145 38 modum
914 1761 145 38 motus
1011 1761 129 38 sine
1075 1761 129 38 sensu,

171 1798 127 44 idest
255 1798 169 44 quoniam,
382 1798 84 44 si
424 1798 211 44 inueniretur
593 1798 155 44 aliquid
706 1798 141 44 moueri
805 1798 84 44 in
847 1798 113 44 loco
917 1798 113 44 sine
988 1798 155 44 virtute
1086 1798 127 44 sensibi

174 1838 94 45 li,
227 1838 107 45 tunc
294 1838 134 45 illius
388 1838 107 45 esse
455 1838 94 45 est
509 1838 107 45 modo
576 1838 148 45 diuerso
684 1838 81 45 ab
724 1838 107 45 esse
791 1838 215 45 generabilium
965 1838 67 45 &
979 1838 228 45 corruptibilium,

172 1877 68 46 &
200 1877 137 46 innuit
295 1877 150 46 corpora
404 1877 191 46 caelestia.
555 1877 109 46 Illa
623 1877 123 46 enim,
705 1877 109 46 quia
773 1877 96 46 non
828 1877 109 46 sunt
896 1877 205 46 generabilia
1060 1877 123 46 neque
1128 1877 82 46 cor
