2063 3399
220 187 98 49 tuum
281 187 61 49 a
306 187 98 49 domo
367 187 135 49 proximi
465 187 98 49 tui,
527 187 74 49 id
563 187 98 49 est,
625 187 123 49 rarius
711 187 110 49 adito
784 187 147 49 proximum
895 187 98 49 tuum
944 187 86 49 alias

222 236 145 38 negotiis
331 236 121 38 multis
416 236 170 38 occupatum.
549 236 85 38 Sic
597 236 170 38 congregari
730 236 73 38 ad
767 236 133 38 populum
864 236 109 38 suum,
924 236 85 38 Genes

222 270 254 43 quadragesimonono,
439 270 133 43 versic.
536 270 85 43 29.
584 270 85 43 est
633 270 133 43 adjungi
729 270 121 43 aliis,
814 270 85 43 qui
862 270 109 43 antea
922 270 85 43 mortu

230 300 94 47 munt.
292 300 94 47 Exod.
355 300 73 47 20.
397 300 63 47 7.
428 300 73 47 non
470 300 105 47 habere
543 300 73 47 pro
585 300 146 47 innocente,
700 300 73 47 est
731 300 84 47 punire

256 334 139 38 Pluribus
361 334 116 38 verbis
442 334 104 38 verus
511 334 116 38 sensus
592 334 162 38 explicatur
720 334 81 38 aut
766 334 162 38 prolixiore
893 334 104 38 vocum
951 334 58 38 ve-

231 368 181 50 ambiguarum
373 368 91 50 vel
425 368 181 50 obscuratum
568 368 117 50 nobis
645 368 220 50 declaratione,
827 368 91 50 aut
879 368 117 50 rerum
943 368 65 50 pe-

228 398 221 44 citcumstantias
400 398 172 44 expositione.

267 421 110 47 Voces
340 421 146 47 ambiguae
449 421 85 47 seu
498 421 146 47 habentes
608 421 122 47 plures
693 421 231 47 significationes
875 421 134 47 prolixius

232 461 185 38 declarantur
380 461 198 38 distinctione
541 461 235 38 significationum
738 461 86 38 per
788 461 210 38 enumerationem
948 461 62 38 re-

229 500 99 41 rum,
290 500 99 41 quae
352 500 99 41 voce
414 500 136 41 ambigua
501 500 185 41 significantur

251 517 153 50 Exemplum
366 517 153 50 illustre
481 517 89 50 est
532 517 77 50 in
570 517 191 50 Chrysostomi
723 517 140 50 homilia
825 517 77 50 in
864 517 140 50 Psalmum
953 517 51 50 oo

234 562 124 35 Ecclesia
327 562 83 35 quae
379 562 104 35 ubique
451 562 124 35 Christum
544 562 62 35 in
575 562 62 35 se
606 562 155 35 circumfert,
731 562 166 35 innumerosque
865 562 124 35 martyres
948 562 52 35 im-

230 599 124 38 molauit
320 599 68 38 ob
354 599 158 38 charitatem
478 599 90 38 quam
535 599 102 38 gerit
602 599 90 38 erga
659 599 113 38 virum,
738 599 56 38 a
761 599 102 38 nullo
828 599 158 38 prohibetur
941 599 68 38 loco

223 627 75 42 sed
266 627 65 42 in
299 627 86 42 omni
352 627 86 42 loco
406 627 86 42 sunt
460 627 129 42 altaria,
557 627 65 42 in
589 627 86 42 omni
643 627 86 42 loco
696 627 140 42 doctrina.
804 627 86 42 Haec
858 627 140 42 praedixit
954 627 65 42 Deus

220 662 82 41 per
267 662 164 41 Praphetam,
396 662 82 41 nam
443 662 59 41 &
466 662 211 41 Ecclesiasticam
642 662 152 41 exprimens
759 662 199 41 sinceritatem,
922 662 59 41 &
934 662 82 41 alte-

227 699 86 31 rius
281 699 108 31 populi
356 699 194 31 ingratitudinem
518 699 151 31 traducens,
636 699 65 31 ad
669 699 97 31 illos
733 699 140 31 loquitur:
841 699 75 31 non
884 699 75 31 est
927 699 75 31 mea
959 699 54 31 vo-

223 725 110 35 luntas
300 725 66 35 in
333 725 110 35 vobis,
409 725 99 35 dicit
475 725 121 35 Dominus
563 725 164 35 omnipotens,
694 725 77 35 nec
738 725 131 35 accipiam
837 725 121 35 hostias
924 725 66 35 de
946 725 55 35 ma-

227 759 96 40 nibus
291 759 128 40 vestris:
387 759 117 40 quoniam
472 759 64 40 ab
504 759 106 40 exortu
578 759 96 40 Solis
642 759 96 40 usque
706 759 64 40 ad
738 759 128 40 occasum,
834 759 96 40 nomen
898 759 85 40 meum
940 759 64 40 glo-

224 791 146 38 rificatum
336 791 78 38 est
381 791 101 38 inter
448 791 123 38 gentes,
537 791 56 38 &
560 791 67 38 in
593 791 90 38 omni
650 791 90 38 loco
706 791 168 38 sacrificium
840 791 134 38 offertur
930 791 78 38 nomin

224 830 91 38 meo,
280 830 57 38 &
303 830 136 38 sacrifi.
405 830 79 38 ium
450 830 113 38 purum.
529 830 91 38 Vide
586 830 91 38 quam
642 830 170 38 luculenter,
778 830 125 38 quamque
869 830 136 38 dilucide
959 830 57 38 my-

230 860 114 37 sticam
309 860 194 37 interpretatus
469 860 80 37 est
514 860 125 37 mensam,
605 860 91 37 quae
662 860 80 37 est
708 860 148 37 incruenta
822 860 125 37 hostia.
901 860 114 37 Thym:ama

227 891 84 35 vero
279 891 94 35 purum
342 891 126 35 appellat
436 891 105 35 sacras
510 891 115 35 preces,
594 891 84 35 quae
646 891 84 35 post
699 891 115 35 hostiam
783 891 157 35 offeruntur:
909 891 73 35 hic
940 891 63 35 enim

226 921 122 44 suffitus
317 921 81 44 Deum
368 921 152 44 refocillat,
489 921 71 44 non
530 921 61 44 is
560 921 71 44 qui
601 921 51 44 a
621 921 122 44 terrenis
712 921 132 44 radicibus
813 921 122 44 sumitur,
905 921 71 44 sed
945 921 71 44 qui
975 921 41 44 a-

219 955 90 45 puro
275 955 101 45 corde
343 955 158 45 exhalatur.
466 955 146 45 Dirigatur
579 955 113 45 igitur
658 955 113 45 oratio
737 955 79 45 mea
782 955 124 45 tanquam
872 955 135 45 incensum
962 955 45 45 in

224 989 134 37 conspectu
327 989 83 37 tuo.
379 989 93 37 Vides
441 989 62 37 vt
472 989 103 37 ubique
544 989 114 37 locorum
627 989 134 37 concissum
730 989 72 37 est
771 989 134 37 angelicum
875 989 93 37 illud
926 989 83 37 sacri-

227 1018 102 46 ficium
298 1018 174 46 inclaresceret
441 1018 92 46 vides
503 1018 102 46 nullis
574 1018 112 46 finibus
656 1018 194 46 circumscriptum,
819 1018 92 46 neque
880 1018 112 46 altare,
952 1018 51 46 ned

226 1061 145 33 canticum.
337 1061 67 33 In
371 1061 89 33 omni
426 1061 89 33 loco
482 1061 134 33 offertur
582 1061 134 33 thymiama
682 1061 111 33 nomini
760 1061 89 33 meo.
816 1061 78 33 Est
860 1061 111 33 igitur
927 1061 89 33 hostia

233 1086 99 39 pura,
299 1086 99 39 prima
365 1086 110 39 quidem
442 1086 121 39 mystica
530 1086 110 39 mensa,
607 1086 132 39 coeleste
707 1086 132 39 summeque
806 1086 154 39 venerandum
916 1086 88 39 sacri-

223 1119 111 42 ficium
301 1119 78 42 Est
345 1119 100 42 autem
412 1119 56 42 &
434 1119 67 42 in
468 1119 100 42 nobis
534 1119 100 42 varia
601 1119 189 42 sacrificiorum
757 1119 178 42 differentia.
891 1119 122 42 Posteaqua

223 1154 86 38 enim
277 1154 75 38 lex
320 1154 64 38 in
352 1154 107 38 Veteri
427 1154 150 38 Testamento
546 1154 107 38 multas
621 1154 107 38 habuit
696 1154 129 38 hostias,
793 1154 97 38 aliam
857 1154 75 38 pro
890 1154 107 38 peccatis

233 1181 98 39 aliam
298 1181 87 39 quae
352 1181 98 39 dicta
417 1181 76 39 est
461 1181 184 39 holocaustoma,
613 1181 98 39 aliam
678 1181 119 39 vocatam
764 1181 119 39 laudis,
851 1181 98 39 aliam
905 1181 98 39 saluta.

226 1215 86 36 ris,
280 1215 97 36 aliam
344 1215 75 36 pro
387 1215 129 36 leprosis
484 1215 150 36 mundandis,
602 1215 129 36 breviter
699 1215 97 36 alias
763 1215 54 36 &
785 1215 107 36 multas
860 1215 54 36 &
881 1215 107 36 varias
946 1215 64 36 pro-

225 1250 82 38 his
272 1250 82 38 qui
319 1250 153 38 innumeris
437 1250 200 38 expiationibus
601 1250 188 38 censebantur,
754 1250 117 38 omnino
836 1250 117 38 magnus
918 1250 106 38 erat,
977 1250 35 38 &

229 1282 84 37 modo
282 1282 105 37 carens
356 1282 116 37 numerus
440 1282 179 37 sacrificiorum
588 1282 63 37 in
619 1282 95 37 lege:
682 1282 84 37 quae
735 1282 95 37 omnia
798 1282 84 37 nova
851 1282 105 37 gratia
925 1282 105 37 super

232 1320 125 35 veniens
323 1320 80 35 uno
368 1320 182 35 complectitur
516 1320 170 35 sacrificio,
652 1320 91 35 unam
709 1320 68 35 ac
743 1320 102 35 veram
811 1320 136 35 statuens
902 1320 102 35 hostiam

220 1348 127 37 Habemus
313 1348 104 37 autem
382 1348 58 37 &
405 1348 81 37 nos
451 1348 69 37 in
486 1348 104 37 nobis
555 1348 104 37 ipsis
624 1348 115 37 varias
705 1348 196 37 immolationes,
866 1348 81 37 non
912 1348 92 37 quae
958 1348 58 37 ju-

226 1381 75 35 xta
269 1381 97 35 legem
334 1381 140 35 incedunt,
441 1381 75 35 sed
484 1381 86 35 quae
538 1381 108 35 docent
614 1381 161 35 Evangelicam
743 1381 129 35 gratiam.
840 1381 97 35 Visne
904 1381 75 35 has
936 1381 65 35 coe-

218 1420 118 35 noscere
304 1420 140 35 victimas,
412 1420 86 35 quas
465 1420 97 35 habet
530 1420 140 35 Ecclesia,
637 1420 86 35 quum
691 1420 86 35 sine
745 1420 129 35 sanguine
841 1420 86 35 sine
895 1420 97 35 fumo,
949 1420 64 35 sint

227 1446 122 37 altari,
316 1446 166 37 caeterisque
448 1446 177 37 caeremoniis,
592 1446 100 37 munus
659 1446 166 37 Evangelicum
792 1446 111 37 sursum
869 1446 144 37 adscendit
969 1446 44 37 ad

219 1478 114 40 Deum,
295 1478 139 40 quodque
396 1478 88 40 sit
447 1478 189 40 sacrificium
598 1478 126 40 mundum
686 1478 63 40 &
712 1478 202 40 immaculatum?
876 1478 126 40 Audito
951 1478 76 40 san-

225 1513 93 37 ctam
283 1513 162 37 Scripturam
411 1513 93 37 tibi
469 1513 104 37 palam
538 1513 162 37 exponentem
666 1513 93 37 hanc
723 1513 185 37 differentiam
874 1513 69 37 ac
897 1513 116 37 varieta-

228 1549 83 39 tem.
279 1549 73 39 Est
321 1549 104 39 igitur
394 1549 104 39 primum
466 1549 166 39 sacrificium,
601 1549 83 39 quod
653 1549 83 39 ante
705 1549 93 39 dixi,
767 1549 145 39 spirituale
881 1549 93 39 illud
943 1549 62 39 ac
964 1549 52 39 my-

230 1576 108 43 sticum
306 1576 108 43 donum,
381 1576 65 43 de
414 1576 76 43 quo
457 1576 108 43 Paulus
533 1576 86 43 ait,
587 1576 151 43 Imitatores
706 1576 108 43 estote
781 1576 76 43 Dei
825 1576 119 43 tanquam
911 1576 97 43 filii
965 1576 54 43 ai-

229 1608 114 43 lecti,
308 1608 57 43 &
331 1608 136 43 ambulate
433 1608 68 43 in
467 1608 171 43 dilectione,
604 1608 171 43 quemadmodum
740 1608 57 43 &
763 1608 136 43 Christus
865 1608 125 43 dilexit
945 1608 68 43 nos:

236 1648 170 33 pradiditque
372 1648 125 33 seipsum
463 1648 79 33 pro
508 1648 102 33 nobis
576 1648 79 33 Deo
622 1648 170 33 sacrificium
758 1648 57 33 &
781 1648 159 33 oblationem
905 1648 68 33 in
928 1648 91 33 odorem

230 1678 162 37 suavitatis,
360 1678 119 37 Alterum
447 1678 162 37 sacrificium
577 1678 76 37 est
620 1678 141 37 martyrum:
728 1678 54 37 &
750 1678 87 37 quae
804 1678 130 37 testatur
902 1678 76 37 hoc
934 1678 76 37 Scri-

230 1709 112 34 ptura?
308 1709 90 34 Audi
364 1709 123 34 Paulum:
454 1709 123 34 Obsecro
544 1709 79 34 vos
589 1709 135 34 fratres,
690 1709 67 34 ut
723 1709 157 34 exhibeatis
847 1709 123 34 corpora
925 1709 90 34 vestra

220 1742 131 39 hostiam
316 1742 108 39 vivam
387 1742 143 39 sanctam,
495 1742 120 39 gratam
579 1742 96 39 Deo.
638 1742 108 39 Habes
710 1742 120 39 primam
794 1742 131 39 hostiam
889 1742 96 39 quae
937 1742 72 39 dici

220 1775 78 38 tur
265 1775 156 38 salutaris,
387 1775 101 38 habes
454 1775 134 38 secundam
555 1775 145 38 martyrum,
667 1775 123 38 tertiam
756 1775 179 38 precationis:
890 1775 123 38 Dirigatur

230 1805 163 42 deprecatio
359 1805 82 42 mea
405 1805 128 42 tanquam
499 1805 140 42 incensum
604 1805 70 42 in
639 1805 163 42 conspecta,
767 1805 140 42 sublatio
872 1805 117 42 manuum
942 1805 70 42 mea-

229 1849 74 31 rum
272 1849 159 31 sacrificium
399 1849 170 31 vespertinum.
538 1849 106 31 Quarta
612 1849 74 31 est
655 1849 85 31 quae
708 1849 128 31 offertur
803 1849 106 31 laude,
878 1849 74 31 hoc
920 1849 85 31 est,
963 1849 53 31 per

220 1874 119 40 hymnos,
307 1874 141 40 Sacrifica
415 1874 76 40 Deo
459 1874 163 40 sacrificium
589 1874 119 40 laudis.
676 1874 108 40 Quinta
752 1874 76 40 est
795 1874 76 40 per
838 1874 152 40 justitiam:
947 1874 65 40 Tunt

224 1909 144 38 acceptabis
337 1909 154 38 sacrificium
460 1909 144 38 justitiae.
574 1909 93 38 Sexta
635 1909 124 38 offertur
728 1909 72 38 per
769 1909 165 38 eleemosynam:
893 1909 113 38 Sacrifici

225 1940 84 40 um,
273 1940 132 40 inquit,
369 1940 120 40 mundum
453 1940 60 40 &
477 1940 192 40 immaculatum,
632 1940 144 40 visitare
740 1940 144 40 pauperes
848 1940 60 40 &
872 1940 144 40 orphanos
968 1940 48 40 in

239 1973 151 46 afflictione
360 1973 121 46 ipsorum.
451 1973 111 46 Septima
532 1973 71 46 sit
572 1973 61 46 in
602 1973 111 46 jubilo.
683 1973 111 46 Jubilum
764 1973 91 46 autem
824 1973 71 46 est
865 1973 151 46 victorialis
976 1973 40 46 in

226 2002 95 42 bello
290 2002 147 42 applausus.
405 2002 74 42 Nam
448 2002 95 42 aliud
511 2002 74 42 est
553 2002 147 42 ololygmos,
669 2002 74 42 hoc
711 2002 74 42 est
753 2002 116 42 clamor:
837 2002 95 42 aliud
890 2002 126 42 alalagmos,

230 2037 75 38 hoc
273 2037 86 38 est,
327 2037 150 38 jubilatio.
444 2037 86 38 Quum
498 2037 86 38 post
551 2037 139 38 victoriam
658 2037 64 38 in
690 2037 96 38 bello
755 2037 118 38 milites
840 2037 182 38 vociferantur,
979 2037 43 38 ea

229 2072 74 39 est
272 2072 147 39 jubilatio,
387 2072 137 39 victoriae
493 2072 116 39 signum,
577 2072 95 39 eoque
640 2072 126 39 Propheta
735 2072 74 39 eos
777 2072 74 39 qui
819 2072 158 39 conspecturi
935 2072 74 39 cranm

229 2101 116 37 Christi
314 2101 148 37 victoriam,
431 2101 106 37 hymnum
505 2101 169 37 vociferantes
642 2101 127 37 adversus
738 2101 116 37 hostes,
822 2101 106 37 heatos
897 2101 138 37 appellat,

240 2132 108 39 dicens;
318 2132 98 39 Beatus
387 2132 108 39 populus
465 2132 68 39 qui
504 2132 78 39 scit
553 2132 166 39 jubilationem,
690 2132 127 39 Jubilatio
788 2132 98 39 igitur
856 2132 68 39 est
886 2132 127 39 victorialis

232 2163 65 41 in
265 2163 98 41 billo
330 2163 130 41 plausus.
427 2163 152 41 Posteaquam
547 2163 87 41 ergo
601 2163 130 41 Servator
698 2163 141 41 victoriam
807 2163 98 41 tulit
872 2163 130 41 devictis
959 2163 54 41 om-

235 2198 99 43 nibus
301 2198 143 43 inimiois,
411 2198 121 43 dicens:
498 2198 154 43 Confidite,
619 2198 77 43 ego
663 2198 88 43 vici
718 2198 121 43 mundum:
806 2198 110 43 hymnum
882 2198 88 43 hunc
926 2198 77 43 offe-

230 2238 111 31 rentes
308 2238 134 31 victori,
408 2238 156 31 perficimus
530 2238 189 31 jubilationem,
686 2238 89 31 quam
742 2238 134 31 Propheta
842 2238 111 31 beatam
920 2238 111 31 vocat.

226 2268 123 34 dicens:
316 2268 135 34 Circuivi
417 2268 56 34 &
439 2268 135 34 immolavi
540 2268 67 34 in
574 2268 168 34 tabernaculo
708 2268 90 34 ejus
764 2268 168 34 sacrificium
899 2268 112 34 laudis
966 2268 34 34 &

235 2300 190 36 subilationis.
391 2300 78 36 Est
436 2300 56 36 &
458 2300 123 36 octavum
547 2300 123 36 quoddam
637 2300 167 36 sacrificium
770 2300 89 36 Deo,
826 2300 134 36 spiritus
916 2300 100 36 contri-

235 2336 89 32 tus:
290 2336 78 32 Cor
335 2336 144 32 contritum
445 2336 55 32 &
467 2336 166 32 humiliatum,
600 2336 89 32 Deus
656 2336 78 32 non
700 2336 155 32 despiciet.
822 2336 100 32 Vides
888 2336 111 32 quales
955 2336 55 32 ho-

232 2368 97 37 stiae
297 2368 54 37 a
318 2368 97 37 nobis
383 2368 161 37 tractentur.
511 2368 75 37 Est
554 2368 54 37 &
576 2368 97 37 aliud
640 2368 97 37 nonum
705 2368 172 37 sacrificium,
844 2368 86 37 quod
898 2368 140 37 peragitur

242 2396 72 37 per
283 2396 134 37 Evangelii
386 2396 207 37 praedicationemis
562 2396 72 37 est
603 2396 93 37 sermo
665 2396 145 37 doctrinae,
779 2396 62 37 de
810 2396 72 37 qua
851 2396 103 37 Paulus
913 2396 93 37 Aposto.

230 2436 78 35 lus
275 2436 89 35 ait:
330 2436 201 35 Administrantes
498 2436 156 35 Evangelium
621 2436 89 35 Dei,
677 2436 67 35 ut
710 2436 89 35 fiat
766 2436 123 35 oblatio
856 2436 123 35 gentium
934 2436 67 35 acc-

226 2468 89 39 pta,
282 2468 56 39 &
304 2468 178 39 sanctificata
449 2468 67 39 in
482 2468 123 39 Spiritu
571 2468 123 39 Sancto.
661 2468 100 39 Vides
727 2468 89 39 quam
783 2468 156 39 declavavit
906 2468 100 39 etiam
961 2468 45 39 E-

234 2494 117 39 angelii
319 2494 191 39 praedicationem
478 2494 117 39 offerri
563 2494 85 39 Deo?
616 2494 95 39 Habes
680 2494 106 39 igitur
754 2494 106 39 primum
828 2494 159 39 sacrificium
945 2494 74 39 illud

231 2530 144 37 salutare
339 2530 120 37 donum,
423 2530 144 37 secundum
531 2530 156 37 martyrum,
650 2530 132 37 tertium
746 2530 216 37 deprecationis,
914 2530 108 37 quartum

243 2566 168 39 subilationis,
382 2566 109 39 quintum
461 2566 139 39 justitiae,
570 2566 59 39 6,
599 2566 158 39 eleemosynae,
728 2566 59 39 7.
758 2566 109 39 laudis.
837 2566 59 39 8.
857 2566 158 39 compunctionis,

235 2592 63 44 9.
267 2592 168 44 humilitatis,
404 2592 63 44 to
435 2592 200 44 praedicationis:
603 2592 116 44 tametsi
687 2592 116 44 quiddam
771 2592 168 44 praetermisi,
908 2592 84 44 quum
950 2592 63 44 ani-

229 2626 73 37 mo
265 2626 110 37 novem
339 2626 183 37 enumeratim,
485 2626 122 37 putavi
571 2626 73 37 me
607 2626 171 37 tradidisse
741 2626 122 37 decem.
827 2626 134 37 Quodnam
912 2626 98 37 igitur

236 2657 142 41 facrificii
347 2657 91 41 genus
408 2657 172 41 praetermissum
550 2657 81 41 est?
601 2657 71 41 Est
641 2657 111 41 decimum
722 2657 162 41 sacrificium,
854 2657 182 41 fructificatio

235 2697 85 36 nis,
288 2697 64 36 de
320 2697 74 36 quo
363 2697 127 36 loquitur
458 2697 117 36 Paulus:
543 2697 106 36 Accepi
617 2697 85 36 quae
670 2697 53 36 a
692 2697 96 36 vobis
755 2697 96 36 missa
819 2697 85 36 sunt
872 2697 74 36 per
904 2697 106 36 Epaphro-

229 2724 108 38 ditum,
305 2724 162 38 sacrificium
435 2724 162 38 acceptabile
565 2724 65 38 in
597 2724 108 38 odorem
673 2724 162 38 suavitatis.
803 2724 97 38 Vides
857 2724 162 38 beneficentiam

229 2755 64 39 in
261 2755 127 39 sanctos,
356 2755 53 39 a
378 2755 95 39 Paulo
441 2755 106 39 vocari
515 2755 169 39 sacrificium.
653 2755 95 39 Habes
717 2755 106 39 igitur
791 2755 106 39 varias
854 2755 159 39 sacrificiorum

209 2792 116 47 formas

273 2807 151 51 Obscurior
389 2807 93 51 vero
447 2807 116 51 oratio
529 2807 139 51 pluribus
633 2807 116 51 verbis
714 2807 81 51 sed
761 2807 174 51 clarioribus
888 2807 128 51 exponitur

250 2856 94 43 quum
309 2856 117 43 oratio
391 2856 105 43 typum
461 2856 82 43 seu
508 2856 152 43 parabolam
625 2856 152 43 continet:
742 2856 117 43 veluti
825 2856 117 43 Ezech.
907 2856 82 43 38.
942 2856 70 43 typ.

239 2889 125 45 possium
329 2889 136 45 aridorum
432 2889 193 45 interpretatur
591 2889 91 45 Deus
647 2889 91 45 ipse
704 2889 102 45 v.11,
772 2889 57 45 &
795 2889 102 45 seqq.
863 2889 79 45 Sic
908 2889 102 45 Matt.
965 2889 57 45 13.

253 2923 144 46 sarabolam
364 2923 66 46 de
397 2923 144 46 gzizaniis
508 2923 122 46 exponit
596 2923 66 46 v.
629 2923 77 46 37.
674 2923 55 46 &
685 2923 66 46 sedq

278 2957 63 39 Si
310 2957 84 39 vero
363 2957 95 39 rerum
426 2957 169 39 expositionem
563 2957 126 39 spectes,
658 2957 74 39 sit
700 2957 84 39 illa
753 2957 126 39 pluribus
847 2957 105 39 verbis
921 2957 74 39 aut
953 2957 63 39 prae

231 2995 106 36 missa
302 2995 83 36 vel
349 2995 130 36 subnexa
443 2995 200 36 illustratione
608 2995 71 36 ex
644 2995 94 36 quoc
703 2995 106 36 unque
773 2995 177 36 inventionis
903 2995 118 36 Logicae,

240 3020 153 38 argumento
358 3020 83 38 seu
405 3020 106 38 loco:
476 3020 118 38 veluti
559 3020 83 38 per
606 3020 189 38 indicationem
759 3020 153 38 causarum,
866 3020 153 38 effectorum;

236 3052 183 42 subjectorum,
384 3052 183 42 adjunctorum,
532 3052 80 42 &c.
578 3052 80 42 Ita
624 3052 171 42 illustratur
761 3052 160 42 explicatio
886 3052 114 42 sensus
955 3052 57 42 pe-

233 3085 185 38 indicationem
384 3085 116 38 causae
465 3085 185 38 efficientis,
615 3085 58 38 a
639 3085 81 38 quo
685 3085 104 38 verba
754 3085 162 38 explicanda
882 3085 104 38 dicta
940 3085 69 38 sin-

235 3121 72 49 an
271 3121 96 49 sint
331 3121 108 49 verba
403 3121 96 49 Dei,
463 3121 144 49 Christi.
571 3121 108 49 Regis
644 3121 168 49 Prophetae,
776 3121 156 49 Apostoli,
896 3121 84 49 &c.
932 3121 96 49 addita

231 3157 211 37 commendatione
404 3157 186 37 autoritatis
553 3157 112 37 cius,
627 3157 112 37 cujus
702 3157 99 37 sunt
751 3157 87 37 verba

265 3172 76 55 Aut
308 3172 76 55 cui
352 3172 97 55 dicta
417 3172 97 55 sint,
482 3172 65 55 ut
514 3172 87 55 Rom.
568 3172 65 55 3.
601 3172 97 55 vers.
666 3172 76 55 10.
709 3172 54 55 &
731 3172 162 55 sequentibus
860 3172 130 55 recenset
947 3172 65 55 Pat

1045 180 87 62 lus
1094 180 137 62 quaedam
1194 180 100 62 loca
1256 180 137 62 Veteris
1356 180 187 62 Testamenti,
1505 180 124 62 postea
1592 180 137 62 indicat
1691 180 124 62 quibus
1766 180 87 62 dicta

1061 225 103 47 sint
1125 225 64 47 &
1151 225 77 47 ad
1190 225 103 47 quem
1241 225 90 47 finem

1091 253 78 47 Aut
1135 253 78 47 per
1180 253 178 47 indicationem
1325 253 89 47 quam
1380 253 67 47 re
1414 253 123 47 aliquid
1503 253 100 47 fiat:
1570 253 67 47 ut
1603 253 111 47 Jerem.
1681 253 78 47 23.
1726 253 67 47 v.
1759 253 78 47 24.
1792 253 45 47 An

1063 300 82 35 non
1110 300 106 35 coeos
1181 300 59 35 &
1204 300 117 35 terram
1286 300 82 35 ego
1333 300 129 35 impieo,
1427 300 106 35 dicit
1497 300 129 35 Jehova?
1591 300 94 35 Quum
1650 300 94 35 Deus
1708 300 82 35 non
1755 300 82 35 sit
1790 300 59 35 res

1060 330 162 43 corporea,
1184 330 162 43 quaeritur
1309 330 87 43 quo
1359 330 112 43 sensu
1434 330 137 43 dicatur
1534 330 137 43 impsere
1634 330 125 43 coelos
1721 330 62 43 &
1734 330 112 43 terrame

1053 361 100 47 Deus
1115 361 75 47 ut
1152 361 174 47 principium
1289 361 174 47 universale
1426 361 137 47 omnium,
1526 361 100 47 agit
1588 361 75 47 in
1626 361 150 47 singulis
1725 361 125 47 partibus

1067 400 148 43 universi:
1180 400 80 43 nam
1226 400 114 43 implet
1305 400 114 43 coelos
1385 400 57 43 &
1407 400 114 43 terram
1487 400 136 43 infinita
1589 400 148 43 essentia,
1691 400 148 43 praesentia.

1077 424 133 44 otentia
1174 424 60 44 &
1198 424 169 44 operatione
1319 424 60 44 sua

1089 453 86 54 Aut
1138 453 86 54 per
1187 453 184 54 redditionem
1334 453 147 54 rationum
1444 453 86 54 seu
1494 453 159 54 causarum,
1616 453 135 54 propter
1714 453 98 54 quas
1763 453 74 54 ali-

1071 500 93 42 quid
1129 500 139 42 dicitur,
1234 500 81 42 seu
1280 500 116 42 quibus
1361 500 104 42 motus
1431 500 104 42 autor
1501 500 128 42 aliquid
1593 500 116 42 dicat,
1675 500 70 42 ut
1709 500 116 42 Matth.
1779 500 58 42 13.

1068 525 143 49 Christus
1175 525 178 49 expositioni
1318 525 155 49 parabolae
1437 525 166 49 seminantis
1568 525 166 49 praemittit
1698 525 119 49 causam
1782 525 83 49 cur

1066 565 80 40 per
1111 565 149 40 parabolas
1226 565 137 40 loquatur
1329 565 69 40 ad
1363 565 126 40 Judaeos
1455 565 57 40 &
1477 565 80 40 cur
1523 565 114 40 easdem
1603 565 160 40 discipulis
1729 565 92 40 suis
1775 565 57 40 ex-

1071 597 104 42 ponat
1141 597 81 42 v11
1187 597 58 42 &
1210 597 173 42 sequentibus
1348 597 104 42 usque
1417 597 69 42 ad
1452 597 69 42 v.
1486 597 81 42 24.
1532 597 81 42 Sic
1578 597 92 42 quod
1636 597 138 42 Christus
1728 597 104 42 dixera-

1063 622 108 48 Matth.
1139 622 76 48 15.
1182 622 76 48 11.
1226 622 76 48 Non
1269 622 87 48 quod
1323 622 152 48 ingreditur
1443 622 65 48 in
1475 622 76 48 os,
1519 622 119 48 polluit
1605 622 130 48 hominem:
1703 622 65 48 id-

1060 659 74 42 xos
1103 659 116 42 exponit
1187 659 63 42 v.
1219 659 74 42 17,
1261 659 74 42 18,
1304 659 74 42 19,
1346 659 74 42 20.
1388 659 106 42 Nondum
1462 659 169 42 perpenditis,
1600 659 127 42 quicquid
1695 659 148 42 ingreditur
1801 659 42 42 in

1063 696 75 35 os,
1106 696 65 35 in
1139 696 118 35 ventrem
1225 696 118 35 cedere,
1311 696 54 35 &
1332 696 65 35 in
1365 696 129 35 latrinam
1462 696 108 35 ejici?
1537 696 86 35 Quae
1591 696 97 35 autem
1655 696 194 35 proficiscuntur
1806 696 43 35 ex

1057 728 86 34 ore,
1111 728 65 34 ex
1144 728 86 34 ipso
1198 728 97 34 corde
1263 728 173 34 egrediuntur,
1403 728 54 34 &
1425 728 86 34 illa
1479 728 130 34 polluunt
1576 728 130 34 hominem.
1673 728 76 34 Nam
1716 728 65 34 ex
1749 728 97 34 corde
1803 728 43 34 e-

1058 764 140 40 grediuntur
1168 764 160 40 cogitationes
1298 764 130 40 improbae,
1398 764 110 40 caedes;
1478 764 140 40 adulteria,
1588 764 170 40 scortationes,
1728 764 90 40 furta
1778 764 60 40 fal-

1055 794 64 35 sa
1087 794 161 35 testimonio,
1216 794 150 35 maledicta.
1334 794 86 35 Haec
1387 794 86 35 sunt
1441 794 86 35 quae
1494 794 129 35 polluunt
1591 794 129 35 hominem:
1687 794 118 35 illotis
1762 794 75 35 autem

1053 830 118 37 manibus
1139 830 107 37 edere,
1214 830 75 37 non
1257 830 118 37 polluit
1342 830 129 37 hominem.
1439 830 64 37 Et
1471 830 107 37 Psalm.
1546 830 86 37 119.
1599 830 64 37 v.
1632 830 75 37 29.
1674 830 86 37 Viam
1717 830 118 37 falsitati

1052 856 113 38 amove
1128 856 63 38 a
1153 856 88 38 mi.
1203 856 100 38 Quia
1266 856 113 38 David
1341 856 138 38 sciebat
1441 856 100 38 quam
1504 856 151 38 propensa
1617 856 100 38 sint
1680 856 75 38 ad
1705 856 138 38 vanitatem

1054 891 82 39 ac
1095 891 178 39 mendacium
1232 891 150 39 hominum
1342 891 164 39 ingenia,
1465 891 137 39 mentem
1560 891 109 39 suam
1629 891 150 39 purgari
1725 891 109 39 postus

1064 926 92 41 iat,
1121 926 69 41 ne
1155 926 126 41 Satanae
1247 926 160 41 imposturis
1373 926 160 41 implicita,
1499 926 69 41 in
1534 926 126 41 errorem
1625 926 138 41 labatur.
1728 926 80 41 Sic
1763 926 80 41 eodem

1056 953 114 45 Psalmo
1135 953 68 45 v.
1169 953 91 45 119.
1226 953 125 45 improbi
1317 953 171 45 conferuntur
1454 953 137 45 scoriis,
1556 953 80 45 tum
1602 953 91 45 quia
1659 953 159 45 imaginaria
1784 953 80 45 eo

1065 990 72 43 um
1101 990 119 43 gloria
1184 990 60 43 &
1208 990 155 43 felicitas
1328 990 72 43 in
1364 990 107 43 fumum
1435 990 107 43 abit:
1507 990 84 43 tum
1555 990 96 43 quia
1614 990 84 43 dum
1662 990 143 43 permisti
1769 990 107 43 sunt:

1057 1018 165 42 fidelibus,
1187 1018 106 42 quasi
1258 1018 130 42 faeces,
1352 1018 106 42 eorum
1423 1018 153 42 puritatem
1541 1018 153 42 inficiunt
1658 1018 71 42 ac
1682 1018 165 42 contaminant;

1066 1050 86 44 ibi
1115 1050 111 44 autem
1189 1050 135 44 rejecti
1287 1050 98 44 sunt
1348 1050 123 44 instar
1434 1050 135 44 spumae,
1533 1050 123 44 melius
1619 1050 111 44 nitet
1693 1050 123 44 piorum
1766 1050 74 44 mun

1050 1080 77 37 dities

1079 1109 83 48 Aut
1126 1109 83 48 per
1174 1109 212 48 disquisitionem
1350 1109 71 48 de
1386 1109 83 48 quo
1433 1109 106 48 verba
1504 1109 165 48 explicanda
1634 1109 106 48 dicta
1704 1109 59 48 &
1716 1109 118 48 intelli-

1072 1150 97 46 penda
1137 1150 97 46 sint:
1202 1150 65 46 ut
1234 1150 108 46 Actor.
1310 1150 65 46 2.
1342 1150 65 46 v.
1374 1150 76 46 25.
1417 1150 54 46 &
1439 1150 173 46 sequentibus,
1579 1150 129 46 allegans
1676 1150 108 46 Petrus
1741 1150 97 46 Aposto-

1064 1188 73 37 us
1100 1188 171 37 vaticinium
1235 1188 61 37 e
1259 1188 122 37 Psalmo
1344 1188 195 37 decimosexto,
1503 1188 110 37 docet
1576 1188 61 37 &
1600 1188 146 37 exponit,
1710 1188 110 37 illud
1771 1188 61 37 non

1056 1210 70 48 de
1091 1210 129 48 Davide,
1185 1210 82 48 sed
1232 1210 70 48 de
1268 1210 129 48 Christo
1361 1210 200 48 intelligendum
1526 1210 106 48 esse.
1596 1210 94 48 Idem
1655 1210 106 48 facit
1725 1210 117 48 Paulus
1796 1210 35 48 A

1054 1244 95 46 ctor.
1118 1244 74 46 13.
1160 1244 63 46 v.
1191 1244 74 46 35,
1233 1244 74 46 36,
1275 1244 74 46 37.
1317 1244 74 46 Non
1359 1244 95 46 sices
1422 1244 116 46 Sanctum
1507 1244 95 46 illum
1570 1244 84 46 tuum
1622 1244 116 46 sentire
1696 1244 147 46 corruptionem

1063 1280 79 43 Num
1108 1280 101 43 David
1175 1280 112 43 quidem
1254 1280 135 43 postquam
1355 1280 112 43 aetate
1434 1280 79 43 sua
1478 1280 157 43 inservivit
1602 1280 79 43 Dei
1647 1280 146 43 consilio,
1748 1280 90 43 obdor-

1051 1314 107 51 mivit,
1126 1314 54 51 &
1148 1314 140 51 appositus
1255 1314 75 51 est
1298 1314 129 51 patribus
1395 1314 97 51 suis,
1459 1314 140 51 sensitque
1567 1314 183 51 corruptionem:
1717 1314 64 51 At
1749 1314 64 51 is
1771 1314 64 51 quem

1060 1341 86 44 Deus
1114 1341 150 44 excitavit,
1232 1341 75 44 non
1275 1341 107 44 sensit
1340 1341 150 44 corruptiorem

1095 1373 158 45 Similiter
1217 1373 158 45 promissio
1338 1373 97 45 illa
1399 1373 85 45 per
1448 1373 146 45 Nathanem
1557 1373 122 45 Davidi
1642 1373 110 45 facta
1715 1373 73 45 2.
1740 1373 97 45 Samuel

1060 1413 65 38 7.
1093 1413 65 38 v.
1125 1413 76 38 12,
1169 1413 76 38 13.
1212 1413 87 38 hanc
1267 1413 185 38 difficultatem
1419 1413 109 38 habet,
1495 1413 65 38 de
1528 1413 109 38 quonam
1604 1413 174 38 intelligenda
1745 1413 87 38 sit,
1789 1413 54 38 Ju-

1062 1444 97 40 daei
1123 1444 170 40 contendunt
1257 1444 207 40 intelligendam
1427 1444 97 40 esse
1488 1444 73 40 de
1525 1444 146 40 Salomone
1634 1444 134 40 tantum:
1732 1444 85 40 nos
1768 1444 61 40 ve-

1062 1472 73 44 ro
1098 1472 171 44 Christiani
1233 1472 183 44 affirmamus,
1379 1472 208 44 intelligendam
1550 1472 122 44 quidem
1636 1472 73 44 de
1672 1472 159 44 Salomone,
1782 1472 49 44 ut

1062 1505 72 46 de
1098 1505 95 46 typo
1157 1505 143 46 Christi,
1265 1505 83 46 sed
1312 1505 107 46 etiam
1384 1505 60 46 &
1408 1505 203 46 principaliter
1575 1505 119 46 quidem
1658 1505 72 46 de
1694 1505 143 46 Christo,
1789 1505 48 46 in

1062 1543 83 43 quo
1110 1543 59 43 &
1133 1543 83 43 per
1181 1543 95 43 quem
1240 1543 95 43 typi
1299 1543 119 43 illius
1382 1543 130 43 veritas
1477 1543 142 43 completa
1584 1543 107 43 fuit,
1655 1543 107 43 atque
1714 1543 119 43 etiamnum

1062 1581 162 38 completur.
1190 1581 127 38 Christi
1282 1581 92 38 enim
1340 1581 116 38 regnum
1421 1581 127 38 stabile
1513 1581 92 38 est:
1571 1581 139 38 Christus
1675 1581 150 38 aedificat
1779 1581 58 38 do-

1052 1612 90 39 mum
1104 1612 193 39 spiritualem
1258 1612 129 39 nomini
1348 1612 154 39 Jehovae,
1464 1612 77 39 id
1502 1612 103 39 est,
1567 1612 167 39 Ecclesiam
1683 1612 154 39 Catholicam

1064 1636 137 39 Christus
1166 1636 80 39 est
1212 1636 91 39 vere
1269 1636 57 39 &
1292 1636 126 39 proprie
1384 1636 114 39 filius
1464 1636 80 39 Dei
1498 1636 57 39 &c.

1086 1676 92 44 Aut
1138 1676 92 44 per
1191 1676 237 44 disquisitionem
1388 1676 158 44 secundum
1506 1676 145 44 totumne
1612 1676 79 44 an
1651 1676 158 44 secundum
1756 1676 79 44 par-

1071 1708 86 36 tem
1120 1708 86 36 vel
1169 1708 135 36 naturam
1268 1708 98 36 unam
1329 1708 111 36 verba
1403 1708 172 36 explicanda
1538 1708 74 36 de
1575 1708 135 36 quopiam
1674 1708 160 36 dicantur:
1797 1708 74 36 ut

1068 1740 85 42 cum
1117 1740 170 42 declaranda
1250 1740 97 42 sunt
1311 1740 110 42 verba
1384 1740 122 42 Genes.
1470 1740 73 42 1.
1506 1740 61 42 &
1530 1740 73 42 2.
1567 1740 73 42 de
1604 1740 122 42 homine
1689 1740 122 42 creato
1774 1740 73 42 ad
1798 1740 49 42 i-

1057 1773 150 35 maginem
1166 1773 109 35 Dei,
1235 1773 204 35 ostendendum
1398 1773 164 35 secundum
1521 1773 109 35 quam
1589 1773 136 35 partem
1684 1773 109 35 homo
1752 1773 82 35 ad
1780 1773 55 35 i-

1052 1806 143 42 maginem
1156 1806 91 42 Dei
1208 1806 143 42 creatus
1313 1806 104 42 sit,
1378 1806 156 42 secundum
1495 1806 156 42 animamne
1612 1806 78 42 an
1652 1806 156 42 secundum
1756 1806 78 42 cor-

1066 1840 98 34 pus,
1127 1840 74 34 an
1164 1840 98 34 vero
1226 1840 148 34 secundum
1336 1840 148 34 utramque
1447 1840 86 34 sui
1496 1840 135 34 partem?
1595 1840 86 34 sic
1644 1840 74 34 in
1669 1840 172 34 explicatione

1068 1873 142 42 verborum
1174 1873 142 42 Philipp.
1281 1873 71 42 2.
1316 1873 71 42 v.
1351 1873 71 42 7.
1387 1873 165 42 semitipsum
1516 1873 177 42 exinanivit.
1658 1873 177 42 ostendendum
1788 1873 47 42 se

1055 1907 123 39 cundum
1141 1907 99 39 quam
1203 1907 136 39 naturam
1301 1907 148 39 Christus
1412 1907 74 39 se
1449 1907 210 39 exinaniverit.
1622 1907 123 39 Sensus
1708 1907 111 39 autem
1770 1907 74 39 est;

1065 1932 82 39 Non
1112 1932 94 39 caro
1171 1932 71 39 se
1207 1932 177 39 exinanivit,
1348 1932 94 39 quia
1407 1932 94 39 illa
1466 1932 94 39 ante
1525 1932 177 39 assumtionem
1666 1932 71 39 ex
1701 1932 106 39 Maria
1760 1932 71 39 Vit-

1074 1963 94 51 fine
1133 1963 59 51 &
1157 1963 189 51 conceptionem
1310 1963 71 51 de
1345 1963 130 51 Spiritu
1439 1963 118 51 Sancto
1522 1963 82 51 non
1569 1963 106 51 erat,
1640 1963 82 51 nec
1687 1963 94 51 illa
1746 1963 71 51 in
1769 1963 71 51 for-

1059 2004 73 37 ma
1095 2004 85 37 Dei
1144 2004 85 37 aut
1193 2004 146 37 aequalis
1302 2004 85 37 Deo
1351 2004 110 37 erat:
1424 2004 85 37 sed
1473 2004 122 37 Verbum
1558 2004 85 37 seu
1607 2004 122 37 Sermo.
1692 2004 85 37 Non
1741 2004 97 37 caro
1789 2004 49 37 in

1062 2030 118 39 Verbo,
1145 2030 83 39 sed
1192 2030 118 39 Verbum
1275 2030 71 39 in
1311 2030 118 39 carnis
1393 2030 166 39 assumtione
1523 2030 71 39 se
1559 2030 177 39 exinanivit.
1701 2030 95 39 Ideo
1748 2030 83 39 Aucis

1066 2062 112 45 tinus
1140 2062 99 45 tomo
1202 2062 149 45 septimo,
1314 2062 112 45 libro
1388 2062 112 45 primo
1463 2062 74 45 de
1500 2062 248 45 praedestinatione
1698 2062 137 45 sanctorum

1060 2100 108 37 capite
1136 2100 173 37 decimoquinto
1276 2100 86 37 ait:
1330 2100 76 37 Pro
1373 2100 97 37 nobis
1438 2100 86 37 ipsa
1492 2100 140 37 diuinitas
1600 2100 130 37 quousque
1698 2100 65 37 se
1719 2100 119 37 deponeret

1053 2126 141 44 humilius
1159 2126 82 44 non
1206 2126 129 44 habuit,
1300 2126 94 44 quam
1359 2126 94 44 quod
1417 2126 141 44 suscepit
1523 2126 129 44 naturam
1617 2126 129 44 hominis
1711 2126 82 44 cum
1746 2126 94 44 infir-

1066 2163 117 39 nitate
1148 2163 117 39 carnis
1230 2163 106 39 usque
1301 2163 70 39 ad
1336 2163 117 39 mortem
1418 2163 129 39 crucis.
1512 2163 152 39 Ambrosius
1629 2163 70 39 in
1664 2163 106 39 caput
1723 2163 117 39 secundum

1063 2192 95 42 Lucae
1127 2192 84 42 ait:
1179 2192 74 42 Sed
1221 2192 74 42 cur
1264 2192 74 42 non
1306 2192 126 42 accipiam
1400 2192 147 42 religiosis
1516 2192 116 42 auribus
1600 2192 105 42 Filium
1674 2192 116 42 Patriin
1748 2192 84 42 susce-

1065 2226 103 40 ptione
1137 2226 123 40 corporis
1219 2226 133 40 obedientem.

1087 2259 87 39 Aut
1136 2259 87 39 per
1186 2259 225 39 disquisitionem
1373 2259 150 39 quatenus
1486 2259 87 39 seu
1536 2259 112 39 cujus
1610 2259 125 39 status
1698 2259 62 39 &
1710 2259 125 39 temporis

1056 2292 139 46 respectu
1161 2292 104 46 verba
1230 2292 162 46 explicanda
1357 2292 69 46 de
1392 2292 116 46 aliquo
1473 2292 104 46 dicta
1542 2292 93 46 sint
1600 2292 58 46 &
1623 2292 208 46 intelligantur:
1797 2292 69 46 ut

1060 2323 98 40 locum
1126 2323 131 40 Philipp.
1224 2323 66 40 2.
1257 2323 66 40 v.
1290 2323 66 40 6,
1323 2323 66 40 7.
1356 2323 175 40 interpretans
1498 2323 109 40 dicet,
1574 2323 131 40 quatenus
1673 2323 66 40 de
1706 2323 120 40 Christo
1782 2323 55 40 sit

1064 2356 216 43 ntelligendus,
1242 2356 76 43 an
1280 2356 76 43 de
1319 2356 89 43 jam
1369 2356 191 43 manifestato
1522 2356 76 43 in
1560 2356 127 43 carne,
1649 2356 76 43 an
1687 2356 102 43 vero
1738 2356 102 43 nondum

1065 2394 124 40 homine
1151 2394 111 40 facto
1225 2394 62 40 &
1250 2394 124 40 deinde
1336 2394 74 40 in
1374 2394 111 40 carne
1448 2394 198 40 manifestato.
1608 2394 148 40 Caeterum
1719 2394 74 40 ut
1744 2394 99 40 devera

1062 2421 108 50 hujus
1134 2421 96 50 loci
1194 2421 156 50 sententia
1314 2421 144 50 constet,
1422 2421 168 50 statuendum
1553 2421 96 50 est,
1613 2421 72 50 eo
1649 2421 120 50 Paulum
1721 2421 108 50 comple-

1068 2458 86 37 tum
1117 2458 98 37 esse
1178 2458 172 37 quaecunque
1314 2458 74 37 de
1351 2458 135 37 Christo
1449 2458 98 37 ante
1511 2458 148 37 assumtam
1621 2458 123 37 carnem
1708 2458 98 37 dici
1757 2458 86 37 pote-

1062 2491 108 46 rant:
1134 2491 96 46 unde
1194 2491 108 46 omnes
1266 2491 108 46 ferme
1338 2491 156 46 haereses,
1458 2491 96 46 quae
1518 2491 132 46 fuerunt
1614 2491 120 46 contra
1698 2491 120 46 Filium
1770 2491 72 46 Dei,

1068 2523 84 39 qua
1116 2523 96 39 Deus
1176 2523 96 39 est,
1235 2523 179 39 refutantur.
1378 2523 96 39 Vide
1438 2523 155 39 Hieronymi
1558 2523 119 39 Sanchi
1641 2523 143 39 senioris
1737 2523 107 39 Theolo-

1071 2550 74 44 si
1108 2550 185 44 Evangelici,
1256 2550 86 44 (ut
1305 2550 185 44 discernamus
1453 2550 86 44 eum
1502 2550 62 44 a
1527 2550 160 44 Hieronymo
1650 2550 136 44 Zanchio
1736 2550 99 44 recen-

1072 2588 93 42 iore
1131 2588 128 42 quodam,
1224 2588 82 42 qui
1271 2588 82 42 pro
1318 2588 128 42 Panismo
1411 2588 128 42 scripta
1504 2588 140 42 nonnulla
1609 2588 163 42 evulgavit,
1738 2588 58 42 )
1750 2588 93 42 librum

1070 2621 114 40 primum
1150 2621 69 40 de
1184 2621 183 40 incarnatione
1332 2621 103 40 filii
1401 2621 91 40 Dei,
1458 2621 114 40 capite
1538 2621 114 40 primo,
1618 2621 80 40 Ita
1663 2621 103 40 saepe
1720 2621 126 40 ostenden-

1059 2657 92 41 dum
1111 2657 92 41 num
1164 2657 79 41 de
1203 2657 131 41 homine
1295 2657 144 41 integro
1400 2657 79 41 an
1439 2657 171 41 corrupto:
1571 2657 157 41 converso
1689 2657 79 41 ad
1728 2657 105 41 Deum
1780 2657 66 41 an-

1074 2687 120 42 nondum
1158 2687 156 42 converso;
1277 2687 168 42 regenerato
1409 2687 84 42 aut
1457 2687 84 42 non
1505 2687 180 42 regenerato:
1649 2687 84 42 hic
1696 2687 144 42 vivente,
1792 2687 48 42 at

1059 2718 70 48 in
1094 2718 128 48 coelis,
1187 2718 81 48 &c.
1233 2718 128 48 aliquid
1326 2718 81 48 sit
1373 2718 209 48 intelligendum:
1547 2718 70 48 Ut
1582 2718 81 48 cum
1628 2718 104 48 caput
1698 2718 139 48 septimum
1791 2718 46 48 ad

1063 2749 135 45 Romanos
1161 2749 184 45 explicatur,
1308 2749 184 45 ostendendum
1456 2749 98 45 est,
1517 2749 74 45 an
1554 2749 123 45 Paulus
1640 2749 74 45 de
1677 2749 74 45 se
1714 2749 98 45 ipso
1763 2749 86 45 regea

1075 2789 122 37 aerato
1160 2789 73 37 in
1197 2789 73 37 eo
1233 2789 159 37 loquatur,
1355 2789 85 37 nec
1404 2789 85 37 ne:
1453 2789 61 37 &
1477 2789 73 37 de
1514 2789 122 37 seipso
1599 2789 122 37 quidem
1684 2789 171 37 regenerato
1806 2789 37 37 i

1066 2820 98 42 psum
1127 2820 110 42 loqui
1200 2820 122 42 multis
1286 2820 171 42 argumentis
1420 2820 73 42 ex
1457 2820 147 42 contextu
1567 2820 134 42 petitis
1665 2820 134 42 ostendi
1750 2820 110 42 potest:

1065 2857 121 36 contra
1149 2857 181 36 Pelagianos,
1294 2857 193 36 Anabaptistas
1451 2857 60 36 &
1475 2857 157 36 Papistas.
1596 2857 72 36 Et
1632 2857 72 36 v.
1668 2857 84 36 18.
1716 2857 96 36 quum
1765 2857 96 36 Paulus

1062 2885 161 39 dixisset:
1185 2885 99 39 Novi
1247 2885 86 39 non
1296 2885 148 39 halitare
1407 2885 74 39 in
1444 2885 74 39 me
1482 2885 123 39 benum,
1568 2885 161 39 subnectit
1679 2885 173 39 expositionem

1074 2917 94 50 quod
1133 2917 82 50 non
1180 2917 165 50 intelligat
1309 2917 71 50 de
1345 2917 106 50 carne
1415 2917 94 50 sua.
1474 2917 82 50 Sic
1521 2917 118 50 Actor.
1603 2917 82 50 10.
1650 2917 141 50 loquitur
1756 2917 106 50 Lucas
1815 2917 47 50 de

1067 2951 156 40 Cornelio
1184 2951 182 40 Centurione
1326 2951 91 40 jam
1378 2951 195 40 regenerato,
1534 2951 143 40 etiamsi
1638 2951 78 40 in
1676 2951 130 40 specie
1754 2951 104 40 nondum

1065 2986 132 40 nosset,
1161 2986 96 40 quis
1221 2986 108 40 esset
1292 2986 144 40 Christus
1400 2986 108 40 ille,
1472 2986 132 40 etiamsi
1568 2986 120 40 Petrum
1652 2986 156 40 Apostolum
1759 2986 96 40 nondum

1062 3018 176 47 audivisset:
1203 3018 153 47 Propterea
1321 3018 71 47 ex
1356 3018 94 47 ejus
1415 3018 129 47 exemplo
1509 3018 129 47 inferri
1603 3018 82 47 non
1650 3018 129 47 potest,
1744 3018 82 47 non
1779 3018 71 47 rege

1068 3052 127 53 neratos
1161 3052 92 53 suis
1218 3052 138 53 propriis
1322 3052 127 53 viribus
1414 3052 81 53 seu
1460 3052 207 53 praeparatoriis
1633 3052 138 53 operibus
1737 3052 69 53 se
1771 3052 69 53 ad
1794 3052 58 53 Dei

1078 3079 73 44 um
1114 3079 171 44 convertere
1237 3079 85 44 posse

1099 3107 81 57 Aut
1146 3107 81 57 per
1192 3107 162 57 remotionem
1319 3107 185 57 dissentanei:
1470 3107 69 57 ut
1505 3107 116 57 Psalm.
1586 3107 93 57 119.
1644 3107 69 57 v.
1678 3107 81 57 68.
1725 3107 104 57 Bonus
1794 3107 69 57 tu
1817 3107 35 57 &

1068 3141 150 51 benesicus
1184 3141 81 51 es,
1230 3141 92 51 doce
1287 3141 69 51 me
1322 3141 127 51 statura
1414 3141 92 51 tua.
1472 3141 104 51 David
1541 3141 138 51 obsecrat
1645 3141 92 51 Deum
1702 3141 81 51 per
1748 3141 92 51 suam
1794 3141 58 51 bo-

1074 3179 138 55 nitatem
1175 3179 63 55 &
1200 3179 226 55 beneficentiam,
1389 3179 88 55 non
1439 3179 75 55 ut
1477 3179 151 55 augescat
1590 3179 151 55 divitiis
1703 3179 63 55 &
1715 3179 151 55 henoribus,
