2063 3413
175 189 112 53 iter
245 189 168 53 theatrum
371 189 140 53 operum
469 189 98 53 Dei
525 189 196 53 imumerorum
679 189 70 53 &
707 189 238 53 admirandorum,
889 189 84 53 quae

171 233 97 45 ips.
232 233 97 45 inde
293 233 73 45 ab
329 233 122 45 initio
414 233 110 45 fecit
487 233 73 45 in
524 233 110 45 mundo
597 233 61 45 &
621 233 122 45 maxime
706 233 73 45 in
743 233 146 45 Ecclesia
852 233 97 45 sua,
901 233 61 45 in-

178 265 113 49 quibus
257 265 135 49 operibus
358 265 101 49 lucet
426 265 124 49 gloria,
516 265 158 49 sapientia,
640 265 146 49 voluntas,
752 265 135 49 bonitas,
843 265 101 49 miseri-

173 300 126 42 cordia,
264 300 148 42 justitia,
378 300 137 42 potentia
481 300 69 42 ac
515 300 171 42 providentia
652 300 80 42 Dei
698 300 126 42 curaque
789 300 91 42 ejus
846 300 80 42 non
880 300 69 42 tan-

174 328 102 46 cum
233 328 176 46 communis
365 328 102 46 pro
423 328 176 46 universo
555 328 146 46 mundo,
657 328 102 46 sed
716 328 132 46 etiam
789 328 161 46 specialis

182 364 80 39 pro
227 364 137 39 Ecclesia
330 364 80 39 Dei
376 364 57 39 &
399 364 137 39 singulis
502 364 149 39 adelibus.
617 364 92 39 Unde
674 364 103 39 sacra
743 364 137 39 historia
846 364 103 39 docet
903 364 46 39 o-

168 401 136 40 rigines
266 401 111 40 rerum
341 401 124 40 omnium
427 401 111 40 atque
501 401 148 40 inprimis
612 401 173 40 Ecclesiae,
748 401 136 40 ejusque
835 401 111 40 guberna

176 429 128 45 tionem
266 429 154 45 divinam,
381 429 128 45 statum
471 429 128 45 variu,
561 429 179 45 progressum
702 429 90 45 seu
740 429 218 45 continuationem,

168 461 181 45 mutationes
310 461 65 45 &
336 461 129 45 causas
426 461 194 45 mutationum;
581 461 103 45 sive
646 461 168 45 doctrinam
775 461 103 45 sive
827 461 116 45 discipl

167 501 91 37 nam
219 501 157 37 spectes:
337 501 78 37 ac
376 501 144 37 proinde
480 501 157 37 enumerat
598 501 157 37 Doctores
715 501 183 37 Ecclesiae,
846 501 130 37 certami-

169 533 84 40 na,
217 533 216 40 persequutiones
397 533 84 40 seu
445 533 180 40 afnictiones
590 533 96 40 quas
650 533 156 40 sustinuit
770 533 72 40 ab
806 533 144 40 hostibus
902 533 60 40 in-

169 565 117 41 ternis
251 565 59 41 &
275 565 152 41 externis,
392 565 70 41 ab
427 565 164 41 haereticis
556 565 59 41 &
580 565 199 41 schismaticis,
744 565 223 41 pseudoprophetis
920 565 35 41 &

169 594 194 44 seductoribus
326 594 61 44 &
351 594 61 44 a
375 594 157 44 tyrannis:
496 594 145 44 proponit
605 594 97 44 ante
665 594 121 44 oculos
750 594 194 44 liberationes
895 594 61 44 di-

180 628 105 44 vinas
250 628 58 44 a
273 628 221 44 persequutoribus
459 628 58 44 &
483 628 139 44 hostibus
587 628 58 44 &
610 628 105 44 aliis
680 628 163 44 periculis,
808 628 128 44 judicia
889 628 70 44 quae

173 662 100 40 Deus
236 662 150 40 exercuit
349 662 75 40 in
387 662 88 40 hoc
437 662 125 40 mundo,
524 662 63 40 &
549 662 113 40 signa
625 662 163 40 temporum,
750 662 113 40 inter
825 662 100 40 quae
888 662 100 40 sunt

178 692 108 43 signa
250 692 168 43 praenuncia
382 692 108 43 finis
453 692 108 43 mundi
525 692 60 43 &
549 692 144 43 adventus
657 692 132 43 Christi
753 692 72 43 ad
788 692 144 43 judicium
884 692 72 43 uni-

181 727 135 35 versale
279 727 135 35 vivorum
378 727 62 35 &
402 727 172 35 mortuorum.
538 727 111 35 Atque
611 727 86 35 hic
661 727 160 35 procipuus
784 727 111 35 finis
858 727 86 35 est
894 727 62 35 hi-

181 757 133 45 storiae
277 757 133 45 sacrae,
374 757 97 45 quem
434 757 97 45 ante
495 757 109 45 omnia
567 757 181 45 considerate
712 757 84 45 nos
760 757 121 45 decet,
844 757 97 45 quum
905 757 60 45 &
917 757 48 45 ob

177 790 113 46 illum
253 790 138 46 homines
353 790 126 46 creati
441 790 63 46 &
466 790 75 46 in
504 790 113 46 mundo
580 790 63 46 a
605 790 88 46 Deo
655 790 163 46 collocati
768 790 88 46 simus

207 829 116 38 Deinde
289 829 139 38 historia
393 829 104 38 sacra
463 829 116 38 docet,
544 829 81 38 qui
590 829 116 38 status
672 829 116 38 fuerit
753 829 162 38 negotiorum
869 829 81 38 humae

170 853 126 45 no:um,
259 853 101 45 quot
322 853 63 45 &
347 853 101 45 quae
410 853 126 45 formae
498 853 239 45 Rerumpublicarum
699 853 151 45 fuerint,
813 853 101 45 quae
863 853 101 45 causae

173 893 170 39 felicitatis
309 893 79 39 vel
354 893 193 39 infelicitatis
513 893 114 39 earum:
593 893 91 39 quae
649 893 91 39 sint
706 893 125 39 officia
786 893 170 39 gubernatorum.

180 926 93 43 quae
239 926 175 43 subditorum,
379 926 105 43 atque
449 926 93 43 adeo
507 926 163 43 singulorum
635 926 140 43 statuum:
740 926 93 43 quae
798 926 82 43 res
845 926 82 43 non
880 926 70 43 tam-

184 961 85 33 tum
232 961 133 33 homines
329 961 145 33 singulos
438 961 97 33 sive
498 961 121 33 Reges,
583 961 157 33 Principes
704 961 60 33 &
728 961 73 33 in
764 961 169 33 Magistratu
885 961 73 33 con-

175 992 151 42 stitutos,
291 992 93 42 sive
349 992 151 42 privatos:
465 992 81 42 Sed
512 992 104 42 etiam
581 992 186 42 Respublicas,
732 992 116 42 regna,
802 992 162 42 Principatus,

179 1018 166 49 civitates
307 1018 64 49 &
333 1018 179 49 communiter
473 1018 141 49 inundum
575 1018 179 49 conservent
716 1018 89 49 vel
754 1018 115 49 perdan-

207 1052 114 39 Eadem
283 1052 152 39 historia
397 1052 114 39 sacra
474 1052 89 39 est
524 1052 152 39 speculum
638 1052 152 39 virtutum
752 1052 63 39 &
778 1052 177 39 peccatorum
905 1052 63 39 vi-

182 1083 166 46 tiorumve:
310 1083 76 46 Ut
348 1083 64 46 &
373 1083 178 46 praemiorum
513 1083 127 46 quibus
602 1083 153 46 virtutes
717 1083 64 46 &
743 1083 166 46 poenatum,
857 1083 102 46 quibus

183 1119 129 50 peccata
277 1119 82 50 seu
324 1119 105 50 vitia
394 1119 175 50 afficiuntur
534 1119 58 50 a
557 1119 82 50 Deo
604 1119 93 50 sive
662 1119 129 50 mediate
756 1119 93 50 sive
802 1119 129 50 immediate

272 1159 85 52 De
314 1159 99 52 usu
371 1159 141 52 Sacrae
470 1159 198 52 Scripturae
625 1159 85 52 ad
653 1159 212 52 redargutionem

212 1214 68 47 Ex
246 1214 136 47 quolibet
348 1214 102 47 dicto
416 1214 159 47 Scripturae
541 1214 114 47 thesis
621 1214 114 47 negans
701 1214 125 47 colligi
791 1214 125 47 potest,
882 1214 68 47 ut
905 1214 57 47 re-

185 1247 125 43 furetur
276 1247 102 43 error
344 1247 91 43 sive
401 1247 159 43 Judaeorum,
526 1247 91 43 sive
583 1247 171 43 Ethnicorum,
720 1247 91 43 sive
777 1247 171 43 Papistarum,
902 1247 57 43 si-

188 1285 69 37 ve
222 1285 126 37 aliorum
313 1285 194 37 haereticorum:
473 1285 69 37 Ut
507 1285 103 37 Psal.
576 1285 103 37 5112.
644 1285 137 37 dicitur,
747 1285 80 37 Cor
793 1285 114 37 mundum
873 1285 91 37 crea
918 1285 46 37 in

184 1313 73 41 me
220 1313 109 41 Deus.
293 1313 97 41 Hinc
353 1313 133 41 i
450 1313 85 41 seu
498 1313 121 41 thesis
583 1313 169 41 a:
716 1313 157 41 Mundities
837 1313 121 41 cordis
910 1313 48 41 ad

180 1346 74 40 in
217 1346 111 40 summa
291 1346 124 40 virtus
377 1346 136 40 moralis
476 1346 87 40 non
526 1346 173 40 comparatur
662 1346 136 40 nostris
761 1346 185 40 actionibsut
897 1346 74 40 gra-

183 1388 104 34 viter
253 1388 116 34 errent
334 1388 139 34 Gentiles
439 1388 174 34 Philosophi,
578 1388 70 34 ju
613 1388 128 34 docini,
706 1388 139 34 virtutem
799 1388 162 34 actionibsno-

183 1413 105 39 stris
253 1413 163 39 comparati.
381 1413 82 39 Nam
428 1413 93 39 quod
486 1413 117 39 sancti
568 1413 70 39 in
603 1413 70 39 se
638 1413 117 39 creari
719 1413 58 39 a
743 1413 82 39 Deo
789 1413 128 39 petunt,
871 1413 93 39 profe-

183 1447 89 38 cto
234 1447 177 38 actionibus
373 1447 101 38 suis
436 1447 165 38 comparate
563 1447 152 38 nequeum:
677 1447 76 38 At
715 1447 165 38 munditiem
841 1447 127 38 cordis
917 1447 51 38 ac

193 1480 134 47 proinde
290 1480 146 47 virtutem
400 1480 134 47 moralem
498 1480 122 47 sancti
583 1480 73 47 in
620 1480 73 47 se
657 1480 122 47 creari
742 1480 61 47 a
766 1480 85 47 Deo
815 1480 134 47 petunt.
901 1480 85 47 Illam

199 1521 109 41 gitur
271 1521 169 41 actionibus
405 1521 97 41 suis
465 1521 157 41 comparate
574 1521 133 41 nequeunt.

218 1541 102 44 Psal.
286 1541 80 44 63.
331 1541 68 44 9.
365 1541 136 44 dicitur,
468 1541 136 44 Adhaeret
570 1541 102 44 anima
638 1541 80 44 mea
684 1541 102 44 tibi.
752 1541 91 44 Hinc
809 1541 136 44 :
900 1541 68 44 Nul-

189 1578 86 39 lus
238 1578 86 39 per
287 1578 147 39 Spiritum
397 1578 147 39 Srenatus
508 1578 123 39 potest
594 1578 123 39 unquam
680 1578 135 39 penitus
778 1578 61 39 a
802 1578 86 39 Deo
839 1578 123 39 deficere

180 1612 123 37 Errant
266 1612 135 37 proinde
364 1612 86 37 qui
414 1612 185 37 contendunt,
562 1612 86 37 eos
611 1612 111 37 posse
685 1612 135 37 penitus
783 1612 111 37 fidem
845 1612 123 37 amittere

193 1646 59 49 &
217 1646 117 49 gratia
299 1646 82 49 Dei
334 1646 129 49 excidere.

225 1676 116 40 Deinde
307 1676 128 40 i
399 1676 104 40 etiam
469 1676 81 40 hoc
515 1676 104 40 pacto
585 1676 128 40 colligi
678 1676 128 40 potest,
771 1676 70 40 si
806 1676 70 40 ex
829 1676 139 40 didascalis

184 1711 174 40 universali
320 1711 99 40 quam
382 1711 161 40 Scriptura
506 1711 186 40 suppeditat,
655 1711 161 40 deducatur
779 1711 87 40 vel
816 1711 161 40 conversione

195 1746 81 36 per
242 1746 243 36 contrapositionem,
450 1746 81 36 ut,
496 1746 150 36 Quicunque
612 1746 127 36 credunt
705 1746 69 36 in
739 1746 104 36 Jesum
809 1746 81 36 Chr
855 1746 104 36 stum,
913 1746 58 36 ha-

188 1785 88 33 beut
243 1785 98 33 vitam
308 1785 142 33 aeternam.
418 1785 88 33 Ergo
473 1785 131 33 quuunque
571 1785 77 33 non
615 1785 109 33 habent
691 1785 98 33 vitam
757 1785 142 33 aeternam,
867 1785 77 33 non
899 1785 66 33 cre-

184 1810 95 40 dunt
243 1810 71 40 in
279 1810 107 40 Jesum
350 1810 154 40 Christum,
469 1810 83 40 nec
516 1810 119 40 unquam
599 1810 71 40 in
634 1810 83 40 eum
682 1810 190 40 crediderunt:
836 1810 83 40 Vel
871 1810 119 40 consecu-

187 1843 105 38 tione
257 1843 198 38 enuntiationum
420 1843 117 38 absque
502 1843 221 38 conversionejut,
689 1843 152 38 Quicunque
805 1843 128 38 credunt
898 1843 70 38 in
922 1843 58 38 Je-

180 1884 81 42 sum
227 1884 139 42 Christum
331 1884 116 42 habent
412 1884 104 42 vitam
481 1884 139 42 aternam;
586 1884 93 42 Ergo
643 1884 150 42 quicunque
759 1884 81 42 non
805 1884 127 42 credunt
898 1884 69 42 in
921 1884 58 42 Je-

187 1915 83 34 sum
235 1915 154 34 Christum,
353 1915 83 34 non
401 1915 119 34 habent
484 1915 107 34 vitam
543 1915 131 34 aeternam.

223 1941 96 40 Non
278 1941 96 40 est
333 1941 123 40 satis
415 1941 206 40 accommodari
580 1941 192 40 Scripturam
730 1941 82 40 ad
758 1941 219 40 confirmationem

182 1973 146 40 verorum
288 1973 159 40 dogmatum
407 1973 66 40 &
434 1973 225 40 confutationem
619 1973 172 40 falsorum;
752 1973 93 40 sed
805 1973 146 40 necesse
898 1973 66 40 est

200 2007 134 43 tandem
293 2007 174 43 applicari
427 2007 80 43 ad
467 2007 214 43 correctionem
641 2007 120 43 morum
722 2007 67 43 &
748 2007 228 43 institutionem
922 2007 54 43 in

183 2041 105 42 justitia.

213 2068 74 47 De
250 2068 87 47 usu
299 2068 173 47 Scripturae
645 2068 87 47 seu
695 2068 74 47 ad
732 2068 198 47 correctionem
880 2068 87 47 morum

208 2105 146 40 Crrectio
317 2105 109 40 morum
390 2105 85 40 est
439 2105 182 40 reprehensio
585 2105 170 40 peccatorum
719 2105 122 40 quibus
804 2105 122 40 dediti
877 2105 85 40 sumus

196 2139 71 34 ut
232 2139 95 34 illa
291 2139 59 34 a
314 2139 142 34 cordibus
421 2139 130 34 nostris
515 2139 177 34 eradicentur
657 2139 59 34 &
681 2139 201 34 profligentur,
846 2139 71 34 ut
881 2139 106 34 odium
941 2139 35 34 &

201 2170 132 41 vitandi
297 2170 96 41 illa
357 2170 132 41 studium
453 2170 72 41 in
489 2170 108 41 nobis
561 2170 156 41 plantetur
680 2170 60 41 &
704 2170 144 41 crescat.
800 2170 180 41 Evangelicorum

188 2198 163 48 conciones
314 2198 150 48 plurimum
426 2198 138 48 distant
527 2198 63 48 a
552 2198 213 48 Pontificiorum
727 2198 188 48 concionibus
865 2198 100 48 Evange

195 2237 97 39 lici
256 2237 85 39 hoc
304 2237 122 39 agunt,
389 2237 73 39 ut
426 2237 109 39 odium
499 2237 146 39 scelerum
608 2237 73 39 in
645 2237 158 39 auditorum
766 2237 122 39 animis
851 2237 146 39 plantent

196 2274 164 35 Pontificii
325 2274 94 35 vero
384 2274 106 35 istud
454 2274 117 35 agunt,
536 2274 70 35 ut
571 2274 141 35 capitale
677 2274 106 35 odium
747 2274 199 35 Christianorum
900 2274 70 35 quo-

195 2302 99 37 ipsi
256 2302 173 37 haereticos
392 2302 124 37 vocant
479 2302 74 37 in
516 2302 161 37 auditorum
639 2302 124 37 suorum
726 2302 148 37 cordibus
825 2302 148 37 accendant.

197 2334 57 34 &
219 2334 69 34 ad
254 2334 184 34 crudelitatem
403 2334 103 34 atque
472 2334 115 34 caedes
552 2334 149 34 incitent.
667 2334 69 34 Id
702 2334 149 34 superiore
816 2334 115 34 seculo
885 2334 92 34 Gallia

192 2366 132 46 docuit:
288 2366 156 46 Reformati
408 2366 144 46 imagines
516 2366 144 46 lapideas
625 2366 60 46 &
649 2366 132 46 ligneas
745 2366 192 46 destruebant,
889 2366 84 46 Papi-

203 2402 91 46 stae
260 2402 103 46 autem
328 2402 103 46 vivas
396 2402 137 46 imagines
488 2402 68 46 Dei,

216 2433 160 44 Correctio
339 2433 99 44 ergo
400 2433 185 44 instituitur
548 2433 86 44 cum
598 2433 135 44 peccata
696 2433 99 44 quae
758 2433 62 44 a
782 2433 111 44 nobis
844 2433 123 44 committu

189 2469 105 39 tur,
254 2469 91 39 aut
307 2469 105 39 bona
372 2469 105 39 quae
437 2469 65 39 a
463 2469 118 39 nobis
542 2469 131 39 contra
633 2469 157 39 officium
751 2469 196 39 omittuntur,
894 2469 105 39 comme

178 2504 149 41 morantur.

231 2532 148 45 Quidquid
342 2532 74 45 in
378 2532 160 45 Scriptura
502 2532 148 45 legimus,
613 2532 148 45 quicquid
723 2532 160 45 intuemur,
847 2532 123 45 arguit
920 2532 62 45 no-

202 2565 93 41 stra
260 2565 139 41 peccata,
365 2565 139 41 inprimis
469 2565 81 41 Lex
515 2565 93 41 Dei.
573 2565 81 41 Cum
620 2565 151 41 Scriptura
736 2565 81 41 Dei
782 2565 162 41 justitiam,
898 2565 81 41 veri-

196 2601 109 41 tatem,
272 2601 175 41 sanctitatem,
414 2601 131 41 aliasque
513 2601 98 41 virt,
578 2601 87 41 ites
633 2601 142 41 celebrat;
742 2601 76 41 nos
785 2601 175 41 reprehendit,
916 2601 55 41 qui

201 2633 73 46 ad
237 2633 133 46 imagine
334 2633 85 46 Dei
383 2633 146 46 conditi,
492 2633 61 46 a
516 2633 85 46 Deo
565 2633 97 46 quam
625 2633 170 46 longissime
759 2633 194 46 discessimus.
904 2633 73 46 Lon-

205 2662 109 41 giusa
278 2662 85 41 Deo
326 2662 146 41 absumus,
436 2662 97 41 quam
497 2662 61 41 a
521 2662 122 41 terrae
606 2662 207 41 profundissimo
776 2662 122 41 centro
861 2662 109 41 coeli
922 2662 61 41 di-

204 2698 96 39 stat
264 2698 156 39 summitas.
384 2698 96 39 Ideo
444 2698 84 39 cum
492 2698 156 39 Scriptura
613 2698 96 39 Deum
673 2698 120 39 justum
757 2698 168 39 praedicat,
877 2698 96 39 nostr.

195 2733 178 43 injustitiam
338 2733 131 43 damnat,
433 2733 119 43 nullam
516 2733 71 43 in
551 2733 107 43 nobis
623 2733 143 43 inveniri
730 2733 154 43 justitiae
848 2733 119 43 guttam
920 2733 59 43 ex-

206 2766 125 38 probrat

219 2793 91 43 Cum
271 2793 104 43 pios
336 2793 169 43 Scriptura
466 2793 195 43 commemorat,
622 2793 156 43 eorumque
739 2793 117 43 fidem
817 2793 65 43 &
843 2793 104 43 bona
895 2793 78 43 ope-

196 2826 65 40 ra
229 2826 152 40 praedicat,
348 2826 76 40 nos
392 2826 119 40 arguit.
479 2826 76 40 Cum
522 2826 87 40 bona
576 2826 87 40 quae
631 2826 76 40 vel
674 2826 65 40 in
707 2826 119 40 sanctis
794 2826 98 40 sunt,
859 2826 76 40 vel
891 2826 98 40 sanctis

207 2859 105 39 siunt
277 2859 198 39 comemorantur:
441 2859 93 39 mala
499 2859 93 39 quae
557 2859 82 39 vel
604 2859 70 39 in
639 2859 105 39 nobis
709 2859 93 39 sunt
767 2859 82 39 vel
814 2859 58 39 a
837 2859 105 39 nobis
907 2859 105 39 fiunt

205 2892 230 45 reprehenduntur.
399 2892 85 45 Dum
447 2892 133 45 aliorum
544 2892 121 45 laudes
629 2892 61 45 &
653 2892 194 45 beatitudines
798 2892 182 45 praedicantur.

211 2930 117 37 nostra
293 2930 106 37 nobis
364 2930 106 37 vitia
434 2930 200 37 exprobrantur.
599 2930 82 37 Cum
646 2930 117 37 sancti
728 2930 129 37 Spiritu
822 2930 82 37 Dei
869 2930 70 37 in
892 2930 94 37 sacris

202 2961 132 36 literis
298 2961 192 36 celebrantur,
454 2961 84 36 nos
502 2961 216 36 reprehendimur,
681 2961 84 36 qui
729 2961 108 36 illos
801 2961 84 36 non
849 2961 144 36 imitamur
945 2961 48 36 in

204 2994 94 39 fide
263 2994 59 39 &
287 2994 141 39 operibus
392 2994 118 39 bonis.
475 2994 118 39 Primus
557 2994 106 39 Psal.
627 2994 106 39 nobis
698 2994 165 39 opprobrat,
827 2994 94 39 quod
886 2994 71 39 in
909 2994 71 39 con-

195 3031 119 35 silio
274 3031 185 35 improborum
419 3031 185 35 ambulemus,
565 3031 106 35 quod
631 3031 79 35 in
670 3031 92 35 via
723 3031 185 35 peccatorum
855 3031 119 35 stemus,

201 3058 77 38 in
240 3058 102 38 sede
304 3058 166 38 derisorum
432 3058 166 38 sedeamus,
560 3058 102 38 quod
624 3058 115 38 Legem
700 3058 141 38 Jehovae
803 3058 90 38 non
841 3058 141 38 meditemu.

201 3095 95 42 dies
261 3095 71 42 ac
296 3095 131 42 noctes,
391 3095 83 42 &c.
439 3095 83 42 Non
487 3095 155 42 offerimus
605 3095 83 42 cum
653 3095 107 42 Abele
724 3095 178 42 sacrificium
867 3095 83 42 Deo
903 3095 83 42 acce-

207 3124 119 49 ptum,
286 3124 93 49 non
339 3124 172 49 invocamus
472 3124 93 49 cum
525 3124 146 49 Enoscho
631 3124 119 49 nomen
711 3124 159 49 Jehovae:
830 3124 93 49 non
870 3124 106 49 ambula

210 3163 94 37 mus
263 3163 94 37 cum
317 3163 148 37 Henocho
425 3163 215 37 indesinenter
599 3163 161 37 secundum
720 3163 121 37 Deum:
801 3163 94 37 non
855 3163 121 37 sumus
922 3163 67 37 ju-

201 3195 89 50 sti
252 3195 89 50 cum
303 3195 128 50 Noacho
393 3195 115 50 coram
469 3195 102 50 Deo:
533 3195 89 50 non
584 3195 89 50 est
635 3195 77 50 in
673 3195 115 50 nobis
750 3195 115 50 fides
826 3195 64 50 &
839 3195 153 50 obedientia

999 187 168 44 Abraliami,
1131 187 84 44 non
1179 187 156 44 patientia
1298 187 120 44 Isaaci
1382 187 84 44 non
1430 187 132 44 lenitas
1526 187 132 44 Jacobi,
1621 187 84 44 non
1657 187 132 44 continen-

999 227 85 39 tia
1047 227 60 39 &
1071 227 193 39 placabilitas
1228 227 145 39 Josephi,
1337 227 85 39 non
1385 227 157 39 modestia,
1506 227 169 39 mansuetudo
1639 227 60 39 &
1651 227 133 39 sideliras

1003 261 119 37 Mosis,
1087 261 83 37 non
1134 261 107 37 zelus
1206 261 143 37 Phineae:
1313 261 83 37 non
1361 261 83 37 est
1408 261 72 37 in
1444 261 107 37 nobis
1516 261 155 37 humilitas
1635 261 60 37 &
1647 261 143 37 mansuetudo

1008 293 156 38 Christi,
1125 293 104 38 quem
1190 293 143 38 imitari
1293 293 130 38 maxime
1371 293 143 38 debebamus

1026 322 81 40 Cum
1073 322 92 40 quis
1130 322 69 40 in
1165 322 115 40 sacris
1245 322 127 40 literis
1338 322 184 40 vituperatur,
1487 322 81 40 cum
1533 322 127 40 peccata
1626 322 92 40 ejus
1672 322 115 40 recitan-

999 365 93 33 tur;
1057 365 81 33 nos
1104 365 186 33 redarguimur:
1255 365 81 33 nos
1302 365 81 33 cum
1348 365 81 33 Eva
1395 365 93 33 aute
1453 365 139 33 serpenti
1557 365 93 33 illi
1615 365 128 33 antiquo
1697 365 81 33 prae-

1009 395 130 37 bemus,
1100 395 91 37 cum
1152 395 208 37 seductoribus
1321 395 117 37 morem
1400 395 156 37 gerimus:
1517 395 91 37 nos
1569 395 91 37 cum
1621 395 117 37 Adamo
1686 395 91 37 alie.

1001 432 88 45 nis
1052 432 226 45 suggestionibus
1240 432 176 45 obsequimur
1379 432 63 45 &
1404 432 88 45 non
1454 432 113 45 verbo
1530 432 101 45 Dei.
1592 432 101 45 Quam
1655 432 113 45 multi
1718 432 63 45 cu-

1018 463 115 38 caijno
1099 463 150 38 fratribus
1214 463 150 38 invident,
1330 463 81 38 eos
1376 463 92 38 odio
1434 463 127 38 habent,
1526 463 92 38 odio
1583 463 150 38 occidunt:
1699 463 81 38 cum
1733 463 58 38 Ba-

1003 496 150 34 byloniis
1115 496 125 34 turrim
1203 496 188 34 Babylonicam
1353 496 175 34 aedificant
1490 496 63 34 &
1515 496 138 34 gloriam
1615 496 138 34 nominis
1703 496 88 34 affe-

1005 527 123 42 ctant:
1091 527 86 42 cum
1140 527 172 42 Israelitis
1275 527 98 42 Deum
1336 527 74 42 in
1373 527 135 42 deserto
1471 527 147 42 tentant:
1581 527 86 42 cum
1630 527 110 42 Saule
1692 527 98 42 Davide

1004 561 218 41 persequuntur
1182 561 95 41 cum
1236 561 136 41 Davide
1331 561 204 41 adulterium,
1495 561 95 41 cum
1549 561 123 41 eodem
1618 561 164 41 homicidium

1002 595 192 37 committunt:
1156 595 90 37 cum
1207 595 154 37 Salomone
1323 595 192 37 idololatria
1476 595 192 37 perpetrant:
1630 595 90 37 cum
1669 595 115 37 Ezechia

1007 624 151 50 elatione
1121 624 114 50 animi
1197 624 151 50 peccant:
1310 624 88 50 cum
1361 624 139 50 Judaeis
1462 624 164 50 Barrabani
1588 624 139 50 dimitti
1689 624 63 50 &
1702 624 88 50 Chri-

1007 658 89 43 stum
1062 658 145 43 crucifigi
1174 658 122 43 petunt:
1251 658 56 43 &c.

1026 686 83 45 Cum
1074 686 95 45 Deus
1133 686 71 45 de
1169 686 166 45 Israelitis
1299 686 190 45 conqueritur,
1454 686 71 45 de
1489 686 107 45 nobis
1560 686 107 45 illum
1632 686 142 45 conqueri
1727 686 59 45 co-

1002 726 136 40 gitemus
1101 726 62 40 &
1126 726 149 40 persuasi
1237 726 124 40 simus.
1324 726 87 40 Cum
1374 726 136 40 mandata
1473 726 87 40 Dei
1523 726 198 40 explicantur,
1684 726 74 40 ad
1709 726 74 40 usum

998 757 204 37 correctionis
1164 757 89 37 sic
1215 757 229 37 accommodantur,
1405 757 102 37 quum
1469 757 102 37 vita
1533 757 140 37 nostram
1634 757 64 37 &
1660 757 102 37 quae
1711 757 76 37 com-

1010 793 151 37 mittimus
1124 793 88 37 vel
1174 793 163 37 omittimus
1300 793 75 37 ad
1337 793 138 37 mandata
1438 793 101 37 illa
1501 793 163 37 exigimus,
1627 793 101 37 quod
1689 793 88 37 sit
1727 793 63 37 cum

1000 826 189 36 consideratis
1154 826 107 36 illis
1225 826 95 36 quae
1284 826 95 36 Deus
1343 826 154 36 praecipit
1462 826 59 36 &
1485 826 154 36 prohibet,
1604 826 107 36 illis
1663 826 130 36 opponimus

1014 857 96 42 quae
1074 857 60 42 a
1098 857 108 42 nobis
1170 857 120 42 contra
1253 857 132 42 mandata
1349 857 96 42 illa
1409 857 180 42 cogitantur,
1553 857 156 42 dicuntur,
1672 857 120 42 fiunt,
1744 857 48 42 o

1004 888 139 39 nittuntur:

1041 904 70 58 Ex
1076 904 197 58 precationibus
1238 904 151 58 sanctorum
1354 904 162 58 colligimus
1482 904 116 58 varias
1563 904 197 58 correctiones:
1713 904 70 58 Pra-

1009 956 83 34 mo,
1057 956 83 34 nos
1104 956 143 34 precibus
1212 956 71 34 ad
1247 956 95 34 Deum
1307 956 83 34 non
1354 956 83 34 tam
1402 956 119 34 sedulo
1485 956 131 34 vacare,
1581 956 71 34 ut
1616 956 143 34 fecerunt
1712 956 71 34 san-

1014 985 84 49 cti
1062 985 84 49 nos
1110 985 72 49 ad
1146 985 96 49 Deum
1206 985 72 49 in
1242 985 108 49 rebus
1314 985 144 49 adversis
1423 985 96 49 fide
1483 985 60 49 &
1507 985 144 49 precibus
1615 985 84 49 non
1651 985 144 49 confugere,

1012 1017 64 43 ut
1044 1017 107 43 sancti
1120 1017 140 43 fecerunt,
1216 1017 54 43 &c.

1035 1045 143 45 Secundo,
1142 1045 83 45 nos
1190 1045 178 45 parvifacere
1332 1045 59 45 &
1356 1045 155 45 negligere
1475 1045 95 45 bona
1534 1045 95 45 illa
1594 1045 95 45 quae
1653 1045 119 45 sancti
1725 1045 59 45 om-

1014 1083 107 39 nibus
1085 1083 107 39 aliis
1157 1083 202 39 praetulerunt,
1323 1083 119 39 quorum
1407 1083 155 39 desiderio
1525 1083 119 39 maxime
1609 1083 178 39 flagratunt:
1739 1083 48 39 ut

1006 1116 75 39 Ps.
1049 1116 86 39 119.
1103 1116 65 39 v.
1135 1116 86 39 135.
1189 1116 86 39 orat
1243 1116 108 39 Davida
1318 1116 86 39 Dote
1372 1116 140 39 mestatura
1480 1116 86 39 tua,
1534 1116 54 39 &
1555 1116 108 39 passim
1631 1116 75 39 hac
1674 1116 140 39 precatio

1008 1155 85 35 nem
1056 1155 145 35 repetit.
1165 1155 97 35 Unde
1225 1155 169 35 colligimus
1358 1155 157 35 coelestem
1479 1155 157 35 doctrinam
1600 1155 109 35 bonis
1660 1155 133 35 terrenis.

1007 1190 118 40 omnibs
1090 1190 71 40 ab
1125 1190 71 40 eo
1161 1190 165 40 praeferri.
1291 1190 83 40 Sed
1338 1190 95 40 quod
1397 1190 154 40 tantopere
1515 1190 130 40 expetit
1610 1190 154 40 Propheta,
1716 1190 71 40 fert

1014 1219 73 38 ab
1050 1219 122 38 omnibs
1135 1219 182 38 negligitur.
1281 1219 73 38 Si
1318 1219 85 38 qui
1367 1219 109 38 autum
1439 1219 158 38 punguntur
1561 1219 85 38 hoc
1610 1219 158 38 desidero,
1719 1219 61 38 sta

1020 1249 82 39 cim
1067 1249 82 39 eos
1114 1249 70 39 ad
1149 1249 106 39 mundi
1220 1249 164 39 illecebras
1349 1249 129 39 videmus
1443 1249 129 39 relabi,
1537 1249 70 39 ut
1572 1249 164 39 paucissimi
1689 1249 106 39 postha-

1014 1281 106 41 bitis
1085 1281 106 41 aliis
1156 1281 118 41 omnibs
1239 1281 118 41 votis,
1322 1281 106 41 serio
1393 1281 83 41 cum
1440 1281 118 41 Davide
1523 1281 71 41 ad
1558 1281 106 41 Legis
1629 1281 154 41 doctrinam
1736 1281 59 41 ad-

1022 1313 142 45 pirent.
1125 1313 142 45 Quantus
1229 1313 116 45 autem
1306 1313 116 45 mundi
1384 1313 116 45 furor
1461 1313 90 45 est
1513 1313 77 45 in
1552 1313 194 45 contemnenda
1707 1313 65 45 &
1719 1313 65 45 re-

1020 1345 118 43 puenda
1103 1345 142 43 coelesti
1198 1345 130 43 doctrina:

1029 1368 70 57 Ex
1064 1368 174 57 oppositione
1203 1368 186 57 contratiorum
1354 1368 139 57 frequens
1459 1368 151 57 correctio
1575 1368 139 57 petitur:
1679 1368 70 57 ut
1714 1368 70 57 si
1737 1368 58 57 re-

1023 1413 87 41 ste
1072 1413 136 41 facimus
1171 1413 99 41 quod
1233 1413 186 41 valetudinem
1382 1413 149 41 corporis
1493 1413 149 41 curamus:
1604 1413 136 41 peccant
1691 1413 99 41 igitur

1026 1452 82 38 qui
1073 1452 153 38 sanitatem
1191 1452 106 38 animi
1262 1452 165 38 negligunt.
1391 1452 71 38 Si
1427 1452 141 38 oculorum
1533 1452 141 38 corporis
1639 1452 106 38 ratio
1698 1452 94 38 haben-

1024 1483 80 36 da:
1069 1483 80 36 tum
1115 1483 137 36 profecto
1218 1483 137 36 peccant,
1321 1483 80 36 qui
1367 1483 69 36 ut
1401 1483 114 36 oculis
1481 1483 103 36 animi
1550 1483 137 36 videant,
1653 1483 80 36 non
1698 1483 114 36 curant

1016 1513 163 41 Querimur
1139 1513 82 41 de
1180 1513 136 41 morbis
1275 1513 177 41 corporis:
1411 1513 82 41 at
1452 1513 136 41 merito
1547 1513 231 41 reprehendendi
1724 1513 68 41 sua

1017 1552 113 43 mus,
1088 1552 113 43 quod
1158 1552 99 43 non
1215 1552 142 43 potius
1314 1552 170 43 queramur
1442 1552 85 43 de
1484 1552 142 43 morbis
1584 1552 142 43 animi.
1669 1552 128 43 Conque-

1016 1583 129 36 runtur
1106 1583 129 36 quidam
1197 1583 193 36 decaecitate
1351 1583 168 36 corporis:
1480 1583 77 36 at
1519 1583 181 36 caecitatem
1661 1583 116 36 animi
1726 1583 64 36 pro

1015 1612 71 37 re
1051 1612 143 37 levicula
1158 1612 131 37 habent.
1253 1612 191 37 Conqueruntur
1408 1612 71 37 de
1444 1612 167 37 vulneribus
1575 1612 60 37 &
1599 1612 179 37 cruciatibus
1729 1612 60 37 cor

1018 1652 119 41 poris;
1101 1652 71 41 at
1137 1652 131 41 vulnera
1232 1652 59 41 &
1256 1652 154 41 cruciatus
1374 1652 190 41 conscientiae
1529 1652 83 41 non
1576 1652 166 41 agnoscunt.
1695 1652 95 41 Conque

1027 1685 123 33 cuntur
1113 1685 74 33 de
1150 1685 172 33 paupertate
1285 1685 147 33 externa,
1395 1685 74 33 at
1432 1685 172 33 paupertate
1567 1685 147 33 internam
1678 1685 86 33 non
1715 1685 86 33 agno-

1010 1713 128 37 scunt:
1100 1713 153 37 numerant
1215 1713 115 37 annos
1291 1713 64 37 &
1317 1713 102 37 dies
1380 1713 153 37 morborum
1495 1713 64 37 &
1521 1713 192 37 calamitatum
1674 1713 102 37 quas
1725 1713 64 37 sua

1026 1741 174 45 stinent;at
1163 1741 162 45 negligunt
1287 1741 150 45 numerare
1399 1741 112 45 annos
1474 1741 125 45 quibus
1561 1741 150 45 continue
1673 1741 87 45 Dei
1711 1741 87 45 bene-

1025 1773 116 53 iciis
1102 1773 103 53 frui
1166 1773 116 53 ipsis
1244 1773 116 53 natum
1321 1773 116 53 fuit,
1398 1773 64 53 &
1423 1773 128 53 quibus
1513 1773 103 53 Deum
1578 1773 77 53 ad
1616 1773 103 53 iram
1668 1773 128 53 provoca-

1021 1813 83 37 runt,

1053 1829 111 54 Porro
1127 1829 86 54 cum
1176 1829 111 54 nulla
1250 1829 136 54 remagis
1348 1829 185 54 offendantur
1496 1829 136 54 plurimi
1595 1829 173 54 auditores,
1718 1829 74 54 etij

1014 1869 100 46 illi
1076 1869 88 46 qui
1126 1869 113 46 veram
1201 1869 175 46 religionem
1339 1869 213 46 amplectuntur,
1514 1869 100 46 quam
1576 1869 88 46 cum
1626 1869 125 46 libere
1701 1869 100 46 pecca-

1020 1915 72 31 ta
1056 1915 133 31 ipsorum
1153 1915 72 31 in
1189 1915 181 31 concionibus
1334 1915 84 31 aut
1382 1915 109 31 alias
1454 1915 229 31 reprehenduntur:
1647 1915 97 31 quia
1695 1915 97 31 genera

1010 1942 92 42 lem
1062 1942 157 42 vitiorum
1180 1942 249 42 reprehensionem,
1389 1942 79 42 in
1429 1942 105 42 suam
1494 1942 157 42 referunt
1612 1942 209 42 contumeniam,
1769 1942 39 42 &

1031 1981 89 42 quia
1086 1981 133 42 plerique
1186 1981 133 42 Christum
1286 1981 100 42 sequi
1352 1981 78 42 ita
1397 1981 122 42 volunt,
1486 1981 67 42 ut
1519 1981 122 42 interim
1608 1981 155 42 voluptates
1718 1981 78 42 ipso-

1020 2010 90 36 rum
1072 2010 90 36 non
1123 2010 244 36 interturbentur:
1329 2010 103 36 ideo
1393 2010 77 36 ad
1431 2010 180 36 mitigandam
1573 2010 231 36 reprehensionum
1753 2010 51 36 a-

1026 2039 166 43 cerbitatem
1157 2039 131 43 utendum
1252 2039 95 43 erit
1311 2039 83 43 vel
1359 2039 95 43 voto
1418 2039 83 43 seu
1466 2039 166 43 precatione
1596 2039 71 43 ad
1632 2039 107 43 Deum,
1703 2039 71 43 in
1727 2039 71 43 hunc

1016 2077 83 47 aut
1064 2077 130 47 similem
1158 2077 118 47 modum;
1241 2077 83 47 Det
1289 2077 154 47 propitius
1407 2077 107 47 Deus,
1478 2077 71 47 ut
1514 2077 178 47 agnoscamus,
1656 2077 83 47 nos
1703 2077 71 47 in
1727 2077 71 47 isti

1032 2101 69 45 vel
1071 2101 79 45 ista
1121 2101 118 45 graviter
1209 2101 108 45 peccare
1278 2101 49 45 &c.

1047 2125 85 53 Vel
1096 2125 195 53 prosopopoeia
1254 2125 85 53 qua
1303 2125 85 53 vel
1351 2125 97 53 Deus
1412 2125 97 53 ipse
1473 2125 85 53 vel
1522 2125 146 53 Propheta
1631 2125 85 53 vel
1668 2125 134 53 Apostolus

1018 2173 126 39 aliquis
1109 2173 183 39 introducatur
1258 2173 126 39 peccata
1349 2173 160 39 grassantia
1475 2173 195 39 reprehendens,
1635 2173 92 39 sive
1693 2173 69 39 id
1727 2173 103 39 fiat,

1018 2199 109 49 locis
1091 2199 182 49 Scripturae,
1236 2199 157 49 cujusmodi
1357 2199 109 49 multa
1430 2199 133 49 exstant
1526 2199 73 49 in
1563 2199 133 49 utroque
1648 2199 157 49 Testamento,

1023 2234 92 48 sive
1080 2234 115 48 verbis
1160 2234 80 48 cum
1206 2234 115 48 Scr.8.
1286 2234 218 48 consentientibus
1469 2234 80 48 Ita
1515 2234 115 48 passim
1595 2234 149 48 Prophetae
1698 2234 92 48 Deum:;

1028 2265 108 45 psum
1096 2265 203 45 introducunt
1259 2265 149 45 peccata
1367 2265 135 45 omnium
1462 2265 149 45 ordinum
1557 2265 230 45 reprehendentem.

1056 2299 83 47 Vel
1104 2299 190 47 ,
1258 2299 83 47 hoc
1306 2299 95 47 est,
1366 2299 226 47 communicatione,
1556 2299 83 47 qua
1604 2299 155 47 auditores
1711 2299 95 47 inter-

1022 2334 144 44 rogentur,
1132 2334 99 44 annon
1199 2334 121 44 ipsimet
1287 2334 110 44 fateri
1364 2334 144 44 cogantur,
1475 2334 121 44 peccata
1563 2334 99 44 talia
1629 2334 77 44 vel
1674 2334 99 44 talia
1729 2334 66 44 pas-

1016 2365 84 45 sim
1064 2365 192 45 invalescere?
1220 2365 108 45 annon
1292 2365 120 45 fateri
1376 2365 156 45 cogantur,
1496 2365 96 45 esse
1556 2365 168 45 minstrorum
1688 2365 108 45 verbi
1748 2365 60 45 Dei

1026 2402 140 36 officium
1131 2402 70 36 ut
1166 2402 93 36 illa
1224 2402 128 36 publice
1318 2402 175 36 privatimque
1446 2402 163 36 reprehendant

1062 2423 81 51 Vel
1224 2423 81 51 seu
1270 2423 184 51 occupatione,
1419 2423 92 51 quam
1477 2423 81 51 vel
1523 2423 196 51 reprehensioni
1684 2423 81 51 via
1718 2423 81 51 ster-

1018 2468 107 40 namus
1089 2468 83 40 vel
1137 2468 119 40 factam
1220 2468 166 40 mitigemus,
1351 2468 190 40 ostendentes,
1505 2468 83 40 nos
1553 2468 131 40 peccata
1648 2468 95 40 ista
1707 2468 83 40 vel
1743 2468 71 40 ista

1032 2499 151 36 accusare
1145 2499 88 36 non
1196 2499 176 36 exagitandi
1334 2499 163 36 quemquam,
1459 2499 88 36 sed
1510 2499 176 36 corrigendi
1648 2499 138 36 studio;
1736 2499 75 36 nula

1028 2529 97 51 lius
1089 2529 97 51 odio
1149 2529 85 51 sed
1198 2529 109 51 amore
1270 2529 121 51 omnium
1355 2529 61 51 &
1380 2529 121 51 studio
1464 2529 158 51 cripiendi
1586 2529 158 51 peccantes
1707 2529 73 51 ab
1731 2529 73 51 exi-

1026 2568 86 36 tio
1075 2568 74 36 ad
1112 2568 98 36 quod
1173 2568 148 36 tendunt.
1284 2568 148 36 Exemplum
1395 2568 172 36 praeclarum
1530 2568 86 36 est
1579 2568 74 36 in
1616 2568 135 36 homilia
1703 2568 98 36 terti-

1034 2599 169 33 Chrysostomi
1169 2599 68 33 in
1203 2599 90 33 Acta
1260 2599 169 33 Apostolica:
1395 2599 102 33 ogita
1463 2599 90 33 quid
1519 2599 147 33 acciderit
1632 2599 124 33 Simoni.
1723 2599 90 33 Quid
1768 2599 45 33 e-

1028 2633 137 42 nimrifert
1134 2633 63 42 si
1165 2633 74 42 non
1207 2633 74 42 das
1249 2633 137 42 pecuniam,
1354 2633 74 42 sed
1396 2633 126 42 pecuniae
1491 2633 84 42 loco
1543 2633 137 42 adularis,
1648 2633 137 42 subornas,
1743 2633 63 42 mul-

1019 2667 98 39 taque
1085 2667 164 39 machinaris.
1216 2667 120 39 Pecunia
1303 2667 76 39 tua
1347 2667 76 39 sit
1390 2667 98 39 ticum
1456 2667 65 39 in
1488 2667 175 39 perditienem,
1630 2667 65 39 ad
1663 2667 98 39 illum
1718 2667 87 39 dictum

1026 2700 86 43 est;
1080 2700 64 43 Et
1112 2700 75 43 his
1155 2700 128 43 dicetur;
1251 2700 118 43 Ambitio
1336 2700 75 43 tua
1379 2700 75 43 sit
1422 2700 96 43 tecum
1486 2700 64 43 in
1518 2700 171 43 perditiorum,
1657 2700 118 43 quoniam
1732 2700 75 43 puta-

1030 2727 79 43 sti
1075 2727 112 43 ambitu
1153 2727 112 43 humano
1232 2727 112 43 parari
1311 2727 101 43 donum
1378 2727 90 43 Dei.
1434 2727 101 43 Verum
1502 2727 112 43 nullus
1580 2727 146 43 fortassis
1692 2727 79 43 est
1726 2727 90 43 talis.

1033 2759 110 51 Utinam
1110 2759 77 51 non
1154 2759 66 51 si
1186 2759 99 51 Cupio
1252 2759 131 51 siquidem
1351 2759 99 51 nihil
1417 2759 99 51 horum
1482 2759 66 51 ad
1515 2759 77 51 vos
1559 2759 142 51 pertinere
1669 2759 88 51 quae
1723 2759 110 51 loquor

1030 2797 77 40 Sed
1074 2797 121 40 interim
1162 2797 88 40 ipse
1217 2797 132 40 sermonis
1316 2797 99 40 tenor
1382 2797 121 40 inharum
1470 2797 143 40 mentionem
1580 2797 66 40 me
1613 2797 132 40 deduxit.
1712 2797 99 40 Neque
1767 2797 44 40 et

1029 2830 81 45 nim
1076 2830 127 45 quoties
1168 2830 138 45 loquimur
1272 2830 138 45 adversus
1376 2830 162 45 avaritiam,
1502 2830 138 45 adversus
1606 2830 81 45 vos
1652 2830 150 45 loquimur,
1756 2830 58 45 im-

1030 2862 78 40 nec
1074 2862 123 40 prorsus
1164 2862 134 40 adversas
1264 2862 111 40 ullum.
1342 2862 111 40 Utinam
1420 2862 145 40 contingnt
1531 2862 67 40 ut
1565 2862 123 40 remedia
1654 2862 123 40 frustra
1732 2862 78 40 sint.

1029 2898 99 45 nobis
1095 2898 121 45 parata.
1183 2898 99 45 Talia
1249 2898 88 45 sunt
1304 2898 143 45 medicorum
1414 2898 99 45 vota,
1481 2898 99 45 nihil
1547 2898 99 45 alind
1613 2898 187 45 postulantium,
1756 2898 55 45 ni-

1026 2932 72 43 ut
1062 2932 96 43 post
1122 2932 120 43 multum
1205 2932 132 43 laboris
1301 2932 143 43 insumtum
1409 2932 132 43 prorsus
1504 2932 179 43 abjiciantur
1648 2932 143 43 pharmaca
1743 2932 84 43 Idem&

1040 2965 79 44 nos
1085 2965 124 44 optamus
1175 2965 68 44 ut
1209 2965 113 44 nostra
1288 2965 101 44 verba
1355 2965 124 44 prorsus
1446 2965 68 44 in
1479 2965 101 44 aerem
1547 2965 147 44 dicantur,
1660 2965 56 44 &
1682 2965 101 44 verba
1739 2965 90 44 tantum

1039 2993 95 52 sint.
1103 2993 116 52 Equidem
1187 2993 95 52 omnia
1251 2993 116 52 prompte
1335 2993 159 52 sustinuero,
1462 2993 63 52 ut
1494 2993 74 52 non
1536 2993 74 52 sit
1578 2993 85 52 opus
1631 2993 85 52 haec
1684 2993 116 52 dicere.
1758 2993 74 52 Quiam

1039 3028 65 46 si
1072 3028 108 46 valiis
1147 3028 151 46 tacebimus,
1266 3028 108 46 tantum
1341 3028 65 46 ut
1373 3028 140 46 silentium
1481 3028 108 46 careat
1557 3028 140 46 periculo.
1664 3028 75 46 Nec
1707 3028 86 46 enim
1761 3028 54 46 a
1772 3028 54 46 bi.

1033 3066 90 46 tror
1089 3066 146 46 quenquam,
1202 3066 90 46 quam
1258 3066 79 46 vis
1303 3066 124 46 admodum
1393 3066 124 46 gloriae
1483 3066 158 46 sitientem,
1607 3066 90 46 nisi
1663 3066 101 46 vocet
1719 3066 113 46 recessi-

1032 3094 94 47 tas.
1091 3094 106 47 velle
1161 3094 129 47 prorsus
1255 3094 153 47 Episcopum
1373 3094 164 47 designari,
1502 3094 164 47 Concedemus
1631 3094 106 47 vobis
1690 3094 141 47 doctrinam,

1038 3122 83 58 Nam
1086 3122 95 58 haec
1145 3122 107 58 major
1216 3122 83 58 est
1263 3122 154 58 doctrina,
1382 3122 95 58 quae
1441 3122 107 58 docet
1512 3122 107 58 ipsis
1583 3122 130 58 factis.
1666 3122 166 58 Quandoquidem

1046 3157 63 45 &
1072 3157 125 45 medici
1159 3157 100 45 sunt
1222 3157 138 45 optimi,
1323 3157 88 45 qui
1373 3157 138 45 tametsi
1473 3157 125 45 morbus
1561 3157 100 45 nero
1624 3157 125 45 :atium
1712 3157 125 45 adfert
1787 3157 50 45 i-

1039 3198 94 50 psis
1098 3198 153 50 mercedem,
1215 3198 141 50 cuperent
1321 3198 106 50 tamen
1392 3198 94 50 sues
1450 3198 117 50 amicos
1533 3198 82 50 ait
1580 3198 141 50 prospera
1685 3198 106 50 vales
1744 3198 94 50 adine.
