2063 3410
219 180 222 48 fitterpretandi
403 180 172 48 Scripturam
539 180 62 48 &
564 180 160 48 judicandi
687 180 74 48 de
724 180 234 48 interpretatione
921 180 62 48 &
933 180 74 48 con-

220 226 175 40 troversiis
357 226 175 40 religionis
494 226 125 40 habet,
582 226 87 40 sed
631 226 75 40 ut
669 226 150 40 ministra
781 226 87 40 tum
831 226 87 40 Dei
881 226 87 40 tum
919 226 87 40 Scri

187 269 120 43 pturae

262 286 70 52 Ut
297 286 104 52 autem
367 286 162 52 distinctae
494 286 162 52 functiones
622 286 93 52 sunt
680 286 70 52 in
714 286 139 52 Ecclesia
819 286 139 52 diversis
911 286 93 52 perso-

213 327 83 36 nis
261 327 154 36 commissae
379 327 59 36 a
403 327 95 36 Deo:
462 327 83 36 ita
509 327 118 36 quoque
592 327 154 36 distincta
710 327 83 36 est
758 327 142 36 potestas
864 327 83 36 seu
900 327 107 36 autori-

219 364 88 37 tas
269 364 213 37 inrerpretandi
444 364 175 37 Scripturam
581 364 63 37 &
606 364 163 37 judicandi
731 364 75 37 de
769 364 125 37 quavis
844 364 163 37 interpreta-

223 393 108 40 tione
295 393 60 40 &
307 393 181 40 controversia.

273 421 97 41 Alii
334 421 97 41 enim
394 421 73 41 in
431 421 146 41 Ecclesia
540 421 97 41 sunt
600 421 121 41 legati
685 421 85 41 Dei
734 421 158 41 immediate
855 421 73 41 ab
892 421 97 41 ipso
940 421 73 41 Deo.

221 460 126 38 vocati
309 460 63 38 &
335 460 75 38 ad
372 460 163 38 Ecclesiam
498 460 126 38 missi,
586 460 138 38 nimirum
686 460 163 38 Prophetae
812 460 63 38 &
837 460 151 38 Apostoli
938 460 75 38 per-

227 500 102 37 quos
291 500 127 37 verbum
380 500 89 37 Dei
431 500 166 37 immediate
558 500 115 37 ipsis
635 500 191 37 inspiratum,
788 500 127 37 initio
877 500 89 37 est
915 500 89 37 annum

223 532 136 31 ciatum,
321 532 62 31 &
346 532 148 31 deinceps
457 532 74 31 in
494 532 136 31 literas
593 532 148 31 relatum,
704 532 99 31 quos
766 532 111 31 certe
840 532 99 31 nemo
890 532 123 31 homines.

223 563 157 31 Ecclesiae
344 563 97 31 esse
404 563 169 31 negaverit.
537 563 73 31 Hi
574 563 169 31 Scripturam
707 563 121 31 Sacram
791 563 230 31 interpretantur,
973 563 36 31 &

229 592 72 35 de
265 592 96 35 omni
325 592 227 35 inturpretatione
516 592 60 35 &
540 592 132 35 dogmate
636 592 203 35 Ecclesiastico
804 592 144 35 judicant
911 592 72 35 ut
935 592 72 35 viri

215 627 90 35 Dei
267 627 78 35 ad
305 627 168 35 doctrinam
435 627 103 35 ejus
499 627 181 35 exponendam
641 627 207 35 peculiariter
809 627 181 35 destinati.
938 627 65 35 Sic

228 660 112 34 Moses
302 660 211 34 interpretatur
476 660 149 34 seipsum,
587 660 99 34 alii
650 660 161 34 Prophetae
774 660 223 34 interpretantur
947 660 50 34 Mo

216 690 91 39 sen
268 690 65 39 &
294 690 143 39 seipsos
398 690 130 39 mutuo,
489 690 156 39 Appstoli
606 690 234 39 interpretantur
800 690 117 39 Mosen
878 690 65 39 &
891 690 104 39 Prophe

219 725 83 37 tas
267 725 59 37 &
290 725 131 37 seipsos
386 725 119 37 mutuo.
469 725 83 37 Hoc
516 725 119 37 abunde
600 725 143 37 testatur
707 725 155 37 inspectio
826 725 59 37 &
849 725 143 37 collatio
945 725 59 37 li-

221 759 138 34 brorum
318 759 235 34 Propheticorum
512 759 69 34 &
539 759 249 34 Apostolicorum.
747 759 97 34 Hoc
802 759 194 34 agnouerunt
941 759 69 34 an-

228 791 104 35 tiqui
298 791 116 35 Patres
379 791 81 35 qui
425 791 92 35 post
483 791 150 35 Apostolos
598 791 104 35 velut
668 791 116 35 lumina
749 791 69 35 in
783 791 139 35 Ecclesia
887 791 81 35 Dei
922 791 81 35 fulse

214 827 132 39 runt.
302 827 205 39 ATHANASIUS
463 827 88 39 in
507 827 190 39 Passionem
653 827 73 39 &
682 827 146 39 crucem
785 827 161 39 Domini,
887 827 117 39 pagina

227 857 246 34 septingentesima
434 857 181 34 octogesima
577 857 155 34 secunda,
693 857 168 34 editionis
810 857 194 34 Commelinianae

222 894 93 41 Quod
280 894 93 41 nunc
338 894 151 41 recitatum
454 894 81 41 eit
500 894 127 41 verbum,
593 894 162 41 Euangelium
720 894 116 41 quidem
802 894 93 41 est,
859 894 81 41 sed
906 894 104 41 camen
964 894 46 41 e-

214 928 141 35 videntiae
323 928 206 35 claritudinisque
497 928 109 35 gratia
573 928 163 35 defagiendum
703 928 76 35 est
746 928 65 35 ad
779 928 119 35 sanctos
866 928 54 35 &
888 928 65 35 ab
920 928 76 35 iis
953 928 54 35 in-

215 955 142 40 tellectus
324 955 87 40 ejus
379 955 77 40 rei
423 955 175 40 excipiendus.
565 955 175 40 Verisimilius
707 955 87 40 enim
762 955 87 40 eos,
816 955 98 40 rerum
871 955 142 40 Evangelica-

227 991 76 33 rum
270 991 108 33 magis,
346 991 86 33 quam
400 991 76 33 nos
443 991 130 33 conscios
541 991 54 33 &
562 991 119 33 peretos
649 991 97 33 esse,
713 991 76 33 sed
757 991 65 33 ne
789 991 97 33 circa
854 991 97 33 omnes
919 991 86 33 ober
962 991 54 33 an-

217 1017 85 41 tes,
270 1017 95 41 moram
334 1017 148 41 injiciamus
450 1017 106 41 nostro
524 1017 127 41 sermoni,
619 1017 137 41 sufficiet
725 1017 63 41 in
756 1017 148 41 praesentia
873 1017 74 41 vel
915 1017 85 41 unus
957 1017 53 41 ma-

219 1053 110 45 gister
296 1053 143 45 Apostolus
406 1053 66 45 ud
438 1053 77 45 nos
482 1053 99 45 plene
548 1053 66 45 de
581 1053 88 45 omni
636 1053 121 45 negotio
724 1053 176 45 instruendos.
866 1053 121 45 Scribit
943 1053 66 45 enim

216 1092 131 34 Hebraeu
311 1092 119 34 beatus
395 1092 131 34 Paulus,
490 1092 83 34 &c.
538 1092 83 34 Ita
586 1092 167 34 Athanasius
717 1092 155 34 Apostolum
836 1092 119 34 Paulum
908 1092 95 34 inter-

219 1119 134 52 pretem
299 1119 120 52 adducit

249 1149 95 41 Alii
308 1149 95 41 vero
367 1149 130 41 fideles
462 1149 71 41 in
498 1149 142 41 Ecclesia
604 1149 142 41 quotquot
710 1149 106 41 sunt,
781 1149 142 41 spraeter
876 1149 130 41 Prophetas

227 1185 68 39 &
255 1185 176 39 Apostolos
390 1185 95 39 cum
444 1185 135 39 quibus
539 1185 68 39 &
566 1185 217 39 Evangelistas
742 1185 135 39 Marcum
837 1185 68 39 &
864 1185 122 39 Lucam
932 1185 81 39 sem-

225 1219 85 46 per
274 1219 220 46 intelligimus,)
457 1219 171 46 potestatem
591 1219 61 46 &
615 1219 183 46 autoritatem
762 1219 208 46 interpretandi
921 1219 85 46 Scri-

231 1256 124 37 pturam
318 1256 124 37 Sacram
405 1256 62 37 &
429 1256 162 37 judicandi
554 1256 75 37 de
591 1256 273 37 interpretationibus
827 1256 137 37 habent,
914 1256 87 37 verum

222 1287 184 46 longissime
366 1287 184 46 inferiorem
511 1287 105 46 quam
577 1287 171 46 Prophetae
708 1287 66 46 &
734 1287 158 46 Apostoli
852 1287 66 46 &
866 1287 144 46 Euangeli-

219 1324 103 35 stae
283 1324 129 35 Marcus
374 1324 64 35 &
399 1324 129 35 Lucas,
489 1324 103 35 quam
554 1324 167 35 Scriptura
682 1324 116 35 ipsa,
760 1324 103 35 quam
824 1324 103 35 Deus
888 1324 77 35 in
914 1324 90 35 Scri-

220 1350 116 48 ptura
298 1350 155 48 loquens.
414 1350 91 48 Nam
466 1350 168 48 Episcopi,
595 1350 65 48 &
621 1350 155 48 Pastores
737 1350 207 48 Ecclesiarum,
893 1350 116 48 quotquo

234 1386 92 40 post
292 1386 150 40 Prophetas
408 1386 58 40 &
431 1386 150 40 Apostolos
547 1386 139 40 fuerunt,
651 1386 92 40 sunt
708 1386 58 40 &
732 1386 116 40 erunt,
812 1386 92 40 sive
870 1386 139 40 singuli,
963 1386 46 40 si

228 1429 74 31 ve
265 1429 74 31 in
302 1429 161 31 Conciliis
426 1429 211 31 Episcopalibus
600 1429 186 31 congregati,
749 1429 87 31 non
798 1429 161 31 accipiunt
923 1429 62 31 &
935 1429 62 31 co-

221 1457 145 37 noscunt
326 1457 119 37 verum
405 1457 184 37 Scripturae
550 1457 132 37 sensum
642 1457 92 37 per
695 1457 184 37 immediatam
827 1457 198 37 revelationem:

228 1491 145 36 Spiritus
337 1491 121 36 Sancti
421 1491 121 36 absque
505 1491 121 36 labore
590 1491 60 36 &
614 1491 157 36 industria
735 1491 97 36 sua,
795 1491 97 36 haec
855 1491 97 36 enim
903 1491 109 36 Prophe-

225 1523 119 38 tarum
304 1523 66 38 &
330 1523 198 38 Apostolorum
489 1523 211 38 praerogativa
660 1523 119 38 est;)
739 1523 92 38 sed
792 1523 92 38 cum
831 1523 185 38 imploratione

235 1553 132 38 divinae
331 1553 228 38 illuminationis,
523 1553 108 38 illum
595 1553 156 38 religioso
716 1553 108 38 atque
788 1553 144 38 accurato
896 1553 120 38 studio
968 1553 48 38 in

225 1582 107 47 ipsis
296 1582 167 47 Scripturis
427 1582 131 47 sanctis
522 1582 178 47 investigant
665 1582 59 47 &
689 1582 155 47 quaerunt,
808 1582 178 47 inventumque
939 1582 83 47 aliis

236 1621 180 41 proponunt,
378 1621 167 41 exponunt,
507 1621 232 41 commendantinon
700 1621 155 41 inferunt
816 1621 116 41 lucem
893 1621 129 41 Scipt.
970 1621 52 41 8.

225 1650 87 47 sed
274 1650 87 47 eam
324 1650 149 47 duntaxat
436 1650 112 47 aliis
498 1650 124 47 ostendum

280 1677 159 49 Quocirca
399 1677 159 49 Ecclesia
518 1677 93 49 Dei
571 1677 106 49 post
638 1677 172 49 Prophetas
770 1677 66 49 &
797 1677 172 49 Apostolos
916 1677 106 49 Sacram

219 1713 168 42 Scripturam
351 1713 204 42 interpretatur
519 1713 72 42 ex
555 1713 156 42 Scriptura
674 1713 108 42 ipsa,
746 1713 60 42 &
770 1713 72 42 de
794 1713 216 42 interpretationis

225 1747 84 39 bus
273 1747 240 39 controversiisque
477 1747 168 39 religionis
609 1747 72 39 ex
646 1747 96 39 ipsa
706 1747 156 39 Scriptura
826 1747 60 39 &
850 1747 144 39 secundam
958 1747 84 39 eam

231 1785 142 40 tanquam
335 1785 116 40 vocem
412 1785 116 40 Summi
490 1785 142 40 judicis
593 1785 155 40 judicat,
710 1785 91 40 non
761 1785 116 40 autem
839 1785 78 40 ex
878 1785 91 40 suo
916 1785 91 40 inge-

232 1819 87 40 nio
281 1819 162 40 consictis
406 1819 199 40 opinionibus,
567 1819 174 40 dogmatibus
704 1819 62 40 &
729 1819 187 40 sententiis,
878 1819 99 40 sese
928 1819 87 40 supra

222 1852 144 37 Scripturas
335 1852 113 37 effert,
417 1852 62 37 1.
448 1852 124 37 Corinth.
541 1852 72 37 14.
582 1852 93 37 vers.
644 1852 72 37 29.
685 1852 134 37 Prophetae
788 1852 82 37 duae
840 1852 72 37 aut
881 1852 82 37 tris
922 1852 93 37 loquan-

221 1884 89 33 tur,
277 1884 112 33 snempe
355 1884 112 33 quivis
433 1884 78 33 suo
477 1884 112 33 ordine
556 1884 56 33 &
578 1884 179 33 sigillatim,)
723 1884 56 33 &
745 1884 100 33 aliis
812 1884 167 33 dijudicent.
935 1884 78 33 Acto.

230 1916 76 40 rum
274 1916 76 40 17.
317 1916 142 40 versiculo
427 1916 142 40 undecimo.
536 1916 76 40 Iis
579 1916 55 40 a
601 1916 87 40 item
656 1916 120 40 Juadais
743 1916 76 40 qui
787 1916 98 40 erant
852 1916 76 40 Th.
885 1916 131 40 ssalonica.

222 1944 120 45 fuerunt
310 1944 88 45 isti
364 1944 186 45 generasiores,
518 1944 66 45 ut
550 1944 77 45 qui
594 1944 153 45 receperint
715 1944 131 45 Sermonem
813 1944 77 45 cum
857 1944 88 45 omni
901 1944 109 45 alacrita

227 1978 75 40 tr,
270 1978 128 40 quotidie
366 1978 64 40 ex
398 1978 139 40 aminantes
505 1978 150 40 Scripturas
622 1978 64 40 an
655 1978 85 40 haec
708 1978 75 40 ita
751 1978 64 40 se
783 1978 139 40 haberent.
890 1978 64 40 I.
911 1978 96 40 Corinth

225 2009 72 38 10.
266 2009 92 38 vers.
327 2009 72 38 15.
368 2009 61 38 Ut
399 2009 266 38 intelligentibusliquor:
634 2009 123 38 judicate
726 2009 72 38 vos
767 2009 82 38 quod
818 2009 82 38 ajo.
869 2009 61 38 I.
900 2009 123 38 Thessal.
982 2009 41 38 5.

221 2044 98 38 vers.
286 2044 76 38 20.
330 2044 76 38 21.
374 2044 152 38 Prophetias
493 2044 65 38 ne
526 2044 76 38 pro
570 2044 109 38 nihilo
646 2044 120 38 habete:
733 2044 98 38 Omnia
798 2044 152 38 explorate:
918 2044 87 38 quod
962 2044 54 38 bo-

230 2079 73 44 num
271 2079 104 44 fuerit
334 2079 114 44 retinete.

253 2113 88 37 Bell
308 2113 121 37 irminus
396 2113 88 37 ipse
451 2113 121 37 fatetur
539 2113 99 37 libro
605 2113 110 37 tertio
683 2113 66 37 de
716 2113 99 37 verbo
782 2113 88 37 Dei,
837 2113 110 37 capite
914 2113 121 37 tertio

216 2141 161 39 sectione
337 2141 175 39 vndecima;
471 2141 188 39 Scripturam
619 2141 134 39 debere
713 2141 134 39 exponi
807 2141 161 39 secundum
915 2141 94 39 dicta

225 2181 87 36 men
274 2181 149 36 Spiritus
386 2181 137 36 Sancti:
485 2181 99 36 Hinc
547 2181 186 36 colligimus,
697 2181 99 36 quod
759 2181 149 36 secundum
858 2181 149 36 Scripturas

221 2209 91 38 non
273 2209 117 38 autem
351 2209 156 38 secundum
467 2209 156 38 privatum
584 2209 156 38 dictamen
701 2209 156 38 Spiritus
818 2209 117 38 extra
882 2209 130 38 Scriptu-

229 2244 84 44 ras
277 2244 121 44 exponi
350 2244 96 44 debeat

258 2277 118 36 Auctot
341 2277 94 36 eles
399 2277 106 36 libro
470 2277 118 36 tertio
552 2277 176 36 Politicorum
693 2277 94 36 ait,
752 2277 94 36 quod
811 2277 141 36 judicium
916 2277 82 36 sit
952 2277 71 36 lex-

228 2307 200 45 particularis,
393 2307 82 45 lex
440 2307 106 45 autem
511 2307 141 45 judicium
617 2307 177 45 uniuersale.
759 2307 82 45 Jam
806 2307 94 45 quod
865 2307 82 45 est
912 2307 82 45 Lex
947 2307 59 45 i1-

230 2347 143 36 republica
340 2347 143 36 seculari,
450 2347 66 36 id
483 2347 88 36 est,
538 2347 77 36 Sc.
582 2347 55 36 S
604 2347 66 36 in
636 2347 143 36 Ecclesia.
746 2347 99 36 Atqui
812 2347 77 36 Lex
856 2347 66 36 in
889 2347 143 36 Republica

219 2375 120 41 civili
303 2375 132 41 dirigit
399 2375 144 41 judicium
508 2375 132 41 judicis
604 2375 144 41 forensis
712 2375 132 41 tanquam
808 2375 120 41 norma,
893 2375 96 41 quam
941 2375 72 41 ille

228 2405 108 37 sequi
300 2405 120 37 debet:
384 2405 84 37 ita
432 2405 156 37 Scriptura
552 2405 108 37 Sacra
625 2405 132 37 dirigit
721 2405 144 37 judicium
829 2405 156 37 Ecclesiae
937 2405 72 37 tan-

228 2444 96 39 quam
288 2444 119 39 regula
371 2444 167 39 certissima
503 2444 60 39 &
527 2444 191 39 infallibilis
682 2444 96 39 quam
741 2444 143 39 Ecclesia
849 2444 107 39 sequi
920 2444 119 39 debet.

231 2479 127 33 Summa:
320 2479 102 33 pura
384 2479 114 33 atque
460 2479 165 33 orthodoxa
587 2479 152 33 Ecclesia
701 2479 102 33 Dei,
764 2479 216 33 controversias
929 2479 89 33 reli-

242 2508 130 37 tionis
333 2508 91 37 Deo
385 2508 117 37 unico
463 2508 130 37 judice
554 2508 117 37 summo
632 2508 78 37 ex
671 2508 117 37 Sacra
749 2508 169 37 Scriptura
879 2508 143 37 tanquam
970 2508 52 37 ex

237 2547 100 33 lege
299 2547 125 33 illius
386 2547 162 33 terminat.
511 2547 175 33 Quapropter
648 2547 125 33 Patres
735 2547 62 33 &
760 2547 150 33 Concilia
860 2547 162 33 Episcopalia

232 2573 149 42 legitima
343 2573 124 42 Sacram
430 2573 174 42 Scripturam
566 2573 186 42 exposuerunt
715 2573 74 42 ex
753 2573 136 42 ipsamet
852 2573 174 42 Scriptura:
976 2573 37 42 &

219 2602 252 42 interpretationes
434 2602 252 42 controversiasque
648 2602 227 42 Ecclesiasticas
837 2602 113 42 omnes
900 2602 113 42 judica-

219 2645 94 31 runt
278 2645 59 31 &
302 2645 165 31 deciderunt
432 2645 83 31 per
479 2645 165 31 Scripturas
609 2645 83 31 seu
656 2645 71 31 ex
691 2645 106 31 illis
762 2645 59 31 &
786 2645 142 31 secundum
892 2645 118 31 illas:
975 2645 71 31 ut

222 2676 190 37 tescimoniis
375 2676 190 37 illustribus
527 2676 127 37 Patrum
616 2676 63 37 &
641 2676 190 37 Conciliorum
793 2676 152 37 ostensum
907 2676 76 37 in
933 2676 76 37 Sym-

235 2699 110 41 (hinta
312 2699 144 41 Catholica
423 2699 99 41 primo
489 2699 121 41 capite,
577 2699 99 41 thesi
644 2699 133 41 secunda,
743 2699 121 41 tertiam
831 2699 110 41 quarta
909 2699 55 41 &
920 2699 99 41 quinta-

228 2736 141 38 Illasque
334 2736 235 38 interpretationes
534 2736 71 38 ab
569 2736 141 38 Ecclesia
675 2736 71 38 in
710 2736 153 38 Conciliis
828 2736 176 38 generalibus
957 2736 59 38 or-

227 2767 167 47 thodoxis,
355 2767 167 47 cujusmodi
484 2767 103 47 sunt
548 2767 115 47 prima
625 2767 218 47 vetustissima,
804 2767 77 47 ex
842 2767 167 47 Scriptura
958 2767 51 47 de

231 2808 136 40 promtus
330 2808 62 40 &
355 2808 161 40 fidelibus
479 2808 174 40 indicatas,
615 2808 74 40 ut
652 2808 87 40 par
702 2808 99 40 est,
764 2808 198 40 magnifacimus
925 2808 62 40 &
938 2808 74 40 Vin-

238 2834 122 41 centis
323 2834 171 41 Letinensis
458 2834 135 41 exemplo
556 2834 135 41 omnibus
654 2834 196 41 haereticorum
801 2834 220 41 interpretationi-

218 2869 90 36 bus
270 2869 207 36 praeferendas
425 2869 129 36 censemus

274 2907 111 39 VIII.
348 2907 123 39 Nomine
434 2907 123 39 igitur
520 2907 160 39 Ecclesiae
643 2907 123 39 verae,
729 2907 111 39 penes
803 2907 98 39 quam
864 2907 86 39 est
901 2907 123 39 potestas

235 2940 62 39 &
259 2940 87 39 jus
309 2940 212 39 interpretandi
484 2940 187 39 Scripturas,
634 2940 62 39 &
659 2940 162 39 judicandi
784 2940 75 39 de
809 2940 212 39 interpretatione

233 2973 251 38 controversiisque
447 2973 188 38 religionis,
597 2973 201 38 intelligimus
760 2973 88 38 non
811 2973 125 38 coetum
886 2973 138 38 malignan-

240 3005 113 34 cium,
316 3005 88 34 non
366 3005 164 34 praelatos
492 3005 227 34 Ecclesiasticos
681 3005 176 34 Pontificem
820 3005 138 34 Romanum
920 3005 88 34 pro
958 3005 63 34 ca-

238 3041 109 31 pite
307 3041 177 31 habentes,
443 3041 123 31 multo
525 3041 123 31 minus
607 3041 123 31 ipsum
689 3041 191 31 Pontificem
839 3041 150 31 Romanum
934 3041 82 31 sivi

240 3067 118 39 solum,
323 3067 94 39 sive
381 3067 82 39 cum
428 3067 82 39 suo
475 3067 153 39 concilio:
593 3067 82 39 sed
640 3067 118 39 coetum
722 3067 94 39 vere
781 3067 153 39 fidelium,
898 3067 106 39 solum
957 3067 59 39 Je-

231 3106 90 36 sum
283 3106 154 36 Christum
398 3106 90 36 pro
449 3106 128 36 capite
539 3106 205 36 agnoscentium
706 3106 141 36 ejusque
809 3106 128 36 solius
899 3106 116 36 vocem
963 3106 64 36 in-

234 3133 171 37 Scriptura
366 3133 132 37 divina
458 3133 158 37 sonantem
576 3133 198 37 sequentium.
734 3133 158 37 Exemplum
853 3133 92 37 est
905 3133 79 37 in
932 3133 92 37 libro

240 3172 124 40 Josuae
326 3172 124 40 capite
413 3172 247 40 vigesimosecundo,
623 3172 74 40 in
660 3172 87 40 quo
710 3172 124 40 coetus
796 3172 136 40 Jehovae
883 3172 136 40 congrega.

238 3203 84 48 tus
286 3203 84 48 est
334 3203 72 48 ad
370 3203 168 48 judicandum
502 3203 72 48 de
538 3203 72 48 eo
574 3203 96 48 quod
635 3203 180 48 Reubenitae,
779 3203 144 48 Gaditae,
887 3203 60 48 &
911 3203 96 48 pars
959 3203 60 48 di

1059 182 115 51 midia
1136 182 204 51 Manassitarum
1302 182 128 51 altate
1391 182 217 51 exstruxissent
1569 182 77 51 ad
1608 182 140 51 limites
1697 182 140 51 Jordanis.

1092 226 85 40 IX.
1140 226 73 40 De
1177 226 97 40 vero
1238 226 109 40 sensu
1311 226 61 40 &
1335 226 85 40 usu
1384 226 170 40 Scripturae
1518 226 61 40 &
1542 226 207 40 controversiis
1700 226 146 40 religionis

1068 267 135 38 udicare
1166 267 135 38 possunt
1264 267 110 38 etiam
1337 267 159 38 seculares
1460 267 159 38 Principes
1582 267 61 38 &
1595 267 159 38 Magistratus

1094 290 132 41 Primo,
1186 290 106 41 Quia
1252 290 119 41 etiam
1331 290 79 41 in
1371 290 132 41 Veteri
1463 290 198 41 Testamento,
1622 290 79 41 in
1661 290 92 41 quo
1714 290 119 41 jussu
1780 290 66 41 Dei

1056 319 125 42 certus
1143 319 150 42 Sacerdos
1256 319 125 42 summus
1343 319 188 42 constitutus
1493 319 113 42 erat.
1568 319 113 42 Reges
1643 319 63 42 &
1668 319 163 42 Principes
1781 319 63 42 se-

1063 362 129 35 culares
1157 362 70 35 de
1192 362 199 35 controversiis
1356 362 176 35 religionis,
1497 362 82 35 hoc
1544 362 94 35 est,
1603 362 106 35 inter
1673 362 106 35 veram
1743 362 59 35 &
1755 362 94 35 faliam

1063 399 173 36 religionem
1199 399 185 36 judicarunt,
1347 399 62 36 &
1372 399 74 36 eo
1409 399 124 36 nomine
1495 399 62 36 a
1520 399 136 36 Spiritu
1619 399 86 36 Dei
1668 399 173 36 laudantur,
1792 399 49 36 ut

1066 426 100 37 osua
1128 426 125 37 capite
1215 426 237 37 vigesimoquarto.
1415 426 112 37 Abija
1490 426 87 37 rex
1540 426 112 37 Judae
1615 426 137 37 secundo
1703 426 137 37 Chronico-

1059 461 90 34 rum
1110 461 218 34 decimotertio,
1290 461 166 34 versiculo
1418 461 141 34 octavo,
1520 461 64 34 &
1546 461 205 34 sequentibus.
1712 461 90 34 Asa
1750 461 90 34 eodem

1055 491 131 39 libro,
1147 491 79 39 c.
1186 491 210 39 decimoquarto
1357 491 66 39 &
1383 491 223 39 decimoquinto.
1567 491 158 39 Josahath
1685 491 92 39 cap
1725 491 118 39 decimo-

1059 524 138 39 septimo
1160 524 63 39 &
1185 524 188 39 decimonono.
1336 524 151 39 Ezechias
1449 524 126 39 capite
1537 524 201 39 vigesimonono
1700 524 63 39 &
1712 524 126 39 trigesi-

1049 559 155 35 moprimo.
1165 559 129 35 Josias
1256 559 129 35 capite
1346 559 245 35 trigesimoquarto
1552 559 65 35 &
1578 559 258 35 trigesimoquinto.
1784 559 65 35 Ne-

1060 593 136 38 chem:as
1159 593 124 38 capite
1246 593 198 38 decimotertio
1407 593 112 38 libri
1481 593 174 38 Nechemiae:
1618 593 161 38 Principes
1742 593 112 38 Judae
1804 593 37 38 &

1055 623 157 40 seniores
1173 623 131 40 populi
1264 623 144 40 tempore
1369 623 118 40 Regis
1447 623 183 40 Jehojalimi
1591 623 118 40 dijud
1670 623 105 40 cant
1722 623 118 40 causam,

1068 661 102 43 quae
1132 661 102 43 erat
1195 661 114 43 inter
1272 661 178 43 Sacerdotes
1411 661 64 43 &
1437 661 241 43 Pseudoprophetas
1640 661 64 43 &
1665 661 114 43 Jerem
1741 661 76 43 am
1767 661 76 43 Pro-

1066 689 124 41 phetam,
1156 689 113 41 Jerem.
1224 689 56 41 26.

1095 716 148 53 Secundo.
1206 716 99 53 Quia
1267 716 185 53 Imperatores
1415 716 172 53 Christiani
1550 716 86 53 pii
1600 716 62 53 &
1624 716 197 53 laudatissimi
1772 716 74 53 post

1056 750 149 53 Christum
1168 750 75 53 in
1205 750 112 53 carne
1280 750 162 53 exhibitum
1404 750 75 53 de
1442 750 174 53 religionis
1579 750 212 53 controversiis
1740 750 100 53 cogni-

1054 788 124 38 tionem
1141 788 199 38 susceperunt,
1302 788 62 38 &
1327 788 75 38 de
1364 788 87 38 eis
1414 788 224 38 pronunciarunt,
1600 788 75 38 ut
1638 788 75 38 Co
1675 788 162 38 stantinus
1787 788 62 38 Ma-

1052 825 106 35 gnus
1118 825 119 35 teste
1198 825 106 35 ejus
1264 825 159 35 epistola
1383 825 106 35 apud
1450 825 199 35 THEODORETVM
1609 825 172 35 historiae
1728 825 106 35 Eccle-

1060 846 158 59 siasticae
1181 846 109 59 libro
1254 846 121 59 primo,
1339 846 121 59 capite
1424 846 134 59 decimo,
1521 846 121 59 pagina
1606 846 182 59 ducentesima
1740 846 97 59 octoge

1053 885 95 39 sima
1113 885 119 39 sexta,
1196 885 154 39 Editionis
1314 885 131 39 Graecae
1409 885 154 39 Parisinae
1528 885 143 39 Roberti:
1635 885 131 39 tephani
1730 885 95 39 Anni
1778 885 71 39 mil-

1065 923 117 40 cesimi
1147 923 200 40 quingentesimi
1312 923 270 40 quadragesimiquarti,
1547 923 106 40 teste
1617 923 94 40 item
1676 923 153 40 epistolam
1781 923 59 40 Sy-

1062 957 134 37 nodali
1156 957 188 37 Ariminensi
1303 957 81 37 ad
1343 957 161 37 Augustum
1464 957 201 37 Constantium
1625 957 121 37 primo
1706 957 107 37 tomo
1759 957 81 37 ope-

1063 990 86 35 rum
1112 990 172 35 Athanasii,
1247 990 123 35 pagina
1333 990 197 35 sexcentesima
1493 990 283 35 septuagesimaseptima
1726 990 111 35 editio.

1057 1020 87 38 nis
1106 1020 223 38 Commelinianae.
1292 1020 161 38 Similiter
1416 1020 174 38 Theodosius
1553 1020 124 38 Mignus
1640 1020 161 38 referente
1751 1020 87 38 Socra

1060 1054 69 36 te
1094 1054 149 36 historiae
1208 1054 206 36 Ecclesiasticae
1380 1054 103 36 libro
1448 1054 126 36 quinto,
1540 1054 114 36 capite
1620 1054 126 36 decimo,
1711 1054 114 36 pagina
1780 1054 57 36 du-

1051 1087 155 37 centesima
1170 1087 274 37 quadragesimaquinta,
1409 1087 155 37 editionis
1528 1087 155 37 Parisinae
1647 1087 131 37 Graecae
1731 1087 119 37 Roberti-

1062 1119 155 50 Staphani,
1181 1119 119 50 Itidem
1265 1119 155 50 Martianus
1384 1119 167 50 Imperator;
1515 1119 72 50 vt
1551 1119 119 50 videre
1634 1119 83 50 est
1682 1119 72 50 in
1706 1119 143 50 actionibus

1069 1147 149 43 Concilii
1168 1147 199 43 Chalcedonensis

1083 1181 147 50 Tertrio,
1193 1181 98 50 Quia
1254 1181 183 50 Imperatores
1400 1181 110 50 leges
1474 1181 73 50 de
1510 1181 159 50 religione
1632 1181 61 50 &
1657 1181 98 50 fide
1706 1181 134 50 promulga-

1061 1214 98 44 runt,
1127 1214 66 44 ut
1159 1214 109 44 videre
1236 1214 77 44 est
1280 1214 66 44 in
1313 1214 109 44 Codice
1389 1214 98 44 juris
1444 1214 109 44 Civilis.

1082 1247 146 43 Quato,
1185 1247 117 43 Quia
1258 1247 219 43 Imperatorum
1433 1247 73 43 &
1463 1247 132 43 Regum
1550 1247 161 43 legibus
1667 1247 73 43 &
1682 1247 161 43 sententii

1070 1277 126 42 passim
1159 1277 126 42 causas
1247 1277 101 42 ndei
1310 1277 176 42 disceptant
1449 1277 139 42 ipsimet
1549 1277 164 42 Papistae.
1676 1277 139 42 Quorsum
1764 1277 88 42 autem

1056 1318 182 51 Imperatorum
1202 1318 61 51 &
1226 1318 109 51 Regum
1299 1318 170 51 testimonia
1433 1318 73 51 in
1469 1318 207 51 quaestionibus
1639 1318 122 51 fidei,
1724 1318 73 51 si
1761 1318 73 51 de
1785 1318 61 51 fi-

1059 1344 69 43 de
1094 1344 139 43 judicare
1198 1344 69 43 ad
1233 1344 81 43 eos
1279 1344 93 43 ihil
1326 1344 104 43 attinet

1106 1378 78 42 X.
1145 1378 143 42 Privati
1249 1378 117 42 etiam
1327 1378 156 42 homines,
1444 1378 130 42 maxime
1534 1378 117 42 docti
1612 1378 65 42 &
1638 1378 91 42 pii
1677 1378 169 42 intelligere

1059 1413 141 41 possunt
1162 1413 64 41 &
1188 1413 128 41 debent
1277 1413 180 41 Scripturam
1419 1413 141 41 Sacram,
1521 1413 141 41 ejusque
1624 1413 128 41 sensum
1701 1413 154 41 investiga-

1059 1451 74 34 re
1096 1451 61 34 &
1120 1451 172 34 edisserere
1255 1451 86 34 ubi
1304 1451 172 34 necessitas
1439 1451 61 34 &
1463 1451 147 34 officium
1573 1451 196 34 Christianum,
1733 1451 74 34 in
1757 1451 98 34 edenda

1065 1479 150 40 inprimis
1177 1479 188 40 confessione
1327 1479 63 40 &
1352 1479 150 40 reddenda
1465 1479 138 40 ratione
1565 1479 125 40 fidei,
1652 1479 75 40 in
1690 1479 138 40 privata
1777 1479 75 40 item

1070 1511 182 38 domesticorum
1217 1511 182 38 institutione
1365 1511 148 38 requirit:
1479 1511 102 38 sicut
1547 1511 57 38 &
1570 1511 68 38 de
1604 1511 102 38 sensu
1672 1511 159 38 Scripturae
1786 1511 57 38 ab-

1063 1546 111 39 aliis
1137 1546 136 39 allato,
1236 1546 86 39 imo
1285 1546 62 39 &
1310 1546 74 39 de
1347 1546 148 39 Pastorum
1458 1546 123 39 suorum
1544 1546 235 39 interpretatione
1742 1546 74 39 ad
1767 1546 86 39 Lydi-

1069 1580 71 39 um
1105 1580 129 39 lapidem
1199 1580 118 39 Sacrae
1281 1580 165 39 Scripturae
1411 1580 153 39 examinata
1528 1580 106 39 atque
1599 1580 71 39 de
1634 1580 200 39 controversiis
1787 1580 59 39 re-

1075 1610 130 46 igionis
1170 1610 142 46 judicare
1277 1610 130 46 possunt
1371 1610 59 46 &
1383 1610 107 46 debent.

1095 1651 76 38 I.
1133 1651 101 38 Quia
1197 1651 114 38 ipsis
1273 1651 76 38 id
1311 1651 76 38 ad
1349 1651 152 38 mandatum
1463 1651 89 38 est
1514 1651 63 38 a
1539 1651 101 38 Deo,
1602 1651 76 38 1.
1640 1651 152 38 Corinth.
1742 1651 114 38 decimo,

1061 1676 149 42 versiculo
1175 1676 195 42 decimoquinto,
1335 1676 69 42 Ut
1369 1676 217 42 intelligentibus
1553 1676 126 42 loquor,
1644 1676 137 42 judicute
1747 1676 80 42 vos
1781 1676 69 42 quod

1068 1716 78 43 n3.
1112 1716 89 43 Eph.
1168 1716 67 43 4.
1201 1716 67 43 v.
1234 1716 189 43 decimoquarto.
1390 1716 67 43 Ut
1423 1716 67 43 ne
1456 1716 100 43 simus
1523 1716 122 43 amplius
1612 1716 111 43 pueri,
1690 1716 78 43 qui
1723 1716 133 43 fluctuomus

1067 1751 57 31 &
1089 1751 195 31 circumferamur
1250 1751 115 31 quovis
1330 1751 103 31 vento
1399 1751 160 31 doctrinae,
1525 1751 69 31 in
1559 1751 126 31 hominum
1651 1751 103 31 alea,
1720 1751 80 31 per
1754 1751 92 31 vetera

1064 1780 113 33 toriam
1143 1780 68 33 ad
1177 1780 147 33 insidiose
1290 1780 147 33 fallendum
1403 1780 158 33 versutiam.
1527 1780 124 33 Philip.
1618 1780 113 33 primo,
1697 1780 147 33 versiculo
1798 1780 57 33 no-

1069 1816 79 34 no,
1114 1816 124 34 decimo.
1204 1816 68 34 Et
1238 1816 79 34 hoc
1283 1816 90 34 oro,
1339 1816 68 34 ut
1373 1816 135 34 charitas
1475 1816 113 34 vestra
1554 1816 101 34 adhuc
1621 1816 101 34 magis
1689 1816 68 34 ac
1723 1816 101 34 magis
1779 1816 79 34 exun-

1058 1850 74 40 det
1101 1850 63 40 in
1132 1850 148 40 cognitione
1248 1850 53 40 &
1269 1850 84 40 omni
1322 1850 105 40 sensu:
1396 1850 53 40 U
1417 1850 148 40 exploretis
1533 1850 84 40 quae
1585 1850 148 40 discrepant
1701 1850 63 40 ut
1733 1850 95 40 sitis
1786 1850 63 40 sint

1060 1877 88 38 cer,
1115 1877 55 38 &
1137 1877 142 38 inofferso
1246 1877 99 38 cursu
1312 1877 132 38 pergoiis
1411 1877 66 38 ad
1444 1877 77 38 dem
1487 1877 99 38 usque
1553 1877 121 38 Christi
1641 1877 66 38 I.
1674 1877 208 38 Thessalonicens.

1061 1917 126 33 quinto,
1152 1917 149 33 vigesimo,
1267 1917 207 33 vigesimoprimo.
1440 1917 161 33 Prophetias
1566 1917 69 33 ne
1600 1917 80 33 pro
1646 1917 115 33 nehilo
1727 1917 126 33 habere:
1807 1917 46 33 O-

1058 1941 88 39 mnia
1113 1941 99 39 explo
1179 1941 88 39 ate,
1234 1941 88 39 quod
1290 1941 99 39 vonum
1356 1941 110 39 fuerit
1433 1941 143 39 retinete.
1543 1941 66 39 1.
1576 1941 121 39 Johann.
1665 1941 121 39 quarto,
1742 1941 110 39 versicu-

1064 1972 60 46 lo
1094 1972 100 46 primo.
1164 1972 60 46 D.
1194 1972 100 46 lecti,
1264 1972 60 46 ne
1294 1972 100 46 cuivis
1364 1972 120 46 spiritui
1454 1972 80 46 cred
1505 1972 70 46 te,
1545 1972 70 46 sed
1585 1972 110 46 probate
1665 1972 120 46 spiritus
1755 1972 60 46 an
1785 1972 60 46 ex
1805 1972 50 46 Deo

1052 2006 66 44 sint.

1081 2037 82 45 2.
1122 2037 109 45 Quia
1190 2037 123 45 donum
1272 2037 218 45 intelligendi
1449 2037 273 45 interpretandique
1681 2037 191 45 Scripturas
1817 2037 41 45 &

1072 2069 141 41 udicandi
1178 2069 70 41 de
1213 2069 258 41 interpretationibus
1436 2069 59 41 &
1459 2069 199 41 controversiis
1623 2069 164 41 religionis
1752 2069 70 41 ad
1776 2069 70 41 cer-

1065 2110 91 32 tos
1117 2110 143 32 homines
1221 2110 182 32 ordinariam
1364 2110 65 32 &
1390 2110 156 32 publicam
1508 2110 182 32 functionem
1651 2110 78 32 in
1690 2110 156 32 Ecclesia
1794 2110 52 32 ob

1067 2140 140 46 euntes,
1169 2140 89 46 non
1220 2140 178 46 obstrictum
1359 2140 102 46 est,
1423 2140 114 46 multo
1499 2140 114 46 minus
1575 2140 76 46 ad
1613 2140 127 46 certam
1702 2140 140 46 aliquam
1791 2140 63 46 se-

1069 2168 87 42 dem
1118 2168 87 42 seu
1168 2168 162 42 cathedram
1292 2168 174 42 hominumque
1429 2168 199 42 successione,
1591 2168 137 42 gradus,
1690 2168 149 42 titulos,
1790 2168 62 42 au-

1069 2208 169 35 toritatem,
1201 2208 145 35 ordinem,
1310 2208 157 35 alligatum
1430 2208 96 35 est;
1491 2208 84 35 sed
1539 2208 193 35 distribuitur
1695 2208 120 35 cuivis
1768 2208 84 35 prout

1068 2237 72 42 Sp.
1109 2237 62 42 S.
1140 2237 93 42 vult,
1202 2237 82 42 Rom.
1253 2237 72 42 12.
1294 2237 62 42 6.
1325 2237 124 42 Habentes
1418 2237 93 42 autem
1480 2237 113 42 diversa
1562 2237 82 42 dona
1614 2237 72 42 pro
1655 2237 124 42 gratira,
1748 2237 82 42 quae
1789 2237 72 42 nobis

1062 2272 83 41 data
1113 2272 83 41 est,
1165 2272 83 41 sive
1216 2272 134 41 prophetia
1320 2272 155 41 prophetemus
1443 2272 72 41 pro
1485 2272 155 41 proportione
1608 2272 93 41 fidei
1670 2272 62 41 I.
1701 2272 83 41 Cor.
1753 2272 72 41 12.
1794 2272 62 41 7,
1815 2272 41 41 8.

1063 2304 148 37 Qnicuique
1176 2304 91 37 vero
1233 2304 102 37 datur
1301 2304 159 37 decluvatio
1426 2304 136 37 Spiritus
1528 2304 68 37 ad
1563 2304 170 37 utilitatem.
1699 2304 80 37 Nam
1744 2304 91 37 huic
1790 2304 68 37 qui-

1063 2336 75 40 dem
1106 2336 75 40 per
1149 2336 129 40 Spiritum
1246 2336 97 40 datur
1310 2336 97 40 sermo
1375 2336 161 40 supientiae,
1504 2336 86 40 alii
1557 2336 86 40 vero
1611 2336 97 40 sermo
1675 2336 161 40 cognitionis
1794 2336 64 40 per-

1054 2375 108 35 eundem
1130 2375 141 35 Spiritum.
1239 2375 174 35 Distribuitur
1380 2375 98 35 etiam
1445 2375 141 35 privatis,
1553 2375 87 35 Act.
1607 2375 76 35 17.
1651 2375 76 35 11.
1694 2375 76 35 Iis
1738 2375 98 35 autem
1792 2375 54 35 Ju-

1055 2406 90 41 daeis
1115 2406 70 41 qui
1155 2406 90 41 erant
1215 2406 170 41 Thessalonicae
1354 2406 110 41 fuerunt
1434 2406 80 41 isti
1484 2406 170 41 generosiores,
1624 2406 60 41 ut
1654 2406 70 41 qui
1693 2406 140 41 receperint
1793 2406 60 41 Ser-

1061 2436 99 38 monem
1127 2436 77 38 cum
1171 2436 88 38 omni
1227 2436 166 38 alacritate,
1359 2436 133 38 quotidie
1458 2436 166 38 examinantes
1591 2436 155 38 Scripturas
1712 2436 66 38 an
1746 2436 88 38 haec
1790 2436 66 38 ita;

1055 2471 64 45 sc
1087 2471 139 45 haberent.
1195 2471 86 45 Unde
1248 2471 107 45 fateri
1323 2471 118 45 cogitur
1409 2471 97 45 Bell.
1474 2471 86 45 lib.
1527 2471 64 45 3.
1559 2471 64 45 de
1592 2471 97 45 verbo
1656 2471 86 45 Dei,
1710 2471 86 45 cap.
1763 2471 64 45 3.
1785 2471 64 45 sect

1067 2505 76 40 12.
1110 2505 130 40 Spiritum
1208 2505 227 40 interpretationis,
1402 2505 65 40 de
1435 2505 76 40 quo
1478 2505 65 40 2.
1510 2505 97 40 Petr.
1575 2505 65 40 1.
1607 2505 76 40 20.
1651 2505 76 40 21.
1694 2505 97 40 sermo
1759 2505 76 40 est
1791 2505 65 40 mul-

1059 2532 83 45 tis
1107 2532 143 45 priuatis
1214 2532 155 45 hominibus
1333 2532 107 45 saepe
1392 2532 119 45 concedi-

1099 2557 75 52 3.
1136 2557 99 52 Quia
1198 2557 137 52 ipsorum
1297 2557 137 52 exempla
1397 2557 137 52 probata
1496 2557 99 52 idem
1558 2557 186 52 confirmant,
1707 2557 75 52 ut
1744 2557 99 52 Jos.
1794 2557 62 52 24.

1062 2597 134 45 legitur
1159 2597 134 45 populus
1257 2597 195 45 Israeliticus
1416 2597 171 45 religionis
1550 2597 122 45 nomine
1635 2597 183 45 convocatus.
1770 2597 85 45 Simi-

1069 2633 97 41 liter
1134 2633 65 41 1.
1166 2633 86 41 Reg.
1220 2633 76 41 18.
1264 2633 97 41 decem
1328 2633 108 41 tribus
1404 2633 140 41 Israelis,
1512 2633 65 41 ad
1545 2633 86 41 quas
1599 2633 130 41 Propheta
1696 2633 97 41 Elias
1761 2633 76 41 sic
1793 2633 54 41 lo-

1062 2670 101 40 quutus
1133 2670 71 40 est
1173 2670 61 40 v.
1203 2670 71 40 21.
1244 2670 121 40 Quousque
1334 2670 161 40 claudicaturi
1466 2670 91 40 estis
1526 2670 61 40 in
1556 2670 101 40 duabus
1627 2670 91 40 istis
1687 2670 121 40 cogitat:
1768 2670 91 40 onibust

1066 2702 65 40 si
1099 2702 108 40 Jehova
1174 2702 75 40 est
1217 2702 86 40 Deus
1271 2702 97 40 ipse,
1336 2702 140 40 sequimini
1443 2702 86 40 eum:
1497 2702 75 40 sic
1540 2702 97 40 autem
1605 2702 119 40 istorum
1691 2702 108 40 Behal,
1767 2702 108 40 sequi

1063 2736 93 36 mint
1121 2736 93 36 eum.
1179 2736 69 36 Et
1214 2736 69 36 v.
1249 2736 81 36 24.
1295 2736 116 36 audita
1376 2736 150 36 sponsione
1492 2736 104 36 Eliae
1561 2736 81 36 cum
1607 2736 150 36 Prophetis
1723 2736 127 36 Baalis,
1804 2736 58 36 re-

1063 2769 130 39 spondens
1161 2769 98 39 totus
1226 2769 119 39 populus
1313 2769 87 39 ille
1367 2769 141 39 dixerunt,
1475 2769 87 39 Bona
1530 2769 76 39 est
1573 2769 87 39 haec
1627 2769 87 39 res:
1681 2769 54 39 &
1703 2769 76 39 cum
1736 2769 119 39 vidissen-

1064 2804 168 39 vanitatem
1193 2804 142 39 Baalis,
1297 2804 168 39 potentiam
1426 2804 116 39 autem
1503 2804 142 39 Jehovae
1607 2804 65 39 e
1632 2804 116 39 coelo
1697 2804 155 39 demittenti

1065 2833 112 49 ignem
1139 2833 87 49 quo
1189 2833 187 49 holocaustum
1339 2833 112 49 Eliae
1413 2833 87 49 cum
1463 2833 137 49 lignis,
1563 2833 174 49 lapidibus,
1700 2833 137 49 pulvere
1787 2833 75 49 ipso

1065 2868 60 40 &
1089 2868 107 40 aquam
1161 2868 107 40 circa
1232 2868 119 40 altare
1316 2868 96 40 fusa
1375 2868 167 40 consumtum,
1507 2868 179 40 prociderunt
1650 2868 72 40 in
1686 2868 119 40 faciem
1769 2868 96 40 suam
1817 2868 36 40 &

1077 2906 133 40 ixerune,
1177 2906 111 40 Jehova
1254 2906 89 40 ipse
1310 2906 89 40 Deus
1365 2906 89 40 est,
1421 2906 111 40 Jehova
1498 2906 89 40 ipse
1554 2906 89 40 Deus
1609 2906 89 40 est.
1664 2906 111 40 Obadia
1731 2906 133 40 praefectus

1064 2936 108 34 domo
1131 2936 94 34 seu
1185 2936 162 34 magister
1306 2936 121 34 aulae
1387 2936 148 34 Achabi,
1495 2936 81 34 de
1536 2936 94 34 quo
1590 2936 121 34 primo
1671 2936 121 34 Regum
1738 2936 135 34 decimoo-

1065 2968 105 40 ctavo
1135 2968 70 40 v.
1170 2968 70 40 3.
1205 2968 93 40 erat
1264 2968 117 40 timens
1345 2968 128 40 Jehovae
1438 2968 117 40 valde;
1520 2968 58 40 &
1543 2968 117 40 septem
1625 2968 117 40 millia
1695 2968 163 40 Israelitatum

1066 3004 80 35 non
1111 3004 171 35 curvaverunt
1248 3004 102 35 genua
1316 3004 114 35 Baali,
1396 3004 68 35 ut
1430 3004 137 35 testatur
1532 3004 91 35 Deus
1589 3004 68 35 1.
1623 3004 91 35 Reg.
1680 3004 80 35 19.
1725 3004 68 35 v.
1760 3004 80 35 18.
1794 3004 68 35 pro-

1073 3038 89 32 cul
1124 3038 114 32 dubio
1200 3038 102 32 quia
1264 3038 190 32 judicarunt,
1416 3038 127 32 Baalem
1505 3038 102 32 quem
1568 3038 89 32 tex
1619 3038 63 32 &
1645 3038 140 32 regina,
1746 3038 102 32 quem
1797 3038 76 32 Pro-

1080 3068 125 40 phetae
1167 3068 199 40 quadringenti
1329 3068 62 40 &
1353 3068 212 40 quinquaginta,
1528 3068 162 40 Prophetae
1652 3068 125 40 quoque
1739 3068 100 40 luci
1789 3068 75 40 qua-

1080 3098 154 46 dringenti
1198 3098 165 46 comedentes
1328 3098 59 46 e
1352 3098 106 46 mensa
1423 3098 154 46 Izebelae,
1541 3098 95 46 quem
1600 3098 130 46 caeteri
1695 3098 165 46 Israelitae
1813 3098 59 46 co-

1083 3138 128 38 sebant,
1177 3138 82 38 non
1223 3138 93 38 esse
1282 3138 105 38 verum
1352 3138 105 38 Deum,
1422 3138 82 38 sed
1468 3138 105 38 solum
1539 3138 140 38 Jehovam.
1644 3138 93 38 Act.
1702 3138 82 38 15.
1749 3138 70 38 v.
1784 3138 82 38 22.
1819 3138 58 38 23.

1085 3171 84 39 Tunc
1138 3171 126 39 visumest
1233 3171 137 39 Apostolis
1338 3171 53 39 &
1359 3171 158 39 presbyteris
1486 3171 74 39 tum
1528 3171 84 39 tota
1581 3171 137 39 Ecclesia,
1686 3171 126 39 delectos
1781 3171 63 39 ex
1802 3171 63 39 sele

1081 3205 112 52 viros
1155 3205 137 52 mittere
1255 3205 162 52 Antiochid
1380 3205 87 52 cum
1429 3205 112 52 Paulo
1504 3205 62 52 &
1529 3205 199 52 Barnubamempe
1691 3205 112 52 Judam
1766 3205 87 52 qui
1803 3205 75 52 cog
