2063 3515
226 179 171 64 nominabatur
362 179 148 64 Barsabas,
476 179 57 64 &
499 179 102 64 Silam
567 179 102 64 viros
636 179 148 64 primarios
749 179 102 64 inter
818 179 137 64 fratres:
920 179 102 64 Istis
977 179 57 64 pe-

230 221 102 52 torum
298 221 102 52 manum
366 221 148 52 scriptis:
479 221 136 52 Apostoli
582 221 57 52 &
604 221 159 52 Presbyteri
729 221 57 52 &
752 221 136 52 fratres,
854 221 79 52 iis
899 221 79 52 qui
945 221 91 52 sunt
990 221 57 52 An-

220 258 122 52 tiochis
309 258 56 52 &
331 258 67 52 in
364 258 100 52 Syria
431 258 56 52 &
453 258 67 52 in
487 258 122 52 Cilicia
576 258 156 52 fratribus,
698 258 78 52 qui
743 258 89 52 sunt
798 258 67 52 ex
832 258 145 52 Gentibus,
932 258 111 52 salutem,

230 288 76 53 &c.
273 288 86 53 Act.
327 288 97 53 1711.
392 288 151 53 Ecrocenses
511 288 130 53 quotidie
608 288 130 53 scrutati
705 288 86 53 sunt
759 288 162 53 Scripturas,
889 288 65 53 an
921 288 119 53 haecita
997 288 43 53 se

224 325 154 52 haherent
340 325 115 52 nempe
417 325 103 52 quae
481 325 128 52 Paulus
570 325 167 52 Apostolus
699 325 154 52 docebat.
814 325 77 52 In
852 325 154 52 Consilio
955 325 77 52 Car-

228 358 185 56 thaginensi,
376 358 111 56 cuius
449 358 160 56 praesidem
573 358 160 56 Cyprianus
696 358 111 56 egit,
770 358 148 56 convenit
881 358 86 56 cum
918 358 123 56 Episcopi

232 393 186 57 presbyteris
380 393 62 57 &
405 393 161 57 diaconis,
529 393 124 57 plebis
616 393 124 57 maxima
702 393 111 57 pars,
777 393 74 57 ut
814 393 161 57 praefatio
925 393 124 57 Concilii

224 429 132 50 illius
316 429 171 50 testatur.
448 429 79 50 Ad
487 429 145 50 Synodum
593 429 145 50 Nicenam
698 429 119 50 illam
777 429 237 50 laudatissimam,
962 429 79 50 quam

233 461 189 53 Constantinus
386 461 118 53 Magnus
469 461 165 53 indixerat,
599 461 106 53 multi
669 461 106 53 etiam
740 461 106 53 laici
811 461 153 53 venerunt,
929 461 94 53 viri
976 461 59 53 do-

235 498 83 50 cti
283 498 59 50 &
306 498 166 50 eloquentes
437 498 59 50 &
461 498 143 50 sacrarum
568 498 154 50 literarum
687 498 131 50 peritia
782 498 119 50 clari,
865 498 107 50 teste
924 498 131 50 Nicephoro

236 548 86 41 libro
294 548 58 41 8.
323 548 77 41 cap.
361 548 48 41 14.

265 564 76 62 4.
303 564 101 62 Quia
366 564 114 62 ipsis
442 564 152 62 mandatum
556 564 101 62 est,
619 564 76 62 ut
657 564 101 62 sibi
720 564 76 62 ab
758 564 139 62 omnibus
847 564 190 62 seductoribus,

234 608 223 43 Pseudoprophetis
422 608 59 43 &
446 608 117 43 falsis
528 608 164 43 doctoribus
657 608 141 43 caveant,
763 608 106 43 Deut.
833 608 82 43 13.
880 608 70 43 v.
916 608 70 43 3.
951 608 70 43 Ne
974 608 59 43 au-

219 642 134 52 scultato
319 642 112 52 verbis
398 642 145 52 Prophetae
509 642 123 52 istius,
599 642 78 52 aut
644 642 89 52 isti
699 642 145 52 somnianti
811 642 123 52 somnium
901 642 112 52 Matth.
979 642 67 52 7.
1001 642 45 52 v.

226 674 80 47 15.
271 674 114 47 Cavete
351 674 102 47 vobis
419 674 57 47 a
442 674 227 47 Pseudoprophetis.
635 674 91 47 Rom.
692 674 80 47 16.
737 674 102 47 vers.
805 674 80 47 17.
851 674 114 47 Precor
930 674 102 47 autem
987 674 57 47 vos

235 709 130 50 fratres,
332 709 65 50 ut
365 709 151 50 observetis
484 709 162 50 dissidiorum
614 709 54 50 &
635 709 195 50 offendiculorum
797 709 119 50 autores
884 709 108 50 contra
949 709 97 50 doctri-

236 742 72 52 nam
277 742 82 52 quam
328 742 72 52 vos
369 742 153 52 didicistis:
491 742 51 52 &
512 742 143 52 declinetis
624 742 61 52 ab
655 742 82 52 eis.
706 742 61 52 I.
736 742 123 52 Johan.4.
828 742 92 52 vers.
890 742 61 52 1.
920 742 61 52 2.
941 742 102 52 Dilecti,

235 776 65 50 ne
268 776 109 50 cuivis
344 776 130 50 spiritui
442 776 130 50 credite,
539 776 76 50 sed
583 776 119 50 probate
670 776 130 50 spiritus
767 776 65 50 an
800 776 65 50 ex
833 776 76 50 Deo
876 776 98 50 sint:
941 776 76 50 nam
974 776 65 50 mult

228 811 229 58 pseudoprophetae
421 811 145 58 venerunt
529 811 72 58 in
566 811 133 58 mundum.
662 811 72 58 Ex
698 811 84 58 hoc
747 811 169 58 cognoscite
879 811 84 58 Dei
915 811 133 58 spiritum:

230 853 153 54 quitunque
348 853 141 54 spiritus
454 853 165 54 profitetur
584 853 94 54 Jsum
643 853 141 54 Christum
749 853 71 54 in
784 853 118 54 carnem
866 853 141 54 venisse,
973 853 71 54 ex
996 853 59 54 Deo

239 880 77 49 est
283 880 66 49 2.
316 880 110 49 Johan.
393 880 66 49 v.
426 880 66 49 7.
459 880 55 49 &
481 880 176 49 sequentibus:
624 880 77 49 Nam
667 880 99 49 multi
733 880 154 49 impostores
854 880 132 49 ingressi
953 880 88 49 sunt
997 880 55 49 in-

237 919 174 42 mundum,,qui
376 919 81 42 non
423 919 174 42 profitentur
562 919 104 42 Iesum
631 919 139 42 Christum
735 919 127 42 venisse
828 919 69 42 in
863 919 116 42 carne.
944 919 81 42 Hic
979 919 69 42 ille

238 952 76 43 est
282 952 131 43 impostor
380 952 54 43 &
401 952 185 43 Antichristus:
554 952 141 43 Respicite
662 952 141 43 vosipsos,
771 952 65 43 ne
804 952 131 43 perdamus
902 952 87 43 quae
945 952 98 43 egimus.

239 991 81 51 sed
285 991 69 51 ut
319 991 138 51 mercedem
423 991 115 51 plenam
503 991 173 51 recipiamus,
630 991 58 51 &c.

271 1021 72 54 5.
307 1021 96 54 Quia
367 1021 96 54 sunt
426 1021 96 54 oves
486 1021 131 54 Christi
582 1021 96 54 quae
642 1021 108 54 vocem
713 1021 131 54 Christi
809 1021 108 54 nosse
881 1021 60 54 &
905 1021 120 54 audire
976 1021 60 54 de-

234 1061 99 41 bent,
300 1061 77 41 non
344 1061 99 41 autem
411 1061 144 41 alienorum
521 1061 110 41 Johan.
598 1061 77 41 10.
643 1061 66 41 v.
676 1061 77 41 3,.
720 1061 66 41 4,
753 1061 66 41 5.
786 1061 121 41 Necesse
874 1061 77 41 est
919 1061 110 41 igitur
985 1061 55 41 cu-

245 1092 88 44 tam
296 1092 76 44 ab
334 1092 114 44 illis
410 1092 164 44 adhiberi,
536 1092 76 44 ut
574 1092 114 44 vocem
650 1092 139 44 Christi
751 1092 63 44 &
776 1092 164 44 alienorum
889 1092 152 44 discernant

240 1126 76 52 ex
278 1126 165 52 Scriptura
406 1126 115 52 Sacra
482 1126 76 52 ac
520 1126 165 52 nequaquam
648 1126 178 52 autoritate
787 1126 127 52 humana
877 1126 191 52 acquiescat:

279 1163 73 42 6.
315 1163 98 42 Quia
376 1163 134 42 ipsorum
474 1163 110 42 salus
547 1163 134 42 aeterna
645 1163 134 42 agitur.
743 1163 110 42 Atqui
816 1163 73 42 ab
853 1163 134 42 omnibus
938 1163 98 42 tracta

244 1190 74 50 ri
281 1190 62 50 &
305 1190 160 50 approbari
429 1190 123 50 debet,
515 1190 99 50 quod
577 1190 111 50 omnes
651 1190 136 50 tangit,
750 1190 86 50 ait
799 1190 123 50 Glossa
885 1190 111 50 Juris
947 1190 111 50 Canoni-

246 1231 69 45 ci
281 1231 138 45 dist.96.
385 1231 69 45 ad
419 1231 138 45 Canonem,
523 1231 115 45 Ubinam
592 1231 115 45 legistis

288 1263 73 47 Ex
324 1263 86 47 his
373 1263 98 47 quae
435 1263 110 47 dicta
508 1263 98 47 sunt
569 1263 147 47 hactenus
679 1263 159 47 sequitur,
801 1263 98 47 quod
850 1263 196 47 interpretatio-

244 1301 160 41 Scripturae
369 1301 68 41 ex
403 1301 114 41 causis
483 1301 194 41 efficientibus
643 1301 80 41 sit
688 1301 125 41 duplex,
780 1301 114 41 divina
860 1301 57 41 &
871 1301 114 41 humaena.

273 1334 208 42 Interpretatio
444 1334 134 42 divina,
542 1334 86 42 est
591 1334 98 42 quae
652 1334 110 42 habet
725 1334 134 42 autorem
823 1334 98 42 Deum
884 1334 73 42 in
909 1334 134 42 Scriptura

233 1373 111 38 ipsa
303 1373 97 38 per
358 1373 181 38 Prophetas
497 1373 70 38 &
525 1373 181 38 Apostolos
664 1373 181 38 loquentem
803 1373 70 38 &
831 1373 125 38 ipsam
901 1373 139 38 exponen-

244 1405 99 37 tem:
306 1405 99 37 quis
368 1405 99 37 enim
430 1405 137 37 rectius
529 1405 62 37 &
554 1405 137 37 certius
654 1405 124 37 sensum
741 1405 87 37 Dei
790 1405 137 37 noverit
890 1405 62 37 &
915 1405 112 37 nobis
977 1405 62 37 ex-

236 1436 162 50 posuerit,
360 1436 100 50 quam
422 1436 100 50 Deus
472 1436 87 50 ipse;

281 1468 114 45 Humana
361 1468 194 45 interpretatio
520 1468 160 45 Scripturae
646 1468 126 45 Sacrae,
738 1468 80 45 est
783 1468 91 45 quae
840 1468 103 45 habet
909 1468 126 45 autores
989 1468 57 45 ho-

241 1508 112 40 mines
315 1508 100 40 sive
377 1508 162 40 singulos,
502 1508 124 40 veluti
589 1508 149 40 Origenem
701 1508 174 40 Ambrosium,
838 1508 187 40 Hieronymum,
975 1508 62 40 Au-

237 1540 159 44 gustinum,
359 1540 86 44 &c.
408 1540 98 44 sive
470 1540 123 44 plures
555 1540 123 44 simul,
641 1540 123 44 utpote
727 1540 74 44 in
764 1540 159 44 Conciliis
886 1540 184 44 congregatos
1021 1540 37 44 &

238 1574 172 40 Scripturae
373 1574 246 40 interpretationem
582 1574 160 40 tradentes
704 1574 74 40 in
741 1574 147 40 symbolis
852 1574 86 40 vel
889 1574 147 40 Confessio-

237 1609 109 40 nibus
309 1609 109 40 fidei
382 1609 84 40 vel
430 1609 109 40 aliis
502 1609 229 40 expositionibus.
695 1609 157 40 Nominatur
816 1609 109 40 etiam
876 1609 157 40 interpreta-

237 1642 85 41 tio
285 1642 85 41 seu
334 1642 158 41 expositio
455 1642 218 41 Ecclesiastica:
637 1642 61 41 &
661 1642 158 41 pertinent
782 1642 73 41 ad
819 1642 85 41 eam
867 1642 85 41 tum
904 1642 133 41 commenta-

242 1674 79 43 rii
287 1674 67 43 in
320 1674 123 43 literas
410 1674 123 43 sacras,
500 1674 79 43 tum
545 1674 101 43 omnes
612 1674 90 43 alii
668 1674 101 43 libri
735 1674 79 43 qui
780 1674 67 43 de
814 1674 146 43 religione
926 1674 135 43 tractant

247 1710 102 38 post
311 1710 166 38 Prophetas
439 1710 64 38 &
464 1710 166 38 Apostolos
592 1710 64 38 a
617 1710 166 38 quocunque
732 1710 166 38 conscripti-

279 1741 119 44 Humana
362 1741 202 44 interpretatio
528 1741 166 44 Scripturae
659 1741 119 44 Sacrae
742 1741 83 44 est
789 1741 130 44 duplex,
884 1741 95 44 alia
931 1741 107 44 publica

232 1774 93 51 alia
279 1774 116 51 privata.

268 1804 148 48 Publita,
379 1804 87 48 est
428 1804 99 48 quae
490 1804 136 48 publico
589 1804 62 48 &
614 1804 136 48 communi
713 1804 161 48 Ecclesiae
836 1804 161 48 consilio,
947 1804 87 48 volum

243 1845 94 46 tate
302 1845 59 46 &
325 1845 117 46 nomine
407 1845 82 46 est
443 1845 105 46 scripta

273 1871 113 58 Estque
352 1871 125 58 duplex:
443 1871 147 58 Catholica
556 1871 79 58 vel
590 1871 159 58 particularis

267 1917 150 36 Catholica
383 1917 81 36 seu
429 1917 185 36 universalis,
580 1917 81 36 est
626 1917 93 36 quae
684 1917 116 36 totius
765 1917 174 36 Christianae
904 1917 58 36 &
915 1917 116 36 orthodo-

235 1949 83 42 xae
283 1949 167 42 Ecclesiae,
414 1949 83 42 per
461 1949 155 42 uniuersum
580 1949 143 42 terrarum
688 1949 107 42 orbem
759 1949 143 42 sparsae,
866 1949 155 42 consensu,
973 1949 60 42 ju-

233 1981 117 45 dicio
311 1981 65 45 &
337 1981 130 45 nomine
428 1981 143 45 scripta
532 1981 65 45 &
558 1981 195 45 promulgata,
713 1981 143 45 recepta
817 1981 65 45 &
843 1981 169 45 approbata
960 1981 78 45 est:

238 2017 124 39 qualis
324 2017 87 39 est
374 2017 74 39 in
411 2017 149 39 symbolis
523 2017 62 39 &
548 2017 223 39 confessionibus
734 2017 99 39 idei
796 2017 174 39 Catholicis
933 2017 62 39 a
945 2017 87 39 Syno-

227 2051 90 44 dis
279 2051 193 44 Oecumenicis
433 2051 155 44 traditis
549 2051 90 44 vel
601 2051 193 44 approbatis,
755 2051 142 44 nimirum
858 2051 142 44 Symbolo
949 2051 77 44 Apo-

232 2083 132 40 stolico,
331 2083 121 40 Niceno,
420 2083 177 40 Athanasiano,
563 2083 143 40 Ephesino,
673 2083 188 40 Chalcedonensi
817 2083 55 40 &c.

261 2117 201 44 Particularis,
427 2117 83 44 est
474 2117 95 44 quae
534 2117 59 44 a
557 2117 213 44 particularibus
735 2117 142 44 duntaxat
841 2117 166 44 Ecclesiis,
960 2117 59 44 siu

232 2152 95 40 una,
292 2152 95 40 sive
351 2152 143 40 pluribus
458 2152 83 40 est
505 2152 119 40 edita:
588 2152 119 40 qualis
672 2152 83 40 est
719 2152 71 40 in
755 2152 178 40 confessione
885 2152 143 40 Augustana,

220 2190 156 42 Helvetica,
342 2190 67 42 B.
375 2190 122 42 hemica,
464 2190 133 42 Gallica,
564 2190 133 42 Anglica,
664 2190 167 42 Basiliensi,
798 2190 67 42 in
831 2190 144 42 articulis
931 2190 100 42 Schmal-

226 2226 143 44 caldicis,
336 2226 66 44 in
369 2226 99 44 Cateh
435 2226 99 44 sibus
491 2226 154 44 Ecclesiarum.

262 2249 121 44 Privata
350 2249 99 44 inter
416 2249 132 44 pretatio
515 2249 154 44 Scripturae
636 2249 121 44 Sacrae,
725 2249 77 44 est
769 2249 88 44 quae
824 2249 121 44 privato
912 2249 99 44 unius
967 2249 55 44 ve-

231 2292 131 36 plurium
327 2292 155 36 consilio,
446 2292 155 36 voluntate
565 2292 60 36 &
589 2292 119 36 nomine
673 2292 107 36 facta
744 2292 84 36 seu
792 2292 131 36 scripta
888 2292 96 36 est:
935 2292 84 36 quali

228 2325 81 45 est
275 2325 151 45 Ambrosii,
391 2325 116 45 Aujust
472 2325 81 45 ni,
519 2325 139 45 Gregorii
623 2325 116 45 Magni,
704 2325 128 45 Martini
797 2325 139 45 Lutheri,
902 2325 139 45 Philipti

225 2359 142 38 Melanchi
332 2359 118 38 honis,
415 2359 142 38 Johannis
521 2359 201 38 Oecolampadii,
687 2359 142 38 Johannis
794 2359 142 38 Caluvini
901 2359 107 38 Petri
960 2359 59 38 Mar

217 2395 117 47 tyris,
299 2395 140 47 Theodovi
404 2395 105 47 Bexs,
475 2395 82 47 &c.
521 2395 82 47 Huc
568 2395 129 47 referri
662 2395 117 47 debent
743 2395 105 47 fidei
814 2395 187 47 confessiones
954 2395 70 47 pri-

230 2426 110 50 ratae,
307 2426 110 50 qualis
384 2426 77 50 est
428 2426 143 50 Hieronymi
527 2426 110 50 &inchii.

245 2468 164 35 ADQUiNTAM
372 2468 202 35 quaestionem,
536 2468 101 35 Quae
599 2468 88 35 est
650 2468 114 35 norma
725 2468 215 35 interpretandi
890 2468 126 35 Scriptu-

227 2498 74 42 ram
270 2498 53 42 &
291 2498 138 42 judicandi
398 2498 64 42 de
429 2498 202 42 interpretatione
600 2498 149 42 Scripturae
717 2498 117 42 Sacrae,
802 2498 106 42 verane
876 2498 74 42 sit
919 2498 64 42 an
940 2498 85 42 falsa.

246 2530 177 45 RESPOND.
379 2530 133 45 Norma
467 2530 250 45 interpretandi
673 2530 206 45 Scripturam
835 2530 74 45 &
850 2530 162 45 judicand.

221 2557 68 52 de
255 2557 215 52 interpretatione
436 2557 159 52 Scripturae
561 2557 113 52 Sacrae
640 2557 113 52 verane
719 2557 79 52 sit
764 2557 68 52 an
798 2557 113 52 falsa,
878 2557 79 52 est
923 2557 125 52 ipsamet

222 2602 160 40 Scriptura
345 2602 111 40 Sacra
419 2602 99 40 quae
481 2602 86 40 vox
530 2602 86 40 Dei
580 2602 99 40 est.
641 2602 173 40 Quaecunque
777 2602 99 40 enim
827 2602 198 40 interpretatio-

213 2638 158 36 consentit
334 2638 85 36 cum
383 2638 170 36 Scriptura,
516 2638 97 36 illa
577 2638 85 36 est
626 2638 97 36 vera
686 2638 61 36 &
711 2638 73 36 ex
747 2638 97 36 Deo:
808 2638 170 36 quaecunque
941 2638 73 36 ab
965 2638 49 36 ex

214 2668 162 39 dissentit,
342 2668 81 39 est
388 2668 104 39 falsa
458 2668 58 39 &
481 2668 81 39 non
528 2668 81 39 est
574 2668 70 39 ex
609 2668 93 39 Deo.
667 2668 81 39 Sic
713 2668 93 39 enim
771 2668 116 39 aperte
853 2668 104 39 docet
911 2668 104 39 Jesaia.

217 2708 113 38 capite
296 2708 113 38 octavo
375 2708 147 38 versiculo
489 2708 147 38 vigesimo.
602 2708 68 38 Ad
636 2708 102 38 legem
704 2708 57 38 &
726 2708 68 38 ad
760 2708 193 38 testimor:ium,
919 2708 68 38 si
953 2708 91 38 quis

213 2738 80 36 non
258 2738 126 36 dixerit
350 2738 138 36 secundum
454 2738 115 36 verbum
534 2738 92 36 hoc,
592 2738 80 36 non
638 2738 92 36 erit
695 2738 69 36 ei
730 2738 138 36 matutina
833 2738 92 36 lux.
891 2738 69 36 Et
914 2738 103 36 Abraha-

220 2773 83 45 mus
267 2773 95 45 Luc.
327 2773 83 45 16.
374 2773 83 45 29.
421 2773 106 45 Habet
492 2773 106 45 Mosen
563 2773 59 45 &
587 2773 165 45 Prophetas:
717 2773 130 45 audiant
811 2773 83 45 eos
859 2773 142 45 Johannes
953 2773 71 45 pri-

214 2811 70 39 ma
249 2811 152 39 epistola,
366 2811 117 39 capite
448 2811 128 39 quarto,
541 2811 105 39 versu
611 2811 117 39 sexto:
692 2811 82 39 Nos
739 2811 70 39 ex
774 2811 82 39 Deo
821 2811 117 39 sumus:
902 2811 82 39 qui
937 2811 82 39 novit

214 2837 102 43 Deum,
282 2837 102 43 audit
350 2837 91 43 nos,
407 2837 80 43 qui
452 2837 80 43 non
498 2837 80 43 est
543 2837 68 43 ex
578 2837 91 43 Deo,
634 2837 80 43 non
680 2837 102 43 judit
748 2837 91 43 nos,
805 2837 68 43 ex
839 2837 80 43 hoc
873 2837 148 43 cognoscimus

214 2874 149 43 Spiritum
326 2874 162 43 veritatis
450 2874 62 43 &
475 2874 149 43 spiritum
587 2874 149 43 erreris.
699 2874 149 43 Doctrina
811 2874 187 43 Prophetarum
960 2874 62 43 &
972 2874 50 43 A-

224 2913 186 37 postolorum
370 2913 93 37 est
423 2913 133 37 certus
515 2913 119 37 sermo
595 2913 106 37 Dei,
661 2913 106 37 quem
727 2913 172 37 universis
860 2913 133 37 totius
939 2913 93 37 mundi

223 2941 170 43 suffragiis
356 2941 121 43 secure
441 2941 145 43 opponere
550 2941 133 43 necesse
647 2941 97 43 est,
707 2941 61 43 &
731 2941 97 43 inde
792 2941 157 43 veritatem
913 2941 61 43 a
925 2941 85 43 menda

226 2972 85 43 cio
274 2972 194 43 distinguere.
432 2972 109 43 Sermo
504 2972 109 43 autem
577 2972 97 43 ille
638 2972 121 43 absque
722 2972 97 43 ulla
783 2972 182 43 dubitatione
928 2972 85 43 est
964 2972 61 43 in-

224 3007 113 43 Sacra
300 3007 176 43 Scriptura.
438 3007 176 43 Quaecunque
576 3007 125 43 igitur
664 3007 213 43 interpretatio
839 3007 100 43 loci
890 3007 125 43 alicujus

230 3042 158 38 Scripturae
354 3042 147 38 consentit
467 3042 79 38 cum
512 3042 102 38 Sacra
580 3042 158 38 Scriptura,
705 3042 90 38 illa
761 3042 79 38 est
806 3042 102 38 vera:
874 3042 90 38 quae
920 3042 90 38 dissem

227 3081 81 34 tit
273 3081 58 34 a
296 3081 104 34 Sacra
365 3081 161 34 Scriptria,
491 3081 81 34 est
537 3081 104 34 falsa
606 3081 69 34 ac
641 3081 173 34 repudianda.
779 3081 92 34 Illa
836 3081 104 34 autem
894 3081 127 34 consentit

214 3111 87 41 cum
263 3111 112 41 Sacra
338 3111 175 41 Scriptura,
476 3111 100 41 quae
538 3111 112 41 omnem
613 3111 125 41 laudem
701 3111 137 41 salutis
801 3111 137 41 nostrae
888 3111 125 41 aeterna.

211 3142 78 45 in
250 3142 143 45 solidum
354 3142 91 45 Deo
406 3142 143 45 tribuit
510 3142 65 45 &
536 3142 130 45 homini
626 3142 143 45 prorsus
730 3142 143 45 adimit:
834 3142 104 45 illa
899 3142 104 45 vero
951 3142 65 45 non

216 3181 172 41 consentit
348 3181 92 41 cum
401 3181 119 41 Sacra
480 3181 185 41 Sctiptura,
625 3181 185 41 quaecunque
770 3181 92 41 vel
823 3181 145 41 minimam
915 3181 106 41 partem

226 3212 127 45 gloriae
319 3212 127 45 salutis
411 3212 127 45 nostrae
504 3212 139 45 aeternae
608 3212 116 45 homini
689 3212 162 45 adscribit,
816 3212 69 45 ut
851 3212 104 45 docet
908 3212 116 45 Christus

217 3246 136 41 Johannis
319 3246 136 41 septimo,
421 3246 102 41 vers.
489 3246 80 41 18.
535 3246 80 41 Qui
580 3246 57 41 a
603 3246 250 41 simetipsoloquitur,
819 3246 125 41 gloriam
898 3246 114 41 propriam

214 3287 130 45 quaerit:
311 3287 76 45 qui
355 3287 97 45 aunem
420 3287 119 45 quaerit
506 3287 119 45 gloriam
592 3287 86 45 ejus
647 3287 76 45 qui
690 3287 97 45 misit
755 3287 108 45 ipsum,
830 3287 76 45 his
873 3287 97 45 verax
938 3287 86 45 est,
982 3287 32 45 &

216 3314 137 55 injustitia
324 3314 59 55 in
353 3314 59 55 es
382 3314 68 55 non
411 3314 59 55 est.

1116 178 184 43 ADSEXTAM
1254 178 230 43 quaestionem
1438 178 215 43 responsio,
1606 178 138 43 Media
1698 178 215 43 inveniendi
1852 178 61 43 r-

1098 221 88 34 lum
1149 221 175 34 Scripturae
1286 221 125 34 Sacrae
1374 221 125 34 sensum
1462 221 63 34 &
1487 221 100 34 usum
1549 221 113 34 nobis
1624 221 100 34 sunt
1687 221 175 34 triplicia:
1812 221 113 34 quaedam

1096 255 180 35 praecedunt
1238 255 180 35 Scripturae
1379 255 219 35 meditationem,
1559 255 142 35 quaedam
1662 255 167 35 adhibenda
1791 255 103 35 sunt
1843 255 64 35 in-

1088 280 105 50 ipsa
1153 280 209 50 meditatione,
1323 280 144 50 quaedam
1428 280 209 50 subsequuntur
1598 280 170 50 lectionem
1729 280 65 50 &
1742 280 183 50 meditatione.

1121 317 115 38 Media
1198 317 205 38 meditationem
1365 317 179 38 Scripturae
1506 317 205 38 praecedentia
1672 317 103 38 haec
1736 317 115 38 sunt,

1118 354 80 40 I.
1158 354 119 40 Firma
1237 354 186 40 persuasio,
1383 354 119 40 verum
1462 354 186 40 solidumque
1608 354 186 40 Scripturae
1754 354 133 40 sensum
1847 354 66 40 &
1860 354 53 40 u-

1093 385 89 44 sum
1144 385 64 44 a
1170 385 127 44 nemine
1259 385 76 44 ex
1297 385 140 44 proprio
1399 385 140 44 ingenio
1501 385 153 44 inveniri
1615 385 127 44 posse,
1705 385 89 44 sed
1755 385 64 44 a
1781 385 102 44 Deo,
1845 385 89 44 seu
1883 385 38 44 a

1094 422 149 39 CHRISTO
1203 422 149 39 Domino,
1311 422 95 39 seu
1365 422 68 39 a
1392 422 149 39 Spiritu
1500 422 135 39 Sancto
1595 422 162 39 revelari
1716 422 122 39 juxta
1797 422 108 39 haec
1851 422 68 39 te-

1086 458 156 39 stimonia:
1206 458 192 39 Proverbiorum
1362 458 144 39 secundo,
1470 458 108 39 vers.
1541 458 72 39 6.
1577 458 120 39 Jehova
1661 458 84 39 dat
1709 458 180 39 sapientiam,
1853 458 72 39 ex
1877 458 48 39 o-

1086 492 61 38 re
1116 492 81 38 ejus
1167 492 122 38 scientia
1258 492 51 38 &
1279 492 172 38 intelligentia
1421 492 132 38 procedit.
1522 492 61 38 2.
1553 492 91 38 Petr.
1613 492 61 38 1,
1644 492 91 38 vers.
1705 492 71 38 20.
1745 492 71 38 21.
1786 492 61 38 Si
1816 492 91 38 illud
1867 492 61 38 pri-

1093 532 80 39 mum
1138 532 160 39 noveritis,
1264 532 115 39 nullam
1345 532 160 39 prophetiam
1471 532 160 39 Scripturae
1597 532 92 39 esse
1654 532 138 39 propriae
1746 532 183 39 explicationis,

1100 564 77 34 Non
1144 564 88 34 enim
1199 564 110 34 libitu
1275 564 121 34 hominis
1363 564 110 34 allata
1440 564 77 34 est
1484 564 88 34 olim
1538 564 153 34 prophetia,
1659 564 77 34 sed
1703 564 88 34 acti
1758 564 55 34 a
1780 564 121 34 Spiritu
1856 564 66 34 San-

1086 598 85 38 cto
1134 598 133 38 loquuti
1231 598 97 38 sunt
1292 598 121 38 sancti
1376 598 85 38 Dei
1425 598 145 38 homines.
1534 598 121 38 Quibus
1618 598 121 38 verbis
1703 598 121 38 Petrus
1788 598 121 38 docet,
1860 598 61 38 in-

1100 633 240 46 cerpretationem
1299 633 186 46 Scripturae
1446 633 93 46 non
1499 633 200 46 proferendam
1659 633 80 46 ex
1699 633 146 46 proprio
1792 633 133 46 ingenio,

1098 664 93 42 sed
1151 664 80 42 ex
1191 664 173 42 dictamine
1323 664 159 42 Spiritus
1443 664 146 42 Sancti:
1549 664 186 42 Scripturam
1695 664 226 42 intelligendam
1868 664 53 42 eo

1099 702 128 48 Spiritu
1192 702 81 48 quo
1239 702 81 48 est
1285 702 163 48 inspirata,
1413 702 70 48 ut
1448 702 93 48 idem
1506 702 81 48 sit
1553 702 93 48 ejus
1611 702 163 48 interpres,
1739 702 81 48 qui
1785 702 58 48 &
1809 702 116 48 autor,
1878 702 47 48 1.

1095 734 136 42 Corinth.
1197 734 79 42 12.
1242 734 114 42 vers.3
1322 734 91 42 Nemo
1378 734 114 42 potest
1458 734 114 42 dicere
1537 734 102 42 Jesum
1605 734 136 42 Dominum,
1708 734 91 42 nisi
1764 734 79 42 per
1798 734 114 42 Spiritum

1093 772 131 46 Sanctum.
1191 772 65 46 2.
1224 772 87 46 Cor.
1279 772 65 46 3.
1311 772 98 46 vers.
1377 772 65 46 5.
1409 772 76 46 Non
1453 772 87 46 quod
1508 772 109 46 idonei
1584 772 98 46 sumus
1649 772 76 46 per
1693 772 131 46 nosipsos
1791 772 65 46 ad
1813 772 109 46 cogitan-

1090 810 77 40 dum
1134 810 144 40 quitquam,
1245 810 99 40 velut
1311 810 66 40 ex
1344 810 99 40 nobis
1411 810 122 40 ipsis:,
1499 810 77 40 sed
1543 810 88 40 quod
1598 810 111 40 idonei
1676 810 111 40 sumus,
1753 810 66 40 id
1786 810 66 40 ex
1820 810 77 40 Deo
1853 810 66 40 est.

1095 840 120 42 Jacob.
1179 840 72 42 1.
1215 840 108 42 vers.
1287 840 84 42 17.
1334 840 108 42 Omnis
1406 840 132 42 donatio
1502 840 96 42 bona
1562 840 60 42 &
1586 840 96 42 omne
1646 840 144 42 integrum
1753 840 108 42 donum
1825 840 84 42 est
1861 840 60 42 su-

1092 877 116 40 perne,
1174 877 162 40 descendens
1301 877 58 40 a
1324 877 104 40 Patre
1394 877 139 40 luminum,
1498 877 93 40 apud
1556 877 93 40 quem
1614 877 81 40 non
1660 877 81 40 est
1706 877 197 40 transmutatio,
1857 877 58 40 aut

1102 912 175 41 conversionis
1244 912 153 41 obumbratio
1364 912 66 41 I.
1397 912 109 41 Johan.
1474 912 66 41 2.
1507 912 98 41 vers.
1572 912 77 41 27.
1616 912 109 41 Unctio
1692 912 87 41 quam
1747 912 77 41 vos
1780 912 142 41 accepistis.

1095 948 69 41 ab
1129 948 80 41 eo,
1175 948 103 41 manet
1244 948 69 41 in
1278 948 115 41 vobis:
1359 948 80 41 nec
1404 948 126 41 necesse
1496 948 138 41 habetis,
1600 948 69 41 ut
1634 948 138 41 quisquam
1737 948 115 41 doceat
1818 948 92 41 vos:
1864 948 57 41 ve-

1085 981 87 45 rum
1134 981 111 45 sicut
1208 981 111 45 eadem
1282 981 124 45 unctio
1369 981 111 45 docet
1443 981 87 45 vos
1492 981 74 45 de
1530 981 148 45 omnibus,
1641 981 99 45 quae
1703 981 62 45 &
1727 981 111 45 verax
1801 981 87 45 est
1851 981 62 45 &
1863 981 62 45 non

1085 1022 137 37 mendax:
1184 1022 62 37 &
1209 1022 112 37 sicut
1284 1022 125 37 docuit
1371 1022 100 37 vos,
1433 1022 162 37 manebitis
1558 1022 75 37 in
1595 1022 75 37 eo
1633 1022 149 37 Exemplum
1745 1022 75 37 in
1770 1022 149 37 Apostolis,

1090 1052 139 53 quorum
1188 1052 153 53 Dominus
1299 1052 153 53 aperuit
1411 1052 153 53 mentem,
1522 1052 84 53 ut
1564 1052 237 53 intelligerent
1745 1052 181 53 Scripturas,

1096 1083 77 42 Luc.
1144 1083 67 42 24.
1173 1083 48 42 45.

1118 1113 88 48 II.
1169 1113 125 48 Preces
1256 1113 75 48 ad
1294 1113 100 48 Deum
1356 1113 75 48 ex
1394 1113 100 48 vera
1456 1113 113 48 fide,
1532 1113 100 48 puro
1594 1113 63 48 &
1619 1113 125 48 humili
1707 1113 113 48 corde
1782 1113 63 48 &
1794 1113 113 48 consci-

1094 1157 114 43 entia
1170 1157 114 43 bona,
1246 1157 76 43 ut
1284 1157 76 43 is
1322 1157 177 43 Scripturae
1461 1157 101 43 suae
1524 1157 126 43 sensum
1613 1157 114 43 nobis
1688 1157 139 43 aperire
1790 1157 152 43 dignetur

1089 1188 81 45 Hoc
1136 1188 116 45 medium
1217 1188 173 45 praecipitur
1355 1188 116 45 Matth.
1436 1188 69 45 7.
1471 1188 69 45 v.
1506 1188 69 45 7.
1540 1188 69 45 8.
1575 1188 116 45 vetite
1656 1188 58 45 &
1679 1188 127 45 cabitur
1772 1188 116 45 vobis:
1841 1188 81 45 quae-

1092 1222 86 45 rite
1146 1222 54 45 &
1168 1222 161 45 invenietit:
1297 1222 118 45 pulsete
1383 1222 54 45 &
1404 1222 140 45 aperietus
1512 1222 108 45 vobis.
1587 1222 129 45 Quisquis
1684 1222 86 45 eram
1738 1222 108 45 petit,
1813 1222 118 45 accipit

1087 1259 53 46 &
1109 1259 74 46 qui
1151 1259 116 46 quaerit
1235 1259 126 46 invenit:
1329 1259 53 46 &
1350 1259 63 46 ei
1382 1259 74 46 qui
1424 1259 116 46 pulsat,
1508 1259 147 46 aperietur.
1624 1259 84 46 Luc.
1676 1259 74 46 11.
1718 1259 63 46 9.
1750 1259 74 46 10.
1792 1259 74 46 11.
1834 1259 74 46 12.
1865 1259 53 46 13.

1095 1293 66 41 Et
1128 1293 76 41 ego
1172 1293 87 41 dico
1226 1293 109 41 vobis,
1303 1293 120 41 Petite,
1390 1293 55 41 &
1412 1293 120 41 dubitur
1499 1293 109 41 vobis:
1576 1293 131 41 quaerite
1674 1293 55 41 &
1696 1293 164 41 invenietis:
1816 1293 109 41 pulsate.

1096 1326 56 41 &
1118 1326 145 41 aperiotur
1230 1326 100 41 vocis
1297 1326 134 41 Quisquis
1397 1326 89 41 enim
1453 1326 112 41 petit,
1531 1326 134 41 accipit,
1631 1326 56 41 &
1653 1326 78 41 qui
1698 1326 134 41 quaerit,
1798 1326 134 41 invenit:
1888 1326 33 41 &

1088 1363 128 45 puisanti
1184 1363 149 45 aperietur.
1301 1363 106 45 Ecquis
1376 1363 96 45 autem
1440 1363 64 45 ex
1472 1363 96 45 vibis
1536 1363 106 45 pater,
1610 1363 64 45 si
1642 1363 106 45 filius
1717 1363 64 45 ab
1749 1363 64 45 eo
1781 1363 128 45 petierit
1866 1363 53 45 pa-

1083 1401 94 39 nem,
1142 1401 129 39 lapidem
1236 1401 71 39 ei
1272 1401 118 39 dabit?
1354 1401 82 39 aut
1401 1401 71 39 si
1436 1401 129 39 piscem,
1530 1401 82 39 num
1577 1401 82 39 pro
1625 1401 94 39 puce
1683 1401 106 39 dabit
1754 1401 71 39 ei
1778 1401 129 39 serpentem

1099 1434 76 48 Aut
1142 1434 65 48 si
1175 1434 130 48 petierit
1272 1434 97 48 ovum,
1337 1434 76 48 num
1381 1434 97 48 dabit
1446 1434 65 48 ei
1478 1434 141 48 scorpium?
1586 1434 65 48 Si
1619 1434 76 48 vos
1662 1434 108 48 igitur
1738 1434 76 48 qui
1781 1434 87 48 mali
1824 1434 87 48 estis.

1094 1468 105 45 nostis
1167 1468 84 45 bona
1219 1468 84 45 dona
1272 1468 84 45 dare
1324 1468 115 45 liberis
1408 1468 126 45 vestris,
1502 1468 94 45 quato
1565 1468 94 45 magis
1628 1468 94 45 Pater
1691 1468 105 45 vester
1764 1468 136 45 coelestis
1859 1468 52 45 da-

1089 1498 71 50 bit
1129 1498 71 50 Sp.
1170 1498 51 50 S
1190 1498 142 50 petentibus
1302 1498 61 50 ab
1332 1498 81 50 ipso
1383 1498 51 50 ?
1403 1498 81 50 Iac.
1453 1498 61 50 1.
1484 1498 61 50 v.
1514 1498 61 50 5.
1545 1498 81 50 Quod
1595 1498 61 50 si
1626 1498 71 50 cui
1666 1498 111 50 vestrum
1747 1498 91 50 deest
1798 1498 111 50 sapientia

1090 1533 116 49 petito
1172 1533 58 49 a
1195 1533 81 49 Deo
1241 1533 81 49 qui
1288 1533 81 49 dat
1334 1533 81 49 eam
1380 1533 128 49 omnibus
1473 1533 139 49 benigne,
1578 1533 81 49 nec
1624 1533 162 49 exprobrat,
1752 1533 58 49 &
1775 1533 128 49 dabitur
1856 1533 58 49 ei.

1092 1574 84 44 Sed
1140 1574 145 44 pestulet
1249 1574 84 44 cum
1297 1574 109 44 fide,
1369 1574 109 44 nihil
1442 1574 157 44 ambigens:
1562 1574 84 44 nam
1611 1574 84 44 qui
1659 1574 145 44 ambigit,
1767 1574 133 44 similis
1852 1574 60 44 esi

1088 1597 135 55 fluctui
1186 1597 122 55 maris,
1271 1597 86 55 qui
1320 1597 122 55 ventis
1406 1597 147 55 agitatur
1516 1597 61 55 &
1540 1597 159 55 jactatur.
1662 1597 135 55 Exempla
1760 1597 98 55 sunt
1821 1597 73 55 in
1846 1597 61 55 Da-

1088 1640 99 52 vide
1150 1640 124 52 Psalmo
1237 1640 236 52 vigesimoquinto,
1435 1640 137 52 versic.
1535 1640 137 52 quarto,
1634 1640 137 52 quinto.
1734 1640 99 52 Vias
1796 1640 112 52 tuas,
1858 1640 62 52 Je-

1085 1669 109 50 hova,
1158 1669 109 50 notas
1230 1669 85 50 fac
1279 1669 109 50 mihi,
1352 1669 133 50 semitas
1449 1669 97 50 tuas
1510 1669 97 50 doce
1570 1669 85 50 me.
1619 1669 85 50 Fac
1667 1669 73 50 ut
1704 1669 133 50 incedam
1801 1669 85 50 per
1837 1669 73 50 veri

1083 1710 108 46 tatem
1155 1710 108 46 tuam,
1227 1710 60 46 &
1251 1710 96 46 doce
1311 1710 84 46 me;
1359 1710 84 46 nam
1407 1710 96 46 tues
1467 1710 96 46 Deus
1528 1710 132 46 salutis
1624 1710 108 46 meae,
1696 1710 72 46 te
1732 1710 144 46 exspecto
1828 1710 84 46 totum

1087 1739 109 54 dem.
1156 1739 82 54 Et
1197 1739 137 54 Psalmo
1292 1739 178 54 centesimo
1429 1739 205 54 decimonono,
1593 1739 178 54 versiculo
1716 1739 191 54 decimooctavo

1085 1768 154 59 decimono.
1204 1768 119 59 Retege
1287 1768 119 59 oculos
1370 1768 107 59 meos,
1441 1768 71 59 ut
1477 1768 131 59 intuear
1572 1768 154 59 mirabilia
1690 1768 71 59 ex
1726 1768 95 59 lege
1785 1768 95 59 tua.
1833 1768 83 59 Pere-

1090 1808 133 52 grinante
1190 1808 67 52 me
1223 1808 67 52 in
1257 1808 78 52 hac
1301 1808 111 52 terra,
1379 1808 67 52 ne
1412 1808 145 52 abscondas
1524 1808 56 52 a
1546 1808 67 52 me
1579 1808 145 52 praecepta
1691 1808 89 52 tua.
1746 1808 67 52 Et
1780 1808 122 52 versic.
1857 1808 56 52 34.

1091 1845 83 52 Fac
1138 1845 71 52 ut
1174 1845 177 52 intelligam,
1315 1845 71 52 ut
1351 1845 153 52 custodium
1469 1845 106 52 legem
1539 1845 106 52 tuam;
1610 1845 177 52 observemque
1752 1845 83 52 eam
1799 1845 118 52 extoro
1870 1845 47 52 a-

1086 1876 114 56 nimo.
1163 1876 76 56 Et
1201 1876 165 56 versiculo
1328 1876 89 56 64.
1378 1876 89 56 66,
1429 1876 89 56 68,
1480 1876 89 56 73.
1531 1876 140 56 statuta
1633 1876 89 56 tua
1683 1876 102 56 doce
1747 1876 89 56 me.
1785 1876 127 56 oaffeci.

1089 1907 88 67 sti
1140 1907 126 67 servum
1228 1907 101 67 tuum
1291 1907 138 67 Jehova,
1391 1907 151 67 secundum
1505 1907 126 67 verbum
1593 1907 113 67 tuum.
1668 1907 113 67 Bonus
1743 1907 75 67 es
1781 1907 63 67 &
1794 1907 113 67 benefi-

1083 1949 96 59 cus,
1143 1949 96 59 doce
1203 1949 156 59 mestatuta
1324 1949 96 59 tua.
1384 1949 108 59 Redde
1456 1949 72 59 me
1492 1949 217 59 intelligentem,
1672 1949 72 59 ut
1709 1949 120 59 discam
1781 1949 132 59 praecepta

1082 1986 92 52 tus;
1139 1986 57 52 &
1162 1986 126 52 passim:
1254 1986 69 52 in
1288 1986 161 52 discipulis
1414 1986 126 52 Christi
1506 1986 115 52 Matth.
1586 1986 80 52 13.
1632 1986 126 52 versic.
1724 1986 80 52 36.
1770 1986 92 52 Tunc
1816 1986 103 52 dimissa

1087 2013 162 67 turbavenit
1214 2013 104 67 domum
1284 2013 115 67 Jesus,
1364 2013 58 67 &
1388 2013 150 67 audierunt
1503 2013 81 67 eum
1549 2013 208 67 discipuliejus,
1722 2013 150 67 dicentes;
1826 2013 81 67 Edis-

1081 2050 99 64 sere
1142 2050 111 64 nobis
1216 2050 160 64 parabolam
1340 2050 173 64 zizaniorum
1475 2050 99 64 agri
1537 2050 136 64 illius.
1636 2050 74 64 De
1673 2050 86 64 hoc
1722 2050 111 64 medio
1784 2050 123 64 loquitur

1079 2084 167 54 Augustinus
1210 2084 119 54 tertio
1294 2084 107 54 tomo,
1366 2084 72 54 de
1401 2084 143 54 doctrina
1509 2084 167 54 Christiana
1640 2084 107 54 libro
1712 2084 131 54 tertio,
1808 2084 72 54 c.
1843 2084 96 54 ult.

1110 2114 99 64 III.
1171 2114 161 64 Conversio
1295 2114 111 64 seria
1369 2114 74 64 ad
1406 2114 111 64 Deum,
1480 2114 136 64 sincera
1579 2114 136 64 pietas,
1678 2114 148 64 timorDei
1789 2114 62 64 &
1801 2114 99 64 humili

1077 2149 91 61 tas.
1134 2149 80 61 Nam
1179 2149 126 61 arcanum
1271 2149 126 61 Jehovae
1362 2149 103 61 adest
1431 2149 183 61 reverentibus
1579 2149 114 61 ipsum,
1659 2149 57 61 &
1682 2149 114 61 soedus
1762 2149 103 61 ejus,
1830 2149 69 61 ut
1853 2149 57 61 ex-

1070 2190 169 60 perimento
1200 2190 156 60 testetur
1317 2190 104 60 eis,
1382 2190 195 60 quemadmodum
1538 2190 117 60 David
1616 2190 130 60 inquit
1707 2190 130 60 Psalmo
1798 2190 91 60 25.
1837 2190 65 60 24.

1073 2225 96 52 Caput
1138 2225 150 52 sapientiae
1255 2225 75 52 est
1298 2225 150 52 revirentia
1416 2225 129 52 Jehovae,
1512 2225 139 52 successus
1620 2225 118 52 optimus
1705 2225 161 52 facientibus
1823 2225 75 52 ista;

1078 2249 108 60 Psalmo
1154 2249 86 60 111.
1208 2249 86 60 ver.
1262 2249 76 60 10.
1305 2249 173 60 Proverbiorum
1445 2249 65 60 1.
1478 2249 65 60 v.
1510 2249 65 60 7.
1543 2249 151 60 Reverentia
1662 2249 119 60 Jehovae
1748 2249 76 60 est
1791 2249 97 60 caput
1845 2249 65 60 sci-

1076 2293 114 62 entiae.
1158 2293 124 62 Sapient.
1251 2293 134 62 Salomonis
1355 2293 62 62 1.
1386 2293 93 62 vers.
1448 2293 62 62 1,
1479 2293 62 62 2,
1509 2293 62 62 3.
1540 2293 62 62 4,
1571 2293 62 62 5.
1602 2293 124 62 Diligite
1695 2293 134 62 justitiam
1799 2293 52 62 o
1809 2293 93 62 judicet

1081 2325 123 65 terrae,
1170 2325 123 65 sentite
1260 2325 67 65 de
1293 2325 112 65 Domino
1372 2325 145 65 bonitate,
1484 2325 56 65 &
1506 2325 179 65 simplicitate
1652 2325 112 65 cordis
1730 2325 134 65 quaerite
1819 2325 90 65 ipsum.

1078 2358 78 65 Nam
1122 2358 144 65 expositus
1233 2358 78 65 est
1278 2358 89 65 iis,
1333 2358 78 65 qui
1378 2358 78 65 non
1422 2358 122 65 tentant
1511 2358 111 65 ipsum,
1589 2358 56 65 &
1611 2358 122 65 patesit
1700 2358 78 65 iis
1744 2358 78 65 qui
1789 2358 78 65 non
1822 2358 89 65 infidi

1075 2393 91 64 sunt
1132 2393 80 64 ei.
1177 2393 148 64 Perversae
1291 2393 91 64 enim
1348 2393 216 64 ratiocinationes
1530 2393 137 64 separant
1633 2393 57 64 a
1655 2393 91 64 Deo,
1712 2393 57 64 &
1735 2393 125 64 probata
1815 2393 91 64 illius

1072 2430 141 55 potentia
1178 2430 118 55 arguit
1261 2430 189 55 insipientes,
1414 2430 71 55 Eo
1449 2430 94 55 quod
1508 2430 71 55 in
1544 2430 165 55 malitiosam
1673 2430 118 55 animam
1756 2430 83 55 non
1791 2430 118 55 ingredi-

1075 2465 76 61 tur
1119 2465 153 61 sapientia,
1239 2465 98 61 neque
1304 2465 120 61 habitat
1391 2465 65 61 in
1424 2465 120 61 corpore
1511 2465 87 61 quod
1565 2465 142 61 subjectum
1674 2465 76 61 est
1718 2465 131 61 peccato.
1805 2465 98 61 Sanctus

1064 2501 92 54 enim
1122 2501 139 54 Spiritus
1226 2501 162 54 dsciplinae
1353 2501 104 54 fagit
1422 2501 115 54 delum,
1503 2501 58 54 &
1526 2501 139 54 absistit
1630 2501 58 54 a
1653 2501 242 54 ratiocinationibus
1849 2501 58 54 ho-

1064 2533 115 64 minum
1141 2533 153 64 vacuorum
1256 2533 230 64 intelligentia;
1448 2533 64 64 &
1473 2533 166 64 indicatur
1601 2533 102 64 quum
1665 2533 141 64 advenit
1755 2533 153 64 iniquitas.

1093 2566 102 65 IV.
1152 2566 117 65 Amor
1225 2566 73 65 &
1254 2566 204 65 desiderium
1414 2566 190 65 veritatis
1560 2566 87 65 ac
1604 2566 160 65 proinde
1720 2566 146 65 maxime
1808 2566 102 65 Scri-

1065 2597 135 66 pturae
1160 2597 149 66 Sacrae,
1268 2597 108 66 quae
1336 2597 95 66 est
1390 2597 122 66 prima
1471 2597 149 66 veritas
1579 2597 162 66 revelata
1701 2597 135 66 nobis:
1782 2597 122 66 Psalmo,

1069 2641 321 58 centesimodecimonono,
1349 2641 120 58 vers.
1430 2641 227 58 quadragesimo.
1617 2641 107 58 Ecce
1684 2641 160 58 desidero
1791 2641 120 58 mandata

1066 2676 86 56 tua
1115 2676 74 56 Et
1152 2676 111 56 versi
1226 2676 99 56 culo
1288 2676 296 56 quadragesimoseptimo,
1546 2676 86 56 48.
1596 2676 74 56 Bt
1633 2676 74 56 me
1670 2676 160 56 oblectans
1793 2676 74 56 in
1818 2676 86 56 prae-

1078 2709 111 60 reptis
1155 2709 88 60 tuis
1211 2709 88 60 quae
1266 2709 122 60 diligo,
1354 2709 133 60 Attollam
1454 2709 99 60 manus
1520 2709 88 60 meas
1575 2709 66 60 ad
1609 2709 144 60 praecepta
1719 2709 77 60 tua
1763 2709 88 60 quae
1808 2709 88 60 diligo

1107 2743 69 59 V.
1142 2743 162 59 Docilitas,
1270 2743 116 59 Iohan.
1351 2743 69 59 3.
1385 2743 127 59 versic.
1478 2743 81 59 21.
1524 2743 81 59 Qui
1571 2743 81 59 dat
1617 2743 116 59 operam
1698 2743 151 59 veritati,
1802 2743 93 59 venit.

1064 2772 72 70 ad
1100 2772 121 70 lucem.
1185 2772 72 70 Et
1221 2772 157 70 versiculo
1341 2772 241 70 trigesimotertio.
1546 2772 84 70 Qui
1595 2772 133 70 recipit
1691 2772 96 70 eius
1739 2772 157 70 testimonium

1066 2808 73 54 is
1102 2808 170 54 obsignavit
1236 2808 97 54 Deum
1297 2808 134 54 veracem
1382 2808 73 54 esse

1107 2847 90 55 VI.
1159 2847 154 55 Voluntas
1274 2847 154 55 faciendi
1390 2847 154 55 cognitam
1506 2847 180 55 voluntatem
1648 2847 103 55 Dei,
1712 2847 129 55 Johan.
1802 2847 77 55 7.
1828 2847 77 55 ver-

1076 2871 114 77 siculo
1155 2871 205 77 decimoseptimo.
1326 2871 68 77 Si
1360 2871 91 77 quis
1417 2871 148 77 voluerit,
1531 2871 91 77 quod
1588 2871 91 77 ille
1644 2871 91 77 vult
1701 2871 125 77 facere,
1781 2871 125 77 cognoscet

1069 2910 67 58 de
1102 2910 145 58 doctrina,
1214 2910 100 58 utrum
1280 2910 67 58 ex
1314 2910 78 58 Deo
1358 2910 89 58 sit,
1414 2910 67 58 an
1447 2910 78 58 ego
1492 2910 56 58 a
1514 2910 111 58 meipso
1581 2910 89 58 loquar

1109 2946 102 56 VII.
1173 2946 140 56 Notitia
1275 2946 204 56 Catecheticae
1440 2946 166 56 doctrinae
1568 2946 76 56 de
1606 2946 102 56 fide
1670 2946 64 56 &
1695 2946 115 56 bonis
1759 2946 127 56 operibus

1079 2973 184 67 Hebraeorum
1223 2973 144 67 quinto,
1328 2973 170 67 versiculo
1459 2973 184 67 duodecimo,
1603 2973 223 67 decimotertio,
1774 2973 118 67 decimo-

1072 3018 120 51 quarto:
1160 3018 77 51 Vos
1203 3018 98 51 enim,
1269 3018 87 51 quos
1324 3018 131 51 oportuit
1422 3018 77 51 pro
1466 3018 131 51 temporis
1564 3018 120 51 ratione
1651 3018 131 51 doctores
1750 3018 98 51 esse,
1805 3018 87 51 rursum

1073 3055 82 49 opus
1124 3055 72 49 est
1165 3055 102 49 doceri
1237 3055 82 49 quae
1288 3055 82 49 sint
1339 3055 123 49 elementa
1431 3055 102 49 intiij
1503 3055 143 49 elequiorum
1616 3055 82 49 Dei:
1667 3055 123 49 factique
1759 3055 92 49 esti.
1820 3055 51 49 3
1841 3055 72 49 qui

1071 3081 74 58 bus
1113 3081 95 58 lacte
1176 3081 74 58 sit
1218 3081 95 58 opus,
1281 3081 53 58 &
1302 3081 74 58 non
1344 3081 105 58 solido
1417 3081 95 58 cibo.
1480 3081 126 58 Enimvero
1575 3081 74 58 cui
1617 3081 74 58 cam
1659 3081 95 58 lacte
1722 3081 74 58 res
1764 3081 74 58 est
1806 3081 63 58 is
1827 3081 74 58 rudis

1068 3117 73 58 est
1109 3117 125 58 sermonis
1203 3117 135 58 justitic,
1307 3117 62 58 (a
1338 3117 83 58 fans
1390 3117 83 58 enim
1442 3117 83 58 est,
1494 3117 52 58 )
1515 3117 73 58 sed
1557 3117 135 58 adultorum
1661 3117 73 58 est
1702 3117 114 58 selidus
1786 3117 104 58 cibus,
1848 3117 52 58 ec-

1064 3154 78 64 rum
1109 3154 145 64 videlicet
1220 3154 78 64 qui
1265 3154 123 64 propter
1355 3154 134 64 habitum,
1455 3154 112 64 sensus
1534 3154 112 64 habent
1612 3154 168 64 exercitatos
1746 3154 67 64 ad
1769 3154 134 64 discretio-

1073 3185 76 41 nem
1117 3185 87 41 boni
1171 3185 65 41 ac
1193 3185 76 41 malis

1106 3216 117 61 VIII.
1184 3216 156 61 Cognitio
1301 3216 169 61 linguarum
1430 3216 130 61 quibus
1521 3216 169 61 Scriptura
1651 3216 65 61 a
1677 3216 169 61 Prophetis
1806 3216 65 61 &
1819 3216 78 61 Apo-

1071 3250 121 66 stolis
1155 3250 133 66 exarata
1252 3250 96 66 est.
1312 3250 121 66 priori
1397 3250 72 66 ad
1433 3250 145 66 Corinth.
1541 3250 205 66 decimoquarto,
1710 3250 133 66 versic.
1795 3250 96 66 quinto

1099 3285 91 62 14.
1151 3285 117 62 Fides
1229 3285 91 62 qua
1280 3285 168 62 credamus,
1410 3285 181 62 Scripturam
1552 3285 130 62 Sacram
1643 3285 130 62 ubique
1734 3285 104 62 vera
1785 3285 117 62 dicere.

1064 3316 138 76 nusquam
1165 3316 150 76 fallere,
1277 3316 125 76 nusqua
1365 3316 63 76 a
1390 3316 125 76 seipsa
1477 3316 175 76 dissidere,
1615 3316 88 76 sed
1665 3316 113 76 secum
1727 3316 163 76 pulcherrime
