2063 3384
216 165 81 39 me
256 165 202 39 consentire,
417 165 148 39 etiamsi
525 165 94 39 nos
579 165 134 39 nondum
673 165 215 39 intelligamus
848 165 134 39 omnia.
928 165 81 39 Cre-

213 198 112 40 dendo
287 198 112 40 enim,
362 198 137 40 divinae
461 198 174 40 sapientiae
597 198 124 40 arcana
684 198 174 40 capiuntur,
821 198 99 40 quae
883 198 99 40 nisi
933 198 74 40 cre-

220 233 153 37 dantur,
331 233 153 37 nunquam
443 233 251 37 intelliguntur.
652 233 195 37 Augustinus
805 233 153 37 secundo
903 233 97 37 tomo,

232 268 131 40 cistola
328 268 167 40 decimanona
459 268 155 40 Hieronymo
578 268 143 40 scripta:
686 268 107 40 Solis
757 268 84 40 eis
805 268 191 40 Scripturarum
948 268 60 40 li-

226 310 87 34 viis
281 310 77 34 qui
324 310 77 34 jam
368 310 131 34 Canonici
467 310 164 34 appellantur
598 310 87 34 hunc
652 310 109 34 didici
729 310 120 34 timorem
816 310 153 34 honoremque
926 310 87 34 defer-

218 331 75 46 re,
261 331 65 46 ut
294 331 108 46 nullum
369 331 97 46 eorum
434 331 119 46 autorem
520 331 140 46 scribendo
628 331 119 46 aliquid
714 331 129 46 errasse,
811 331 151 46 firmissime
919 331 97 46 credam,

224 373 42 37 &c.

247 398 109 44 Media
320 398 97 44 quae
381 398 158 44 adhibenda
502 398 97 44 sunt
563 398 73 44 in
599 398 97 44 ipsa
660 398 170 44 Scripturae
794 398 182 44 meditatione
940 398 109 44 sunt:

207 431 74 43 haec

252 459 70 47 I.
287 459 128 47 Assidua
381 459 117 47 lectio
462 459 58 47 &
485 459 152 47 scrutatio
602 459 175 47 Scripturae,
742 459 70 47 ac
777 459 140 47 inprimis
882 459 117 47 solers
952 459 58 47 di-

222 498 167 41 ligensque
351 498 206 41 investigatio
518 498 64 41 &
543 498 180 41 observatio
685 498 141 41 illorum
788 498 218 41 testimoniorum
955 498 51 41 de

222 531 174 40 dogmatibus
359 531 112 40 fidei
433 531 62 40 &
458 531 174 40 praeceptis
595 531 137 40 bonorum
695 531 137 40 operum,
795 531 100 40 quae
857 531 75 40 in
882 531 137 40 Scriptura

212 575 143 32 apertam
316 575 65 32 &
342 575 182 32 perspicuam
486 575 182 32 sententiam
629 575 143 32 habent.
733 575 78 32 De
772 575 91 32 hoc
825 575 117 32 medio
890 575 117 32 dicitur

229 599 64 39 s.
261 599 118 39 Timoth.
347 599 64 39 4.
379 599 118 39 versic.
465 599 75 39 13.
508 599 118 39 Attende
594 599 107 39 animum
669 599 139 39 lectioni,
776 599 182 39 exhortationi,
916 599 97 39 doctri-

220 636 85 38 nae.
273 636 64 38 Ne
305 636 138 38 negligito
411 636 95 38 donum
475 636 85 38 quod
527 636 64 38 in
559 636 64 38 te
591 636 85 38 est,
644 636 85 38 qued
697 636 95 38 datum
760 636 74 38 est
803 636 85 38 tibi
856 636 74 38 per
888 636 116 38 propheti-

223 672 78 34 am,
268 672 78 34 cum
312 672 168 34 impositione
446 672 112 34 manuum
524 672 179 34 prestyterij.
670 672 89 34 Haec
726 672 145 34 meditare,
837 672 67 34 in
871 672 78 34 his
915 672 101 34 esto:
971 672 45 34 ut

224 696 81 35 tuus
275 696 132 35 profectus
376 696 142 35 manifestus
488 696 71 35 sit
529 696 91 35 inter
589 696 91 35 omnes
650 696 122 35 Proverb.
742 696 61 35 2.
772 696 91 35 vers.
833 696 61 35 4,
864 696 61 35 5.
894 696 61 35 Si
914 696 102 35 quaesie-

214 732 80 41 ris
259 732 195 41 mtellugentiam
420 732 103 41 velut
489 732 149 41 argentum,
603 732 57 41 &
626 732 126 41 tanquam
718 732 126 41 abditos
810 732 149 41 thesaures
913 732 103 41 scruta-

223 770 77 35 tus
267 770 110 35 fatris
344 770 88 35 cam:
398 770 88 35 Tunc
453 770 88 35 inte
508 770 110 35 lliges
585 770 164 35 reverentiam
716 770 131 35 Jehovae,
815 770 55 35 &
837 770 153 35 agnitionem
946 770 66 35 Dei.

229 794 85 40 con,
283 794 117 40 cqueris
368 794 107 40 Johan.
442 794 64 40 5.
474 794 75 40 39.
517 794 149 40 Scrutamini
634 794 160 40 Scripturas.
762 794 149 40 August.nus
879 794 96 40 libro
933 794 85 40 secun-

223 830 72 39 do
259 830 72 39 de
295 830 145 39 doctrina
404 830 181 39 Christiana,
549 830 121 39 capite
633 830 133 39 septimo
729 830 60 39 &
742 830 96 39 octave

256 862 81 32 II.
303 862 138 32 Fontium,
406 862 69 32 id
441 862 92 32 est,
499 862 115 32 textus
579 862 138 32 Hebraici
683 862 69 32 in
718 862 127 32 veteri,
810 862 58 32 &
833 862 115 32 Graeci
914 862 69 32 in
937 862 69 32 nov-

222 891 181 40 Testamento
364 891 181 40 inspectio,
507 891 142 40 quories
611 891 130 40 dubium
701 891 142 40 aliquod
805 891 78 40 in
844 891 155 40 versione
947 891 65 40 ob-

223 925 121 41 oritur
308 925 85 41 aut
356 925 73 41 in
393 925 109 41 vocum
466 925 194 41 significatis
624 925 85 41 vel
672 925 158 41 zhrasibus
793 925 61 41 &
818 925 109 41 modis
878 925 134 41 loquendi.

222 960 89 42 Hoc
273 960 127 42 medium
362 960 178 42 diligenter
501 960 190 42 conimendant
654 960 165 42 orthodoxi
781 960 140 42 patres;
869 960 140 42 Hilaerius

221 990 83 44 in
263 990 152 44 Psalmum
373 990 180 44 centesmum
511 990 263 44 decimumoctavum:
733 990 194 44 Hieronymus
871 990 138 44 epistola

232 1021 74 46 ad
269 1021 123 46 Sunium
355 1021 62 46 &
380 1021 74 46 in
417 1021 160 46 Zachariae
540 1021 99 46 cap.
589 1021 111 46 octavum

251 1047 101 45 III.
315 1047 177 45 Collimatio
453 1047 152 45 perpetua
567 1047 76 45 ad
605 1047 114 45 finem
681 1047 63 45 &
706 1047 126 45 scopum
794 1047 177 45 Scripturae
921 1047 88 45 Sacra

215 1088 146 42 totius,
321 1088 93 42 qui
374 1088 119 42 sinis
453 1088 66 42 &
480 1088 146 42 secopus
585 1088 93 42 est
638 1088 159 42 CHRISTUS
757 1088 159 42 DOMINUS,
877 1088 106 42 quem
943 1088 93 42 qui

228 1120 113 39 pecte
304 1120 163 39 cognovit,
430 1120 176 39 Scripturae
568 1120 113 39 verum
643 1120 126 39 sensum
731 1120 63 39 &
756 1120 101 39 usum
819 1120 88 39 non
857 1120 176 39 difficulter:

225 1152 123 43 reperiet.
319 1152 104 43 Joliam.
395 1152 57 43 3.
424 1152 66 43 34.
462 1152 95 43 Actor.
528 1152 57 43 3.
557 1152 85 43 vers.
614 1152 66 43 18.
651 1152 47 43 &
670 1152 76 43 seq.
718 1152 47 43 &
737 1152 57 43 c.
765 1152 57 43 7.
794 1152 57 43 2.
822 1152 47 43 &
841 1152 76 43 cap.
889 1152 66 43 10.
927 1152 66 43 43.
955 1152 57 43 Huio

226 1189 99 39 ettam
292 1189 99 39 emnes
358 1189 66 39 to
391 1189 88 39 ophe
447 1189 77 39 tae
491 1189 165 39 testimonium
623 1189 99 39 dant,
689 1189 77 39 &c.
733 1189 110 39 Roman.
810 1189 99 39 10.4.
877 1189 99 39 Finis
932 1189 77 39 Legis

230 1215 155 47 estChristus
354 1215 62 47 ad
385 1215 134 47 justitiam
488 1215 103 47 cuivis
560 1215 134 47 credenti.
664 1215 62 47 2.
695 1215 124 47 Corinth.
788 1215 62 47 3.
819 1215 134 47 versiculo
912 1215 93 47 decimo-

233 1251 116 49 quarto.
318 1251 84 49 vela
370 1251 105 49 cienta
444 1251 126 49 lectione
539 1251 116 49 veteris
623 1251 147 49 Testamenti
739 1251 63 49 in
771 1251 190 49 Christoinutile
918 1251 95 49 factum-

223 1294 147 32 tollitur.
335 1294 56 32 &
358 1294 147 32 versiculo
471 1294 169 32 decimosexto
606 1294 113 32 Quando
685 1294 90 32 vero
741 1294 135 32 corsese:
843 1294 124 32 onverte
933 1294 79 32 rit
967 1294 45 32 ac

218 1323 135 41 Dominum,
319 1323 101 41 toue:
386 1323 67 41 ur
420 1323 124 41 velamen
510 1323 112 41 illud,
589 1323 67 41 ad
622 1323 90 41 Gal.
679 1323 124 41 tertio,
769 1323 101 41 vers.
825 1323 191 41 vigesimoquarto.

222 1351 74 37 Lex
265 1351 148 37 paedagogus
381 1351 106 37 noster
455 1351 85 37 fuit
508 1351 63 37 ad
540 1351 74 37 Ch.
582 1351 106 37 istum,
656 1351 63 37 ut
688 1351 63 37 ex
720 1351 85 37 siue
773 1351 201 37 justificaremur.
942 1351 63 37 I.
963 1351 53 37 Co-

229 1389 112 35 rinth.
307 1389 67 35 2.
340 1389 145 35 versiculo
452 1389 134 35 secundo.
552 1389 78 35 Non
597 1389 89 35 enim
653 1389 112 35 statui
731 1389 134 35 quicquam
831 1389 100 35 scire
898 1389 100 35 inter
954 1389 67 35 vos:

219 1415 100 44 nisi
281 1415 112 44 JESUM
356 1415 150 44 CHRISTUM
468 1415 125 44 eumque
555 1415 187 44 crucifixum.
704 1415 137 44 Apocal.
804 1415 87 44 19.
854 1415 87 44 10.
891 1415 125 44 testimi-

224 1448 92 43 mium
281 1448 92 43 Jeju
338 1448 80 43 est
384 1448 138 43 spiritus
487 1448 172 43 Prophetiae,
625 1448 69 43 id
659 1448 92 43 est,
716 1448 69 43 ad
751 1448 103 43 Jesum
820 1448 126 43 tanquam
900 1448 126 43 certissi-

223 1483 95 44 mum
278 1483 136 44 scopum
373 1483 164 44 feruntur
496 1483 123 44 omnes
564 1483 164 44 Prophetiae

239 1517 93 46 IV.
292 1517 186 46 Observatio
438 1517 199 46 discriminis
597 1517 119 46 inter
677 1517 119 46 Legem
756 1517 66 46 &
783 1517 199 46 Evangelium,
942 1517 80 46 ne
969 1517 53 46 ea

219 1550 97 38 quae
279 1550 109 38 Legis
352 1550 97 38 sunt
413 1550 145 38 propria,
522 1550 170 38 tribuantur
655 1550 158 38 Evangelio
777 1550 85 38 aut
825 1550 97 38 vice
886 1550 121 38 versa.
958 1550 61 38 Un-

225 1589 77 42 ne
264 1589 128 42 errant
353 1589 166 42 Papistae,
480 1589 89 42 qui
531 1589 77 42 in
570 1589 179 42 Scripturis
710 1589 191 42 explicandis
863 1589 77 42 ea
901 1589 102 42 quae
952 1589 64 42 Le-

217 1617 95 49 gis
272 1617 109 49 sunt
340 1617 95 49 cum
395 1617 177 49 Evangelij
531 1617 164 49 doctrina
640 1617 150 49 confundum

250 1652 86 41 V.
293 1652 115 41 Ordo
365 1652 72 41 &
393 1652 172 41 meiiodus
522 1652 86 41 in
566 1652 129 41 sensu
652 1652 72 41 &
680 1652 101 41 usu
738 1652 244 41 investigando.
924 1652 101 41 Prima

227 1679 102 37 enim
291 1679 203 37 consideratio
456 1679 89 37 est
507 1679 178 37 propositi,
647 1679 140 37 secunda
748 1679 152 37 themaris
863 1679 76 37 de
901 1679 89 37 quo
939 1679 76 37 agi-

231 1717 104 32 tur,
296 1717 130 32 tertia
387 1717 208 32 argumentorum
556 1717 130 32 quibus
648 1717 130 32 thiema
739 1717 182 32 explicatur
882 1717 91 32 aut
921 1717 91 32 conm-

219 1752 146 38 matur,
321 1752 131 38 simul
409 1752 306 38 citcumstantiarum,
671 1752 146 38 nempe,
773 1752 218 38 personarum,
933 1752 102 38 occa-

227 1780 141 38 sionis,
329 1780 115 38 loci,
406 1780 166 38 temporis,
534 1780 217 38 antecedentium
713 1780 64 38 &
739 1780 230 38 consequentium:
930 1780 77 38 in
956 1780 51 38 ad

233 1811 146 45 gumento
339 1811 120 45 demum
419 1811 213 45 consideratur
592 1811 93 45 ex,
645 1811 93 45 quo
699 1811 106 45 loco
765 1811 200 45 inventionis
912 1811 106 45 ductum

227 1853 65 29 &
253 1853 142 29 quomodo
356 1853 194 29 dispositum:
511 1853 129 29 quibus
602 1853 168 29 expensis,
731 1853 90 29 tum
783 1853 116 29 demum
860 1853 116 29 recte
938 1853 78 29 de
963 1853 52 29 o-

221 1877 134 38 mnibus
314 1877 161 38 judicari
435 1877 148 38 potest,
543 1877 188 38 Augustinus
690 1877 134 38 decimo
784 1877 121 38 tomo,
864 1877 148 38 Sermone
958 1877 54 38 se

226 1910 132 37 cundo,
318 1910 66 37 &
345 1910 145 37 seimone
450 1910 264 37 quadragesimonono
675 1910 79 37 de
714 1910 132 37 verbis
807 1910 145 37 Domini.
899 1910 119 37 Hdartus

232 1948 111 45 libru
306 1948 123 45 quarto
392 1948 62 45 &
416 1948 99 45 nono
478 1948 74 45 de
503 1948 135 45 Trinitato

266 1980 88 34 VI.
317 1980 202 34 Consideratio
481 1980 113 34 vocum
556 1980 164 34 propriene
682 1980 76 34 an
720 1980 151 34 figurate
834 1980 164 34 sumantur.
947 1980 63 34 Ho-

227 2017 125 33 medium
314 2017 175 33 diligenter
451 2017 137 33 tractat
551 2017 175 33 augustinus
688 2017 112 33 libro
763 2017 137 33 secundo
863 2017 75 33 de
888 2017 125 33 doctrina

228 2048 188 42 Christiana,
379 2048 125 42 capste
467 2048 125 42 decimo
555 2048 63 42 &
580 2048 201 42 sequentibus:
743 2048 63 42 &
768 2048 125 42 tertio
856 2048 113 42 libro
919 2048 100 42 capite

230 2079 138 44 quarto,
331 2079 138 44 quinto,
431 2079 113 44 ecimo
506 2079 63 44 &
531 2079 125 44 muliis
606 2079 163 44 sequentibus

251 2101 99 48 VII.
313 2101 174 48 Compatatio
449 2101 112 48 unius
524 2101 99 48 loci
586 2101 87 48 cum
636 2101 112 48 aliis
710 2101 174 48 parallelis
847 2101 62 48 &
859 2101 149 48 similibus.

218 2148 188 32 obscurioris
369 2148 88 32 cum
419 2148 125 32 claris
507 2148 63 32 &
532 2148 138 32 apertis
632 2148 75 32 de
670 2148 113 32 eadem
745 2148 75 32 re
783 2148 176 32 agentibus.
908 2148 113 32 Irenaus

226 2171 108 40 libro
298 2171 132 40 quarto,
394 2171 120 40 capite
478 2171 252 40 sexagesimotertio.
695 2171 144 40 Origenis
803 2171 72 40 in
839 2171 120 40 Matth.
923 2171 84 40 13.
959 2171 60 40 Au-

224 2204 132 52 gusumus
320 2204 120 52 tertio
404 2204 108 52 tomo,
476 2204 108 52 libro
548 2204 120 52 tertio
632 2204 72 52 de
668 2204 144 52 doctrina
776 2204 180 52 Christiana,
920 2204 120 52 capite

234 2240 215 41 rigesumosexto,
413 2240 95 41 item
473 2240 131 41 septimo
568 2240 107 41 tomo,
639 2240 107 41 libro
711 2240 72 41 de
747 2240 131 41 unitate
842 2240 167 41 Ecclesiae,
961 2240 60 41 ca-

224 2273 102 47 pite
288 2273 128 47 quinto
378 2273 64 47 &
403 2273 205 47 decimosexto.
570 2273 154 47 Basitius
685 2273 128 47 Magnus
775 2273 77 47 in
813 2273 128 47 regul.
890 2273 128 47 Contract

227 2304 114 49 quest.
307 2304 92 49 267.
364 2304 149 49 Ineprimis
478 2304 114 49 utilis
558 2304 80 49 est
604 2304 137 49 collatio
707 2304 126 49 Veteris
799 2304 57 49 &
822 2304 92 49 Novi
867 2304 149 49 Testamentis

222 2342 91 37 nam
274 2342 118 37 novum
353 2342 196 37 Testamentum
509 2342 78 37 in
549 2342 131 37 veteri
640 2342 131 37 latet,
732 2342 65 37 &
758 2342 118 37 vetus
836 2342 78 37 in
875 2342 105 37 novo
928 2342 91 37 patet

230 2378 116 32 Novum
307 2378 193 32 Testamentum
461 2378 77 32 in
500 2378 128 32 veteri
589 2378 90 32 est
641 2378 154 32 velatum,
756 2378 116 32 vetus
833 2378 77 32 in
872 2378 103 32 novo
923 2378 90 32 reve-

233 2407 132 38 latum.
325 2407 132 38 Medium
417 2407 92 38 hoc
470 2407 198 38 commendatur
628 2407 132 38 Johan.
720 2407 79 38 5.
760 2407 92 38 39.
812 2407 184 38 Scrutamini
944 2407 92 38 Scri-

232 2436 120 44 pturat,
320 2436 87 44 quia
374 2436 77 44 vos
418 2436 131 44 videmini
516 2436 98 44 vobis
582 2436 66 44 in
615 2436 98 44 ipsis
680 2436 98 44 vitam
746 2436 131 44 aeternam
844 2436 120 44 habere:
932 2436 55 44 &
942 2436 77 44 illae

220 2470 90 48 sunt
276 2470 90 48 quae
332 2470 146 48 testantur
445 2470 67 48 de
478 2470 79 48 me.
523 2470 112 48 Actor.
602 2470 202 48 decimoseptimo,
771 2470 124 48 versic.
861 2470 146 48 undecimo.
962 2470 56 48 Ius

222 2511 91 37 autem
283 2511 111 37 Iudaeis
363 2511 71 37 qui
404 2511 91 37 erant
465 2511 182 37 Thessalonicae,
616 2511 111 37 fuerunt
697 2511 81 37 isti
748 2511 172 37 generosiores,
890 2511 61 37 ut
920 2511 71 37 qui
950 2511 71 37 rece-

225 2542 115 43 ferint
306 2542 139 43 Sermonem
410 2542 81 43 cum
456 2542 92 43 omni
514 2542 173 43 alacritate,
653 2542 139 43 quotidie
756 2542 173 43 examinantes
883 2542 139 43 Scripturas

223 2568 70 50 nis
263 2568 80 50 haec
313 2568 70 50 ita
353 2568 60 50 se
383 2568 130 50 haberent.
484 2568 60 50 2.
514 2568 90 50 Petr.
574 2568 60 50 1.
604 2568 70 50 17,
644 2568 70 50 18,
684 2568 70 50 19,
724 2568 70 50 20.
764 2568 140 50 Acceperant
875 2568 80 50 enim
925 2568 50 50 a
945 2568 70 50 Deo
975 2568 50 50 Pa-

225 2603 80 41 tre
270 2603 126 41 honorem
362 2603 57 41 &
385 2603 138 41 gloriam,
488 2603 92 41 voce
546 2603 69 41 ad
580 2603 80 41 eum
626 2603 115 41 delata
706 2603 149 41 hajusmodi
821 2603 57 41 a
844 2603 149 41 magnifica
947 2603 69 41 illa

232 2637 111 48 gioria,
313 2637 71 48 Hic
353 2637 71 48 est
393 2637 101 48 Filius
464 2637 81 48 ille
514 2637 91 48 meus,
575 2637 121 48 dilictus
665 2637 81 48 ille
716 2637 60 48 in
746 2637 71 48 quo
786 2637 141 48 acquiesco.
897 2637 60 48 Et
927 2637 81 48 hunc
968 2637 50 48 vo-

221 2673 82 36 cem
268 2673 82 36 nos
315 2673 151 36 audivima-
431 2673 58 36 e
454 2673 105 36 caelo
524 2673 140 36 delatam,
629 2673 93 36 quum
687 2673 128 36 essemus
780 2673 82 36 una
827 2673 82 36 cum
874 2673 70 36 eo
909 2673 70 36 in
932 2673 93 36 monter

223 2709 94 38 illo
282 2709 130 38 sancto.
376 2709 71 38 Et
412 2709 130 38 habemus
506 2709 153 38 firmiorem
624 2709 106 38 illum
695 2709 141 38 sermonem
801 2709 189 38 Propheticum:
942 2709 71 38 quem

235 2742 174 37 banefacitis:
376 2742 87 37 quod
430 2742 152 37 attendnis,
550 2742 98 37 velut
615 2742 130 37 lucernam
712 2742 163 37 splendentem
842 2742 65 37 in
875 2742 119 37 objcuro
951 2742 65 37 loco

228 2769 128 42 usquedum
324 2769 74 42 aus
367 2769 181 42 illucesceres,
515 2769 53 42 &
537 2769 106 42 lucfer
611 2769 138 42 exoriatur
717 2769 64 42 in
749 2769 128 42 cordibus
845 2769 128 42 vestris.
941 2769 64 42 Si
962 2769 53 42 il-

236 2804 79 46 lux
281 2804 101 46 prmum
348 2804 158 46 noviritis,
472 2804 113 46 nullum
551 2804 158 46 Praphetiam
675 2804 158 46 Scripturae
799 2804 90 46 esse
855 2804 124 46 proprin
934 2804 79 46 expli

231 2835 160 48 tutionis.
354 2835 135 48 Exempli
452 2835 135 48 gratia:
551 2835 123 48 Paulus
637 2835 111 48 dicit
711 2835 123 48 priori
797 2835 74 48 ad
834 2835 172 48 Corinthios
957 2835 62 48 se-

238 2877 109 36 btimo,
314 2877 98 36 vers.
380 2877 109 36 decimo
456 2877 98 36 nono.
522 2877 164 36 Circumcisio
652 2877 98 36 nihiu
718 2877 87 36 est,
772 2877 55 36 &
794 2877 153 36 praeputium
914 2877 98 36 nihil
968 2877 44 36 e,

235 2904 79 45 Hoc
280 2904 102 45 recte
348 2904 193 45 intelligetur,
506 2904 68 45 si
540 2904 159 45 conseratur
665 2904 79 45 cum
710 2904 68 45 eo
744 2904 91 45 quod
801 2904 91 45 idem
857 2904 136 45 scribit,
948 2904 68 45 ine-

229 2942 125 48 pistola
319 2942 68 48 ad
353 2942 125 48 Galatus
444 2942 125 48 quinto,
535 2942 147 48 versiculo
648 2942 113 48 sexto:
727 2942 68 48 In
761 2942 125 48 Christo
852 2942 91 48 Jesu
909 2942 102 48 neque
965 2942 57 48 cir

234 2974 140 36 camnisio
340 2974 129 36 quuquam
433 2974 117 36 vales,
515 2974 105 36 neque
585 2974 164 36 praepatium
714 2974 82 36 Nam
761 2974 70 36 ex
796 2974 82 36 hac
843 2974 164 36 collatione
960 2974 58 36 co-

232 3006 136 44 ligitum,
334 3006 113 44 Nvihit
413 3006 79 44 ess
458 3006 113 44 priori
537 3006 68 44 ad
571 3006 158 44 Corinthios
696 3006 136 44 septimo,
798 3006 125 44 versic.
877 3006 147 44 decimonono.

236 3040 113 42 ideni
311 3040 100 42 esse
373 3040 100 42 quod
436 3040 88 42 non
486 3040 125 42 valere
573 3040 150 42 quicquam

273 3068 101 41 VIII.
340 3068 135 41 Collatio
441 3068 90 41 loci
497 3068 168 41 explicandi,
632 3068 79 41 cum
677 3068 101 41 aliis
744 3068 191 41 dissimilibus,
902 3068 90 41 quin
946 3068 79 41 etiam

234 3105 77 41 in
273 3105 140 41 speciem
375 3105 204 41 pugnantibus,
541 3105 153 41 eorumque
656 3105 204 41 conciliatio.
822 3105 179 41 Augustinus
949 3105 64 41 dec

224 3137 82 57 mo
265 3137 123 57 tomo,
347 3137 150 57 Scrmone
456 3137 150 57 secundo
565 3137 164 57 deverbis
674 3137 123 57 Domini:

1085 158 76 58 I.
1123 158 153 58 Rerentio
1238 158 76 58 ut
1276 158 127 58 rerum,
1366 158 89 58 ita
1417 158 64 58 &
1442 158 115 58 vocum
1519 158 76 58 ac
1557 158 166 58 plirasium
1684 158 127 58 quibus
1761 158 89 58 Scri-

1080 202 97 42 tura
1141 202 109 42 Sacra
1213 202 134 42 utitur.
1311 202 194 42 Deuteronomii
1468 202 121 42 capite
1553 202 134 42 quarto,
1651 202 158 42 versiculo
1760 202 97 42 secun-

1060 240 78 35 do.
1104 240 67 35 Ne
1138 240 111 35 addite
1216 240 67 35 ad
1249 240 111 35 verbum
1327 240 100 35 illud
1394 240 89 35 quod
1449 240 78 35 ego
1494 240 145 35 praecipio
1605 240 111 35 vobis,
1683 240 100 35 neque
1739 240 111 35 ditrahis

1062 273 63 37 to
1093 273 63 37 de
1124 273 73 37 eo,
1166 273 63 37 ut
1197 273 125 37 servetis
1292 273 136 37 praecepta
1396 273 115 37 Jehovae
1480 273 73 37 Dei
1521 273 105 37 vestri
1595 273 84 37 quae
1647 273 73 37 ego
1689 273 136 37 praecipio
1783 273 73 37 vobis

1074 302 121 39 priori
1158 302 72 39 ad
1195 302 157 39 Timotheum
1315 302 121 39 capite
1400 302 121 39 quarto
1484 302 157 39 versiculo
1605 302 121 39 sexto.
1689 302 84 39 Hoc
1737 302 72 39 si
1762 302 97 39 subje-

1058 341 97 37 ceris
1123 341 151 37 fratribus,
1241 341 97 37 bonus
1306 341 86 37 eris
1360 341 129 37 minister
1457 341 86 37 Jesu
1511 341 129 37 Christi,
1608 341 151 37 innutritus
1727 341 65 37 in
1748 341 108 37 sermoni-

1069 368 79 42 bus
1114 368 113 42 fidei,
1193 368 57 42 &
1216 368 159 42 praeclavae
1340 368 159 42 doctrinae,
1465 368 204 42 quamassectatus
1635 368 79 42 es.
1680 368 91 42 Nisi
1725 368 125 42 constrin-

1063 399 141 47 gendorum
1169 399 189 47 haereticorum
1322 399 106 47 causa
1393 399 106 47 voces
1464 399 106 47 aptae
1535 399 59 47 &
1558 399 106 47 rebus
1629 399 71 47 in
1664 399 153 47 Scriptura
1770 399 71 47 tra-

1067 432 115 46 ditis,
1147 432 184 46 respondentes
1296 432 161 46 adhibendae
1422 432 103 46 sint,
1491 432 149 46 cujusmodi
1606 432 80 46 est
1652 432 80 46 vox
1697 432 149 46 o,
1801 432 57 46 es-

1053 465 120 44 sentia,
1140 465 142 44 Trinitas,
1238 465 55 44 &c.

1085 501 84 46 X.
1127 501 140 46 Examen
1225 501 280 46 interpretationis
1463 501 84 46 an
1505 501 98 46 cum
1561 501 168 46 analogia
1687 501 126 46 fidei
1771 501 70 46 &
1785 501 70 46 ve-

1057 533 154 44 ritate
1164 533 184 44 primorum
1303 533 184 44 dogmatum
1441 533 215 44 conveniat,
1610 533 154 44 quorum
1718 533 138 44 summa
1795 533 61 44 in

1056 571 158 47 Symbolo
1170 571 201 47 Apostolico
1328 571 72 47 &
1357 571 172 47 Decalogo
1486 571 272 47 comprehenditur.
1715 571 86 47 ad
1744 571 100 47 Roma.

1058 607 90 36 nos
1109 607 128 36 capite
1199 607 167 36 duodecimo
1327 607 167 36 versiculo
1456 607 128 36 sexto.
1545 607 154 36 Habentes
1661 607 115 36 autem
1725 607 128 36 diversas

1057 637 96 39 dona
1117 637 84 39 pro
1165 637 120 39 gratia
1249 637 96 39 quae
1309 637 108 39 nobis
1381 637 96 39 data
1441 637 96 39 est,
1501 637 96 39 sive
1561 637 180 39 prophetiam,
1693 637 156 39 prophetemus

1069 668 83 46 pro
1117 668 143 46 analogia
1224 668 119 46 fidet.
1307 668 167 46 Augustinus
1438 668 71 46 de
1474 668 143 46 civitate
1581 668 83 46 Dei
1629 668 107 46 libro
1700 668 167 46 decimoquin

1063 697 72 42 to
1099 697 121 42 capite
1171 697 121 42 septimo.

1086 730 93 47 XI.
1139 730 172 47 Exercitia
1271 730 79 47 ad
1311 730 172 47 Scripture
1443 730 238 47 intelligentiam
1641 730 198 47 conferentia
1787 730 66 47 cu-

1070 762 141 52 usmodi
1168 762 112 52 sunt
1239 762 141 52 lectio
1337 762 211 52 Conciliorum
1506 762 183 52 saniorum,
1646 762 70 52 &
1660 762 197 52 expositionum

1052 806 78 40 ab
1091 806 117 40 aliis
1169 806 220 40 interpretibus
1350 806 194 40 traditatum,
1505 806 130 40 quibus
1596 806 142 40 omnibus
1700 806 142 40 eatenus
1790 806 65 40 da-

1057 838 92 44 tur
1110 838 132 44 locus,
1202 838 158 44 quatenus
1320 838 92 44 cum
1373 838 171 44 Scriptura
1505 838 119 44 Sacra
1584 838 211 44 consentiunt:
1742 838 105 44 obser-

1051 871 123 48 vatio
1133 871 150 48 praxeos
1242 871 191 48 Ecclesiae:
1392 871 191 48 colloquium
1542 871 95 48 cum
1597 871 123 48 aliis
1679 871 68 48 &
1706 871 136 48 maxime
1788 871 68 48 pe-

1062 897 189 49 ritioribus:
1214 897 214 49 disputationum
1390 897 189 49 assiduitas:
1541 897 164 49 concionum
1668 897 63 49 &
1680 897 164 49 praelectio-

1056 935 92 39 num
1109 935 224 39 Theologicarum
1293 935 145 39 attenta
1399 935 211 39 auscultatio:
1570 935 132 39 priori
1662 935 79 39 ad
1689 935 158 39 Corinthios

1059 966 213 45 decimoquarto,
1235 966 163 45 versiculo
1360 966 213 45 vigesimonono,
1536 966 175 45 trigesimo,
1661 966 188 45 trigesimopri-

1055 1002 88 44 mo,
1106 1002 265 44 trigesimosecundo,
1333 1002 252 44 trigesimotertio.
1547 1002 164 44 Prophetae
1673 1002 114 44 autem
1749 1002 88 44 duo
1787 1002 63 44 aut

1063 1034 93 48 tres
1122 1034 151 48 loquantur
1238 1034 58 48 &
1261 1034 93 48 alij
1319 1034 105 48 dijua
1389 1034 105 48 cent.
1459 1034 93 48 Quod
1517 1034 70 48 si
1552 1034 93 48 quid
1611 1034 93 48 alij
1669 1034 140 48 retectum
1762 1034 93 48 fuerit

1060 1071 163 42 assidenti,
1189 1071 105 42 prior
1259 1071 128 42 taceat.
1352 1071 140 42 Potestis
1457 1071 93 42 enim
1515 1071 105 42 omnes
1585 1071 163 42 sigillatim
1701 1071 152 42 prophetare,

1059 1103 79 43 ut
1098 1103 119 43 omnes
1178 1103 159 43 discant,
1297 1103 66 43 &
1324 1103 119 43 omnes
1403 1103 225 43 consolationem
1588 1103 185 43 accipiant.
1734 1103 79 43 Et
1761 1103 79 43 spi-

1049 1133 114 44 ritus
1126 1133 191 44 Prophetarum
1278 1133 165 44 prophetis
1405 1133 114 44 subij
1481 1133 89 44 ius
1532 1133 102 44 tur.
1596 1133 89 44 Nen
1647 1133 102 44 enim
1710 1133 89 44 est
1748 1133 102 44 incom-

1066 1165 119 44 positi
1149 1165 119 44 status
1233 1165 107 44 autor
1304 1165 107 44 Deus,
1376 1165 83 44 sed
1423 1165 119 44 pacis,
1507 1165 71 44 ut
1542 1165 71 44 in
1578 1165 131 44 omnibus
1673 1165 155 44 Ecclesius
1781 1165 71 44 san

1052 1196 93 38 ctorum

1092 1226 106 49 XII.
1158 1226 133 49 Artium
1251 1226 67 49 &
1278 1226 226 49 disciplinarum
1464 1226 67 49 &
1491 1226 160 49 inprimis
1611 1226 213 49 Grammaticae,
1770 1226 80 49 Rhe-

1059 1259 129 44 toricae
1153 1259 59 44 &
1176 1259 187 44 Dialecticae,
1329 1259 176 44 Physicaeque
1469 1259 152 44 cognitio.
1586 1259 164 44 Augustinus
1715 1259 117 44 tertio
1785 1259 59 44 to-

1069 1296 81 50 mo,
1116 1296 105 50 libro
1186 1296 128 50 secundo
1279 1296 70 50 de
1314 1296 140 50 doctrina
1418 1296 175 50 Christiana,
1558 1296 116 50 capite
1640 1296 163 50 trigesimo,
1768 1296 58 50 &
1779 1296 70 50 tri

1051 1323 180 47 gesimoprimo

1094 1355 113 55 Media
1170 1355 100 55 post
1232 1355 200 55 meditationem
1395 1355 175 55 Scripturae
1533 1355 175 55 necessaria
1671 1355 113 55 sunt:
1746 1355 75 55 I.
1771 1355 75 55 Gra-

1073 1388 129 54 citudo
1164 1388 104 54 erga
1228 1388 117 54 Deum,
1306 1388 168 54 declarata
1436 1388 91 54 tum
1487 1388 168 54 gratiarum
1617 1388 142 54 actione
1721 1388 104 54 erga
1772 1388 78 54 Deum

1072 1429 83 45 pro
1120 1429 143 45 revelato
1227 1429 95 45 vero
1286 1429 107 45 sensu
1357 1429 59 45 &
1381 1429 83 45 usu
1429 1429 178 45 Scripturae,
1572 1429 83 45 tum
1619 1429 166 45 precatione
1750 1429 71 45 ut
1774 1429 71 45 Deus

1048 1455 61 51 E
1072 1455 183 51 cognitionem
1219 1455 159 51 veritatis
1341 1455 146 51 cordibus
1450 1455 134 51 nostris
1548 1455 146 51 infigat,
1658 1455 73 51 ne
1694 1455 122 51 unquam
1768 1455 85 51 exci-

1064 1494 97 52 dat.
1125 1494 73 52 I.
1161 1494 255 52 Thessalonicensium
1380 1494 134 52 quinto,
1477 1494 134 52 versic.
1574 1494 219 52 decimoseptimo,
1744 1494 109 52 decimo-

1067 1522 135 40 octavo.3
1168 1522 67 40 ne
1201 1522 258 40 intormissioneorate:
1426 1522 67 40 pe
1459 1522 79 40 omn
1504 1522 79 40 bus
1549 1522 123 40 gratias
1628 1522 79 40 agite

1102 1557 91 50 II.
1154 1557 169 50 Repetitio
1284 1557 65 50 &
1310 1557 169 50 ruminatio
1440 1557 156 50 lectorum
1558 1557 208 50 auditorumque
1727 1557 78 50 ex
1753 1557 91 50 Scri-

1063 1589 106 45 ptura
1134 1589 59 45 &
1158 1589 95 45 eius
1217 1589 237 45 interpretatione,
1418 1589 177 45 Philippens.
1560 1589 71 45 3.
1596 1589 154 45 versiculo
1714 1589 118 45 primo.
1785 1589 59 45 Eu-

1075 1629 88 45 tdem
1130 1629 132 45 scribere
1229 1629 110 45 vobis,
1306 1629 66 45 me
1339 1629 110 45 quidem
1416 1629 88 45 haud
1471 1629 110 45 piget,
1547 1629 99 45 vobis
1613 1629 99 45 autem
1679 1629 99 45 tuium
1745 1629 88 45 est.
1789 1629 66 45 Ergo

1065 1653 64 43 &
1091 1653 141 43 nostrum
1193 1653 90 43 est
1244 1653 115 43 eadem
1321 1653 166 43 identidem
1449 1653 154 43 repetere
1564 1653 64 43 &
1577 1653 128 43 ruminare

1101 1685 100 45 III.
1163 1685 199 45 Communicatio
1324 1685 162 45 veritatis
1449 1685 174 45 salvisicae
1586 1685 75 45 in
1623 1685 174 45 Scripturae
1747 1685 100 45 medita

1062 1718 107 47 tione
1133 1718 59 47 a
1157 1718 83 47 Deo
1205 1718 143 47 acceptae
1312 1718 83 47 cum
1359 1718 107 47 aliis
1430 1718 83 47 qui
1478 1718 83 47 vel
1525 1718 166 47 cognitione
1656 1718 95 47 eius
1715 1718 83 47 vel
1751 1718 95 47 consit

1066 1760 132 39 matione
1162 1760 72 39 in
1198 1760 72 39 ea
1234 1760 156 39 indigent:
1354 1760 96 39 quia
1414 1760 192 39 communicanti
1570 1760 180 39 liberaliter
1714 1760 84 39 cum
1762 1760 108 39 aliis
1822 1760 36 39 .

1068 1789 146 49 talentum
1177 1789 182 49 cognitionis
1323 1789 158 49 veritatis
1444 1789 146 49 diuinae,
1553 1789 133 49 augetur
1650 1789 109 49 donum
1723 1789 158 49 cognitio

1066 1826 82 33 nis
1113 1826 130 33 illius:
1207 1826 71 33 ut
1243 1826 141 33 Christus
1349 1826 106 33 docet
1419 1826 153 33 parabolam
1537 1826 130 33 talenti
1631 1826 141 33 Matthaei
1726 1826 130 33 vigesimo-

1078 1856 138 44 quinto,
1179 1856 163 44 versiculo
1304 1856 200 44 decimoquinto
1467 1856 63 44 &
1492 1856 200 44 sequentibus:
1655 1856 63 44 &
1680 1856 163 44 parabolam
1792 1856 63 44 mi-

1061 1882 89 50 nae
1112 1882 127 50 servis
1201 1882 114 50 datae
1277 1882 63 50 a
1302 1882 127 50 Domino
1391 1882 76 50 ad
1429 1882 228 50 negotiationem,
1620 1882 114 50 Lucae
1683 1882 165 50 decimonono.

1068 1922 159 39 versiculo
1190 1922 195 39 decimotertio
1349 1922 61 39 &
1373 1922 195 39 sequentibus,
1532 1922 73 39 in
1568 1922 85 39 qua
1617 1922 134 39 dominus
1715 1922 110 39 inter
1776 1922 73 39 alia

1064 1949 150 52 expresse
1176 1949 125 52 dicit,
1264 1949 100 52 Omni
1326 1949 138 52 habenti
1426 1949 150 52 dubitur,
1539 1949 63 52 &
1564 1949 188 52 exuberabit,
1701 1949 150 52 Romanorum.

1068 1983 197 48 decimoquarto,
1231 1983 69 48 1.
1265 1983 81 48 Eum
1312 1983 93 48 vero
1370 1983 81 48 qui
1416 1983 93 48 fide
1474 1983 81 48 est
1520 1983 139 48 infirmus
1624 1983 151 48 assumite,
1740 1983 81 48 non
1775 1983 81 48 tamen

1075 2020 70 42 id
1110 2020 199 42 altercationes
1274 2020 222 42 disceptationum,
1461 2020 128 42 prioris
1554 2020 187 42 Corinthiorum
1706 2020 105 42 nono,
1764 2020 82 42 versi

1070 2053 92 47 culo
1127 2053 230 47 vigesimosecundo,
1322 2053 218 47 vigesimotertio.
1506 2053 115 47 Factus
1586 2053 80 47 sum
1632 2053 138 47 infirmis
1735 2053 69 47 ut
1758 2053 92 47 insiri

1052 2078 91 49 mus,
1109 2078 68 49 ut
1143 2078 137 49 infirmos
1245 2078 194 49 lucrifacerem:
1405 2078 125 49 omnibus
1496 2078 114 49 factus
1576 2078 80 49 sum
1622 2078 114 49 omnia,
1702 2078 68 49 ut
1736 2078 114 49 omnino
1804 2078 46 49 a-

1070 2119 107 47 liquos
1145 2119 139 47 servarem.
1252 2119 75 47 Hoc
1295 2119 96 47 autem
1359 2119 96 47 facio
1424 2119 118 47 propter
1509 2119 161 47 Evangelium,
1638 2119 64 47 ut
1670 2119 75 47 una
1713 2119 139 47 particeps
1809 2119 43 47 e-

1070 2147 67 42 jus
1099 2147 58 42 fiam

1101 2181 86 45 IV.
1150 2181 171 45 Transsatio
1284 2181 171 45 Scripturae
1419 2181 122 45 Sacrae
1504 2181 110 45 recte
1578 2181 183 45 intellectae
1724 2181 73 45 ad
1749 2181 110 45 nostrum

1064 2213 111 45 etiam
1137 2213 111 45 usum,
1211 2213 86 45 sic
1260 2213 74 45 vt
1297 2213 74 45 in
1334 2213 147 45 veritate
1445 2213 135 45 cognita
1543 2213 172 45 constanter
1666 2213 184 45 perseveremus.

1070 2251 146 40 errores
1176 2251 173 40 deponamus
1309 2251 93 40 aut
1362 2251 173 40 fugiamus,
1495 2251 160 40 pietatem
1615 2251 199 40 exerceamus,
1761 2251 93 40 Chri-

1064 2279 107 43 stum
1130 2279 147 43 Dominum
1237 2279 107 43 toto
1304 2279 147 43 pectore
1410 2279 187 43 diligamus,
1557 2279 120 43 mores
1637 2279 67 43 &
1663 2279 120 43 vitam
1730 2279 120 43 emende.

1068 2315 93 39 mus
1121 2315 132 39 eamque
1213 2315 119 39 recte
1293 2315 212 39 instituamus,
1464 2315 212 39 conscientiam
1636 2315 119 39 bonam
1702 2315 159 39 retineamus

1061 2347 65 41 &
1087 2347 78 41 in
1126 2347 156 41 imaginem
1243 2347 91 41 Dei
1295 2347 117 41 magis
1373 2347 156 41 nagisque
1489 2347 234 41 transformemur,
1684 2347 130 41 nosque
1762 2347 91 41 ipsos

1077 2377 157 45 idversus
1195 2377 170 45 peccatum,
1325 2377 209 45 adflictiones
1495 2377 131 45 omnes,
1587 2377 131 45 mortem
1678 2377 144 45 denique
1770 2377 91 45 ipsam

1067 2414 242 38 consolationibus
1271 2414 76 38 ex
1309 2414 165 38 Scriptura
1436 2414 140 38 petitis
1538 2414 165 38 crigamus,
1665 2414 140 38 prioris
1754 2414 102 38 Corin-

1076 2441 127 50 hiorum
1165 2441 114 50 nono,
1241 2441 165 50 versiculo
1368 2441 254 50 vigesimoseptimo.
1584 2441 152 50 Contundo
1698 2441 127 50 corpus
1774 2441 76 50 meum

1076 2479 74 41 Sin
1119 2479 138 41 serviture
1225 2479 138 41 redigoine
1331 2479 74 41 quo
1373 2479 95 41 modo,
1437 2479 85 41 quum
1490 2479 95 41 aliis
1554 2479 159 41 praedicarim
1681 2479 85 41 ipse
1723 2479 138 41 rejectaneus

1066 2515 100 40 siam
1128 2515 149 40 Johannis
1240 2515 212 40 decimoquarto,
1414 2515 162 40 versiculo
1539 2515 224 40 vigesimoprimo,
1725 2515 87 40 qui
1763 2515 87 40 dili-

1067 2550 77 36 git
1111 2550 77 36 me,
1155 2550 143 36 diligetur
1265 2550 55 36 a
1287 2550 99 36 Patre
1353 2550 88 36 meo:
1408 2550 55 36 &
1430 2550 77 36 ego
1473 2550 121 36 diligam
1561 2550 77 36 eum
1605 2550 55 36 &
1627 2550 66 36 ei
1660 2550 187 36 conspiciendum
1803 2550 44 36 ex

1065 2583 116 35 hibibo
1147 2583 70 35 me
1182 2583 116 35 ipsum.
1263 2583 139 35 Pietatis
1367 2583 58 35 &
1391 2583 163 35 charitatis
1518 2583 186 35 ergaChristum
1669 2583 116 35 merces
1750 2583 81 35 est
1785 2583 70 35 pro-

1077 2609 118 43 fectus
1160 2609 71 43 in
1195 2609 165 43 cognitione
1324 2609 129 43 Christi
1418 2609 59 43 &
1442 2609 165 43 Scripturae
1571 2609 129 43 Sacrae,
1665 2609 71 43 2.
1688 2609 165 43 Corinthiorum

1068 2644 132 41 tertio,
1164 2644 108 41 vers.
1236 2644 205 41 decimooctavo.
1405 2644 84 41 Nos
1453 2644 108 41 autem
1525 2644 108 41 omnes
1597 2644 132 41 retecta
1694 2644 108 41 facie
1754 2644 108 41 gloriam

1071 2680 130 37 Domini,
1166 2680 107 37 quasi
1237 2680 71 37 in
1273 2680 130 37 speculo
1367 2680 166 37 intuentes,
1498 2680 71 37 in
1533 2680 118 37 eandem
1616 2680 142 37 imaginem
1711 2680 142 37 transforma

1069 2720 82 36 mur
1116 2720 70 36 ex
1151 2720 117 36 gloria
1233 2720 70 36 in
1268 2720 140 36 gloriam,
1373 2720 105 36 sicut
1444 2720 58 36 a
1467 2720 117 36 Domino
1549 2720 140 36 Spiritu.
1654 2720 129 36 prioris
1736 2720 117 36 Timothe-

1080 2744 127 41 quarto,
1173 2744 150 41 versiculo
1288 2744 138 41 septimo,
1391 2744 127 41 octavo.
1484 2744 115 41 Exercc
1564 2744 127 41 teipsum
1656 2744 69 41 ad
1691 2744 150 41 pietatem.
1794 2744 58 41 Nam

1076 2779 140 40 corporalis
1186 2779 150 40 exercitatio
1306 2779 60 40 ad
1336 2779 90 40 pauca
1396 2779 100 40 utilis
1466 2779 80 40 est:
1515 2779 60 40 at
1545 2779 100 40 pietas
1615 2779 60 40 ad
1645 2779 90 40 omnin
1705 2779 100 40 utilis
1775 2779 80 40 est:
1815 2779 40 40 ut

1082 2810 87 40 quae
1137 2810 174 40 promissionem
1278 2810 109 40 habeat
1355 2810 98 40 vitae
1420 2810 153 40 praesentis
1540 2810 65 40 ac
1573 2810 131 40 futurae.
1671 2810 98 40 Inter
1736 2810 98 40 alias
1791 2810 76 40 autem

1086 2845 190 47 romissiones,
1241 2845 83 47 est
1288 2845 107 47 etiam
1360 2845 178 47 augmentatio
1502 2845 178 47 cognitionis
1645 2845 166 47 salvisicae
1776 2845 71 47 in
1800 2845 71 47 ver-

1073 2872 68 43 bo
1107 2872 79 43 Dei
1141 2872 124 43 revelata.

1108 2908 158 48 Hactenus
1226 2908 171 48 enumerata
1358 2908 105 48 sunt
1424 2908 118 48 media
1503 2908 184 48 inveniendi
1647 2908 118 48 verum
1713 2908 158 48 Scripturae

1083 2941 120 43 Sacrae
1167 2941 120 43 sensum
1251 2941 60 43 &
1275 2941 108 43 usum:
1346 2941 120 43 quibus
1430 2941 72 43 ut
1466 2941 156 43 fructuose
1586 2941 84 43 uti
1634 2941 156 43 possimus,
1741 2941 120 43 repellem

1080 2975 75 50 da
1117 2975 62 50 &
1142 2975 137 50 cavenda
1241 2975 99 50 sunt
1303 2975 112 50 omnia
1378 2975 186 50 impedimenta
1527 2975 87 50 iis
1576 2975 161 50 opposita:
1701 2975 75 50 Ex
1738 2975 87 50 iis
1775 2975 87 50 quae-

1071 3010 85 40 dam
1120 3010 98 40 sunt
1181 3010 159 40 contraria
1303 3010 122 40 mediis
1388 3010 110 40 primi
1449 3010 122 40 ordinis.

1111 3042 72 45 I.
1147 3042 120 45 Carnis
1231 3042 156 45 sapientia
1351 3042 72 45 ac
1387 3042 168 45 prudentia,
1519 3042 144 45 Matthaei
1627 3042 156 45 undecimo,
1735 3042 132 45 versiculo

1084 3071 217 47 vigesimoquinto.
1266 3071 91 47 Illo
1323 3071 103 47 autem
1391 3071 91 47 ipso
1448 3071 125 47 tempore
1539 3071 160 47 respondens
1665 3071 103 47 Iesus
1733 3071 114 47 dixit,
1802 3071 68 47 Glo-

1082 3115 87 38 riam
1137 3115 87 38 tibi
1191 3115 109 38 tribuo
1267 3115 98 38 Pater
1333 3115 109 38 Domine
1409 3115 98 38 coeli
1475 3115 55 38 &
1496 3115 120 38 terrae,
1584 3115 87 38 quod
1638 3115 87 38 haec
1693 3115 174 38 occultaveris
1823 3115 44 38 sa

1081 3143 154 39 vientibus
1200 3143 59 39 &
1223 3143 237 39 intelligentibus:
1424 3143 59 39 &
1448 3143 71 39 ea
1484 3143 154 39 detexeris
1602 3143 178 39 infantibus.
1732 3143 142 39 Romanorum.
