2063 3389
213 166 155 44 Scriptura
332 166 119 44 Sacra,
415 166 131 44 tanquam
510 166 83 44 cum
558 166 107 44 unico
629 166 107 44 fonte
701 166 155 44 veritatis
820 166 155 44 caelestis
939 166 59 44 &
951 166 59 44 sal

208 212 163 40 vificae,
331 212 190 40 fundamento
480 212 136 40 immoto
575 212 68 40 &
602 212 136 40 regula
698 212 122 40 fidei
779 212 68 40 &
806 212 149 40 bonorum
901 212 109 40 operum

198 242 155 38 nunquam
310 242 183 38 fallente,
451 242 197 38 consentit.
605 242 112 38 Haec
676 242 112 38 enim
746 242 98 38 est
802 242 126 38 prima
872 242 141 38 communi-

207 277 62 32 &
231 277 185 32 principalis
379 277 185 32 assentiendi
528 277 148 32 scriptis
639 277 136 32 humanis
737 277 123 32 causa,
824 277 173 32 videlicet,
947 277 62 32 cum

213 308 161 33 Scriptura
337 308 112 33 Sacra
411 308 174 33 consensus:
548 308 62 33 &
573 308 74 33 si
610 308 186 33 consentiant
759 308 87 33 cum
808 308 161 33 Scriptura
920 308 87 33 Sacra

207 341 165 34 continent
334 341 101 34 sane
398 341 63 34 &
423 341 101 34 sunt
486 341 127 34 verbum
575 341 89 34 Dei
626 341 101 34 quod
689 341 140 34 attinet
791 341 76 34 ad
829 341 178 34 sententiam
956 341 63 34 seu

206 375 176 35 doctrinam,
344 375 88 35 non
395 375 113 35 tamen
470 375 100 35 quod
532 375 75 35 ad
570 375 125 35 verba,
658 375 100 35 quae
721 375 75 35 in
758 375 163 35 efferenda
871 375 138 35 Scriptura

203 408 175 41 sententia
337 408 188 41 adhibentur
485 408 161 41 secundum
606 408 148 41 hominum
713 408 242 41 deliberationem
915 408 67 41 &
928 408 81 41 con

190 439 105 35 silium

242 461 77 45 At
281 461 166 45 Scriptura
408 461 115 45 Sacra
485 461 90 45 est
536 461 128 45 Verbum
626 461 90 45 Dei
677 461 192 45 simpliciter
830 461 64 45 &
856 461 102 45 quod
920 461 77 45 ad
958 461 90 45 res
997 461 38 45 &

220 507 93 39 quod
279 507 70 39 ad
314 507 105 39 verba
384 507 129 39 attinet
477 507 93 39 sine
536 507 93 39 ulla
594 507 175 39 exceptione,
735 507 129 39 Idcirco
828 507 70 39 ei
851 507 164 39 assentiendum

216 539 74 39 ab
253 539 136 39 omnibus
352 539 173 39 necessario
488 539 198 39 simpliciter:
649 539 223 39 Ecclesiasticis
835 539 112 39 autem
897 539 124 39 sciiptis

210 572 202 33 Propheticam
371 572 67 33 &
398 572 202 33 Apostolicam
560 572 189 33 Scripturam
708 572 269 33 interpretantibus
937 572 67 33 &
951 572 67 33 do-

209 607 143 43 ctrinam
313 607 169 43 Ecclesiae
443 607 221 43 explicantibus
624 607 91 43 non
676 607 208 43 assentiendum
845 607 130 43 aliter
923 607 91 43 quams

216 639 84 36 cum
264 639 108 36 Sacra
336 639 156 36 Scriptura
456 639 192 36 consentiant.
612 639 132 36 Jesaiae
707 639 132 36 octavo,
803 639 156 36 versiculo
911 639 108 36 vigesi-

211 672 98 39 mo:
267 672 84 39 Ad
309 672 125 39 Legem
392 672 70 39 &
420 672 84 39 ad
462 672 223 39 testimonium,
643 672 98 39 &c.
699 672 153 39 Actorum
796 672 223 39 decimoseptimo,

201 707 156 32 versiculo
321 707 156 32 undecimo,
441 707 72 32 B.
477 707 144 32 roeenses
585 707 144 32 quotidie
694 707 180 32 examinarunt
838 707 168 32 Scripturas
958 707 48 32 a-

215 736 87 36 haec
270 736 76 36 ita
313 736 164 36 schaberent:
444 736 98 36 Multi
510 736 109 36 igitur
586 736 164 36 crediderunt
717 736 65 36 ex
750 736 87 36 eis.
805 736 153 36 Subscribit
914 736 87 36 Chryso

209 769 134 45 stomus
302 769 147 45 homilia
409 769 267 45 quadragesimanona
636 769 80 45 in
676 769 174 45 Matthaeum
810 769 120 45 opere
876 769 134 45 imperfe-

211 805 89 45 cto:
267 805 78 45 Nec
311 805 100 45 ipsis
378 805 100 45 omino
445 805 145 45 Ecclesiis
557 805 145 45 credendum
668 805 89 45 est,
724 805 89 45 nisi
780 805 67 45 ea
813 805 112 45 dicant
891 805 78 45 vel
924 805 112 45 faciant,

211 837 88 46 quae
266 837 176 46 convenientia
408 837 88 46 sunt
452 837 132 46 Scripturis

256 852 150 55 Praeter
365 852 109 55 hanc
433 852 163 55 communem
556 852 68 55 &
583 852 204 55 principalem
747 852 204 55 assentiendi
896 852 123 55 causam,

214 893 120 41 habent
298 893 132 41 scripta
394 893 216 41 Ecclesiastica,
574 893 84 41 pro
622 893 132 41 autorum
718 893 60 41 a
742 893 120 41 quibus
826 893 108 41 edita
898 893 96 41 sunt
946 893 60 41 va-

207 936 148 41 rietate,
318 936 111 41 etiam
392 936 173 41 peculiares
528 936 160 41 rationes,
651 936 136 41 propter
750 936 99 41 quas
812 936 99 41 suam
873 936 136 41 quandam
960 936 49 41 in

210 968 148 47 Ecclesia
320 968 184 47 autoritatem
468 968 160 47 obtinent,
591 968 86 47 sed
640 968 172 47 longissime
775 968 172 47 inseriorem
898 968 111 47 autori-

210 998 93 45 tate
269 998 116 45 Sacrae
338 998 140 45 Scripturae

261 1024 131 44 Symbola
356 1024 154 44 Catholica
475 1024 154 44 universae
594 1024 131 44 veteris
688 1024 154 44 Ecclesiae
807 1024 166 44 orthodoxae
938 1024 59 44 a
950 1024 59 44 ne-

205 1065 110 36 mine
274 1065 110 36 vere
343 1065 193 36 Christiano
495 1065 83 36 in
536 1065 138 36 dubium
633 1065 166 36 vocanda.
757 1065 166 36 Symbolum
867 1065 152 36 Apostoli-

211 1097 86 41 cum
260 1097 111 41 aliis
334 1097 173 41 antecellit
470 1097 185 41 autoritate,
618 1097 99 41 quia
679 1097 99 41 fere
741 1097 111 41 totum
815 1097 173 41 Scripturae
938 1097 99 41 verbis

213 1130 150 36 constat,
325 1130 62 36 &
350 1130 112 36 aliis
424 1130 150 36 Symbolis
537 1130 162 36 antiquius
661 1130 62 36 &
686 1130 150 36 eorundem
798 1130 125 36 regula
885 1130 100 36 est.
935 1130 75 36 Symi

212 1164 113 34 hbola
288 1164 113 34 etiam
364 1164 113 34 alia,
439 1164 126 34 veluti
527 1164 151 34 Nicenum,
641 1164 214 34 Athanasianum,
805 1164 214 34 Constantinopol-

213 1198 128 35 tanum,
303 1198 231 35 Chalcedonense,
496 1198 90 35 &c.
547 1198 90 35 tam
598 1198 180 35 manifestum
740 1198 128 35 habent
829 1198 90 35 cum
868 1198 154 35 Scriptura-

204 1232 113 40 Sacra
280 1232 176 40 consensum,
418 1232 76 40 ut
456 1232 101 40 nemo
519 1232 76 40 ab
557 1232 113 40 illis
632 1232 176 40 dissentire
771 1232 138 40 possit,
872 1232 101 40 quin
922 1232 88 40 simu-

207 1262 172 36 dissentiat
342 1262 62 36 a
367 1262 172 36 Scriptura.
502 1262 160 36 Propterea
625 1262 74 36 ne
662 1262 123 36 quidem
748 1262 148 36 Ecclesia
859 1262 148 36 universa
958 1262 49 36 ha

206 1291 96 39 bet
261 1291 191 39 potestatem
411 1291 150 39 mutandi
521 1291 178 39 doctrinam
658 1291 68 39 &
685 1291 191 39 sententiam
835 1291 150 39 illorum
931 1291 82 39 Sym-

212 1328 150 35 bolorum,
325 1328 75 35 eo
363 1328 100 35 quod
426 1328 100 35 haec
488 1328 125 35 mutari
576 1328 88 35 non
626 1328 138 35 possit,
727 1328 100 35 quin
789 1328 125 35 simula
865 1328 150 35 sententia.

210 1360 183 37 Scripturae
353 1360 196 37 discedatur.
510 1360 183 37 Quapropter
654 1360 144 37 symbola
758 1360 170 37 Catholica
889 1360 157 37 obligant

207 1395 79 37 ad
246 1395 159 37 assensum
365 1395 119 37 omnes
445 1395 198 37 Christianos
603 1395 119 37 usque
683 1395 79 37 ad
722 1395 119 37 finem
802 1395 132 37 mundi,
894 1395 93 37 tam
934 1395 79 37 pro-

212 1432 110 40 pter
281 1432 138 40 summum
377 1432 96 40 cum
432 1432 179 40 Scriptura
570 1432 179 40 consensum
708 1432 83 40 in
749 1432 138 40 rebus,
845 1432 110 40 quam
914 1432 151 40 propter

209 1458 191 40 necessariam
362 1458 153 40 verborum
477 1458 64 40 &
503 1458 166 40 phrasium,
630 1458 128 40 quibus
720 1458 140 40 condita
822 1458 102 40 sunt
885 1458 77 40 in
911 1458 102 40 Eccle-

206 1492 93 38 sia
259 1492 226 38 usurpationem.
445 1492 106 38 Unde
511 1492 120 38 etiam
591 1492 106 38 sunt
657 1492 133 38 regula
750 1492 199 38 secundaria,
910 1492 80 38 ad
936 1492 80 38 quam

212 1529 63 33 a
238 1529 164 33 fidelibus
364 1529 114 33 omnis
440 1529 215 33 interpretatio
617 1529 177 33 Scripturae
756 1529 63 33 &
782 1529 152 33 doctrina
883 1529 139 33 examinari

206 1565 137 45 potest
302 1565 82 45 ac
343 1565 137 45 debet,
439 1565 82 45 ut
480 1565 96 45 cum
535 1565 82 45 ea
576 1565 205 45 congruentem
740 1565 192 45 recipiant,
877 1565 151 45 pugnantem

196 1593 154 44 repudient.

244 1620 177 41 Particulares
388 1620 221 41 interpretationes
576 1620 166 41 Scripturae,
708 1620 111 41 quales
786 1620 88 41 sunt
841 1620 66 41 in
863 1620 155 41 confessioni-

212 1654 83 42 bus
259 1654 83 42 seu
307 1654 142 42 scriptis
413 1654 142 42 publicis
520 1654 177 42 Ecclesiarum
661 1654 213 42 particularium,
839 1654 95 42 sive
898 1654 106 42 unius
957 1654 59 42 si-

210 1691 78 38 ve
249 1691 157 38 plurium,
367 1691 104 38 item
432 1691 78 38 in
471 1691 157 38 decretis
588 1691 65 38 &
614 1691 170 38 Canonibus
745 1691 196 38 Conciliorum
889 1691 130 38 particu-

206 1727 140 35 larium,
308 1727 76 35 in
346 1727 203 35 Catechesibus
511 1727 165 35 publicis,
638 1727 127 35 habent
727 1727 127 35 quidem
816 1727 102 35 suam
879 1727 114 35 etiam
943 1727 63 35 au-

213 1757 184 36 toritatem,
358 1757 92 36 sed
410 1757 119 36 longe
489 1757 184 36 inferiorem
634 1757 184 36 autoritate
779 1757 184 36 Symbolorum
911 1757 105 36 Catho-

209 1789 151 38 licorum,
323 1789 76 38 ac
360 1789 113 38 multo
436 1789 113 38 magis
512 1789 176 38 inferiorem
650 1789 176 38 autoritate
788 1789 176 38 Scripturae
914 1789 101 38 ipsius

207 1824 97 34 Etsi
267 1824 109 34 enim,
340 1824 72 34 ab
376 1824 85 34 iis
424 1824 97 34 quae
485 1824 121 34 docent
569 1824 72 34 ex
605 1824 109 34 verbo
678 1824 97 34 Dei,
738 1824 85 34 non
787 1824 121 34 potest
871 1824 97 34 sine
919 1824 97 34 impie-

207 1855 105 38 tate,
277 1855 82 38 aut
324 1855 128 38 saltem,
417 1855 93 38 sine
476 1855 117 38 errore
557 1855 152 38 discedere
674 1855 140 38 quisquam
779 1855 82 38 qui
825 1855 70 38 in
860 1855 140 38 Ecclesus
954 1855 58 38 il-

213 1890 87 35 lis
262 1890 137 35 docendi
362 1890 124 35 munere
448 1890 161 35 fungitur;
573 1890 112 35 neque
647 1890 112 35 etiam
722 1890 186 35 concedendum
870 1890 99 35 est,
933 1890 74 35 ut
957 1890 50 35 i1

217 1922 103 41 illis
285 1922 160 41 Ecclesiis,
411 1922 115 41 quarum
491 1922 92 41 sunt
549 1922 183 41 Confessiones
698 1922 103 41 illae
766 1922 57 41 &
789 1922 137 41 formulae
881 1922 126 41 interpre-

206 1961 117 32 tandi
284 1961 195 32 Scripturas,
440 1961 156 32 quisquam
557 1961 130 32 temere
648 1961 65 32 &
674 1961 91 32 cum
726 1961 156 32 periculo
843 1961 156 32 scandali
947 1961 65 32 aut

217 1995 187 31 turbationis
366 1995 200 31 Ecclesiarum,
528 1995 125 31 contra
616 1995 137 31 scribat
716 1995 75 31 ut
753 1995 137 31 doceat:
853 1995 112 31 tamen
928 1995 75 31 ad
953 1995 62 31 eas

220 2020 110 39 aliae
293 2020 159 39 Ecclesiae
416 2020 110 39 omnes
489 2020 61 39 &
514 2020 172 39 Christiani
649 2020 110 39 omnes
722 2020 159 39 adstringi
845 2020 86 39 non
894 2020 147 39 possunt,

210 2053 82 40 ita
257 2053 70 40 ut
292 2053 94 40 nisi
351 2053 105 40 illis
421 2053 176 40 subscribant
562 2053 59 40 &
585 2053 70 40 in
621 2053 82 40 eas
667 2053 129 40 jurent,
761 2053 82 40 pro
808 2053 129 40 membris
890 2053 129 40 Ecclesiae

209 2093 176 31 Catholicae
348 2093 139 31 Christi
449 2093 88 31 non
487 2093 151 31 habeantur.

255 2116 181 43 Propterea,
397 2116 206 43 Confessiones
565 2116 193 43 Ecclesiarum
719 2116 219 43 particularium
900 2116 64 43 &
913 2116 103 43 decre-

212 2150 81 36 ta
253 2150 189 36 Canonesque
402 2150 176 36 Synodorum
537 2150 243 36 particularium,
740 2150 68 36 &
767 2150 189 36 Catecheses
902 2150 108 36 Eccle-

216 2184 120 40 siarum
300 2184 217 40 particularium,
481 2184 60 40 &
505 2184 156 40 Liturgiae
625 2184 84 40 seu
673 2184 132 40 Agendae
769 2184 217 40 Ecclesiasticae
950 2184 60 40 &
962 2184 60 40 si-

207 2215 112 44 miles
281 2215 161 44 sormulae,
405 2215 161 44 doctrinae
529 2215 87 44 vel
579 2215 211 44 declarationes
752 2215 112 44 earum
827 2215 87 44 non
877 2215 99 44 sunt
926 2215 87 44 immo-

215 2257 75 38 ta
253 2257 113 38 atque
328 2257 188 38 universalis
479 2257 113 38 norma
554 2257 113 38 fidei
630 2257 63 38 &
655 2257 176 38 veritatis,
793 2257 151 38 secundum
906 2257 100 38 quam
956 2257 63 38 ju-

205 2289 134 34 dicari
298 2289 94 34 aut
352 2289 201 34 pronunciari
513 2289 174 34 oporteat,
647 2289 107 34 quid
714 2289 174 34 credendum
848 2289 67 34 &
862 2289 147 34 conceden-

208 2316 112 41 dum,
278 2316 112 41 quid
348 2316 210 41 repudiandum
516 2316 70 41 &
544 2316 196 41 damnandum,
697 2316 112 41 quid
767 2316 126 41 verum
851 2316 98 41 aut
893 2316 126 41 falsum,

224 2348 175 39 orthodoxum
362 2348 88 39 aut
412 2348 175 39 haereticum
550 2348 100 39 sit.
612 2348 88 39 Non
663 2348 100 39 enim
725 2348 125 39 semper
813 2348 138 39 necesse
913 2348 88 39 est
950 2348 63 39 ve-

223 2380 86 39 cum
272 2380 111 39 esse,
346 2380 98 39 quod
407 2380 86 39 cum
456 2380 148 39 alicujus
567 2380 160 39 Ecclesiae
690 2380 197 39 particularis
838 2380 172 39 confessione.

218 2416 145 37 decretis
327 2416 169 37 Synodicis,
460 2416 169 37 Catechesi,
593 2416 145 37 Liturgia
702 2416 85 37 seu
750 2416 121 37 Agenda
823 2416 193 37 Ecclesiastica;

216 2449 150 37 Forniula
329 2449 163 37 doctrinae
455 2449 88 37 aut
505 2449 201 37 declaratione
668 2449 125 37 aliqua
756 2449 100 37 alia
818 2449 163 37 congruit:
931 2449 88 37 neque

223 2481 121 39 semper
308 2481 121 39 falsum
392 2481 97 39 quod
453 2481 73 39 ab
489 2481 73 39 ea
526 2481 170 39 discrepat.
659 2481 97 39 Ergo
719 2481 157 39 postulari
840 2481 85 39 non
889 2481 121 39 debet,
974 2481 73 39 ut

213 2517 111 37 emnes
286 2517 160 37 Ecclesiae
409 2517 184 37 subscribant
557 2517 197 37 declarationi
717 2517 61 37 &
741 2517 148 37 formulae
852 2517 111 37 unius
914 2517 98 37 Eccle-

221 2549 102 37 sit?
285 2549 218 37 particularis:
464 2549 90 37 sed
516 2549 77 37 ne
554 2549 128 37 quidem
644 2549 166 37 Ecclesiam
772 2549 115 37 unam,
849 2549 90 37 aut
887 2549 128 37 privatum

206 2587 114 40 allum
282 2587 152 40 obligant
397 2587 114 40 illae
473 2587 165 40 formulae,
600 2587 76 40 ut
638 2587 89 40 eas
689 2587 165 40 approbet,
816 2587 114 40 seque
892 2587 114 40 intra
956 2587 63 40 eas

214 2620 166 43 contineat,
345 2620 95 43 nisi
404 2620 83 43 cum
452 2620 95 43 ista
511 2620 178 43 conditione,
654 2620 154 43 quaitenus
773 2620 83 43 cum
820 2620 154 43 Scriptura
927 2620 95 43 divina

220 2654 61 42 &
244 2654 85 42 Sym
293 2654 255 42 olisuniversalibus
499 2654 133 42 congruant

248 2677 78 40 Et
287 2677 143 40 proinde
391 2677 91 40 non
443 2677 130 40 tantum
533 2677 143 40 aliarum
637 2677 207 40 Ecclesiarum,
806 2677 91 40 sed
857 2677 143 40 illarum
948 2677 78 40 quo-

218 2717 84 39 que
266 2717 60 39 a
290 2717 120 39 quibus
374 2717 96 39 sunt
435 2717 132 39 editae,
531 2717 60 39 &
555 2717 72 39 in
591 2717 84 39 iis
639 2717 156 39 docentium
759 2717 72 39 ac
795 2717 156 39 viventium
904 2717 120 39 judicio-

223 2748 67 37 ac
256 2748 135 37 censurae
358 2748 90 37 sunt
414 2748 157 37 subjectae,
537 2748 56 37 &
560 2748 67 37 si
593 2748 90 37 quid
650 2748 67 37 in
683 2748 79 37 cis
728 2748 101 37 vitii
796 2748 202 37 deprehendatur,
953 2748 56 37 au-

215 2782 170 37 diendum,
343 2782 227 37 cognoscendum
527 2782 71 37 &
556 2782 227 37 examinandum:
740 2782 85 37 Et
783 2782 85 37 si
825 2782 142 37 dignum
911 2782 99 37 emen-

229 2813 137 43 datione
328 2813 162 43 judicatum
453 2813 137 43 fuerit,
553 2813 137 43 communi
653 2813 150 43 consensu
766 2813 62 43 &
791 2813 175 43 autoritate
916 2813 112 43 illarum

219 2849 208 34 Ecclesiarum,
388 2849 104 34 quam
453 2849 156 34 scriptum
570 2849 117 34 fuit,
649 2849 195 34 corrigendum
805 2849 91 34 aut
844 2849 169 34 declarandum

220 2882 95 34 est.
280 2882 107 34 Nimia
351 2882 143 34 libertas
458 2882 71 34 in
493 2882 178 34 rejiciendis
636 2882 143 34 publicis
743 2882 178 34 Ecclesiarum
873 2882 143 34 particula.

222 2916 97 36 rium
283 2916 146 36 formulis
392 2916 134 36 cavenda
489 2916 97 36 est,
550 2916 73 36 ne
586 2916 170 36 videlicet,
720 2916 73 36 si
757 2916 122 36 liceat
842 2916 122 36 cuitis
915 2916 109 36 convel-

223 2948 97 37 dere
284 2948 85 37 pro
332 2948 134 37 libitu,
430 2948 97 37 quod
490 2948 134 37 publico
588 2948 158 37 consensu,
709 2948 61 37 &
733 2948 122 37 quidem
819 2948 97 37 ipso
879 2948 109 37 etiam
940 2948 73 37 con-

219 2984 170 32 sentiente,
353 2984 146 32 receptum
462 2984 97 32 est,
523 2984 158 32 sequantur
645 2984 158 32 schismata
766 2984 61 32 &
791 2984 146 32 scandala
888 2984 134 32 Ecclesia-

215 3015 88 34 rum
266 3015 188 34 gravissima:
416 3015 63 34 &
441 3015 113 34 novis
516 3015 138 34 subinde
616 3015 150 34 loquendi
728 3015 125 34 formis
816 3015 200 34 introductis,
966 3015 50 34 si

221 3052 89 43 mul
272 3052 166 43 opiniones
400 3052 153 43 erroneae
515 3052 64 43 &
540 3052 140 43 dogmata
642 3052 102 43 nova
706 3052 217 43 Scripturaeque
885 3052 128 43 Sacrae
961 3052 64 43 ad-

230 3085 167 39 versantia
359 3085 167 39 obrepant.
488 3085 142 39 Cavenda
591 3085 90 39 est
642 3085 116 39 etiam
720 3085 155 39 tyrannis
836 3085 64 39 &
861 3085 155 39 dominium
964 3085 52 39 i-

216 3115 113 40 fidem
292 3115 63 40 &
317 3115 200 40 conscientias
479 3115 150 40 aliorum,
592 3115 75 40 ne
630 3115 163 40 videlicet
755 3115 138 40 omnibus
855 3115 113 40 aliis
918 3115 100 40 Eccle-

219 3154 103 41 siis
283 3154 64 41 &
309 3154 180 41 Pastoribus
451 3154 219 41 Doctoribusque
631 3154 129 41 earum,
721 3154 90 41 una
772 3154 90 41 aut
824 3154 154 41 aliquae,
927 3154 90 41 formu

228 3183 85 44 lam
276 3183 194 44 Confessionis
434 3183 85 44 seu
483 3183 170 44 doctrinae,
617 3183 85 44 aut
665 3183 158 44 Liturgiae
787 3183 61 44 &
811 3183 134 44 Agendae
896 3183 134 44 Ecclesia

1059 180 117 46 sticae
1141 180 82 46 aut
1188 180 175 46 Catecheseos
1328 180 82 46 aut
1374 180 198 46 Declarationis
1538 180 152 46 alterius,
1654 180 82 46 suo
1701 180 140 46 arbitrio
1794 180 82 46 prae-

1071 213 138 54 cribant
1172 213 63 54 &
1197 213 150 54 dictent,
1310 213 63 54 &
1335 213 113 54 omnes
1410 213 75 54 in
1448 213 88 54 sua
1498 213 113 54 verba
1573 213 88 54 non
1623 213 150 54 jurantes
1736 213 150 54 damnare,
1836 213 38 54 &

1071 251 72 40 ab
1107 251 144 40 Ecclesia
1215 251 156 40 Catholica
1335 251 132 40 alienos
1431 251 180 40 pronunciare
1575 251 132 40 ausint.

1111 280 136 48 Privatae
1213 280 227 48 interpretationes
1405 280 159 48 Scripturae
1530 280 125 48 Sacrae,
1621 280 113 48 quales
1700 280 170 48 continentur
1825 280 45 48 in

1071 308 141 56 privatis
1177 308 141 56 scriptis
1283 308 165 56 singulorum
1413 308 141 56 doctorum
1519 308 83 56 vel
1566 308 130 56 aliorum
1661 308 130 56 piorum,
1755 308 94 56 sive
1802 308 59 56 ve-

1067 355 112 45 terum
1141 355 99 45 sive
1203 355 174 45 recentium,
1340 355 112 45 multo
1414 355 174 45 inferioris
1551 355 99 45 sunt
1613 355 186 45 autoritatis
1762 355 99 45 quam
1812 355 62 45 pu-

1068 379 122 44 blicae
1153 379 255 44 interpretationes.
1372 379 122 44 Merito
1457 379 97 44 enim
1518 379 134 44 publica
1615 379 134 44 scripta
1712 379 146 44 privatis
1809 379 61 44 an-

1067 418 192 44 reponuntur:
1221 418 128 44 quippe
1310 418 102 44 quae
1374 418 141 44 plurium
1476 418 141 44 judicio
1579 418 102 44 sunt
1643 418 153 44 scripta,
1745 418 115 44 examina

1068 455 74 51 ta
1105 455 61 51 &
1129 455 147 51 probata,
1239 455 172 51 verisimile
1374 455 86 51 est
1423 455 110 51 minus
1497 455 135 51 erroris
1595 455 135 51 habere,
1693 455 98 51 quam
1755 455 98 51 quae
1804 455 61 51 uno

1059 479 142 40 placuerum.

1121 509 184 46 Quapropter
1265 509 145 46 privata
1371 509 145 46 scripta
1476 509 197 46 cujuscunque
1633 509 118 46 minus
1712 509 158 46 obligant
1817 509 53 46 a-

1067 539 95 55 lios
1126 539 130 55 fideles
1221 539 106 55 omnes
1292 539 71 55 ad
1327 539 189 55 assentiendum
1481 539 106 55 illis
1552 539 95 55 quam
1611 539 142 55 publica:
1717 539 83 55 sed
1765 539 95 55 sunt
1812 539 59 55 ex-

1061 582 109 46 amini
1134 582 158 46 Ecclesiae
1255 582 61 46 &
1279 582 121 46 piorum
1364 582 170 46 singulorum
1498 582 158 46 subjecta,
1619 582 61 46 &
1644 582 134 46 eatenus
1741 582 109 46 illis
1801 582 61 46 as-

1062 612 175 48 sentiendum
1199 612 100 48 est,
1261 612 150 48 quatenus
1374 612 187 48 consentiunt
1523 612 87 48 cum
1573 612 162 48 Scriptura
1698 612 125 48 Sacra;
1786 612 112 48 quic

1070 653 97 38 quid
1131 653 97 38 vero
1192 653 73 38 ab
1228 653 85 38 hac
1277 653 134 38 alienum
1374 653 73 38 in
1411 653 110 38 illis
1484 653 122 38 fuerit
1557 653 158 38 repudiandum

1106 676 152 51 Sapienter
1223 676 82 51 hac
1270 676 70 51 de
1306 676 70 51 re
1341 676 59 51 &
1364 676 82 51 pie
1411 676 141 51 scripsit
1516 676 164 51 Augustinus
1645 676 129 51 septimo
1739 676 105 51 tomo,
1809 676 82 51 li

1071 706 86 52 pro
1120 706 134 52 secundo
1217 706 73 52 de
1254 706 147 52 Baptismo
1364 706 122 52 contra
1450 706 183 52 Donatistas,
1596 706 122 52 capite
1682 706 134 52 secundo
1779 706 61 52 &
1792 706 73 52 ter-

1063 747 88 44 tio:
1118 747 99 44 Certe
1184 747 99 44 nobis
1250 747 132 44 objicere
1349 747 121 44 soletis
1437 747 132 44 Cypriani
1537 747 132 44 literas,
1636 747 132 44 Cypriani
1724 747 143 44 sententiam,

1068 780 135 50 Cypriani
1169 780 158 50 concilium.
1294 780 79 50 Cur
1339 780 169 50 autoritatem
1474 780 135 50 Cypriani
1576 780 79 50 pro
1621 780 113 50 vestro
1700 780 147 50 schismate
1802 780 56 50 as-

1063 812 138 39 sumitis,
1166 812 57 39 &
1189 812 92 39 ejus
1246 812 138 39 exemplum
1350 812 80 39 pro
1396 812 149 39 Ecclesiae
1511 812 92 39 pace
1568 812 161 39 respuitis?
1695 812 92 39 Quis
1752 812 103 39 autem
1810 812 57 39 ne-

1065 842 107 45 sciat
1137 842 131 45 sanctam
1232 842 167 45 Scripturam
1363 842 167 45 Canonicam,
1494 842 83 45 tam
1542 842 143 45 veteris,
1649 842 95 45 quam
1709 842 95 45 Novi
1757 842 95 45 Testi.

1054 884 105 41 menti
1124 884 116 41 certis
1205 884 93 41 suis
1264 884 139 41 terminis
1368 884 163 41 contineri,
1496 884 116 41 eamque
1577 884 128 41 omnibus
1670 884 198 41 posterioribus
1822 884 46 41 E

1060 948 80 45 non
1105 948 126 45 possit,
1197 948 103 45 utrum
1266 948 103 45 verum
1335 948 80 45 vel
1381 948 103 45 utrum
1449 948 115 45 rectum
1530 948 92 45 sit,
1587 948 138 45 quicquid
1690 948 69 45 in
1724 948 69 45 ea
1747 948 115 45 scriptum

1063 980 89 44 esse
1119 980 179 44 constiterit,
1264 980 167 44 Episcoporum
1398 980 100 44 autem
1464 980 123 44 literas
1554 980 89 44 quae
1610 980 89 44 post
1665 980 167 44 confirmatum
1788 980 67 44 Cano

1063 1013 79 42 nem
1108 1013 79 42 vel
1153 1013 135 42 scriptae
1254 1013 90 42 sunt
1310 1013 79 42 vel
1355 1013 168 42 scribuntur,
1489 1013 56 42 &
1512 1013 79 42 per
1557 1013 135 42 sermonem
1658 1013 101 42 forte
1714 1013 157 42 sapientiorem

1060 1043 155 40 cujuslibet
1182 1043 66 40 in
1215 1043 66 40 ea
1248 1043 66 40 re
1281 1043 155 40 peritioris
1403 1043 55 40 &
1425 1043 77 40 per
1469 1043 122 40 aliorum
1557 1043 166 40 episcoporum
1690 1043 144 40 graviorem
1790 1043 77 40 auto-

1065 1076 138 43 ritatem,
1169 1076 173 43 doctorumque
1308 1076 173 43 prudentiam,
1446 1076 58 43 &
1469 1076 81 43 per
1515 1076 138 43 concilia
1619 1076 115 43 licere
1700 1076 173 43 reprehendi,
1827 1076 46 43 si

1066 1115 87 38 quid
1120 1115 65 38 in
1153 1115 76 38 eis
1196 1115 98 38 forte
1262 1115 54 38 a
1283 1115 130 38 veritate
1381 1115 130 38 deviatum
1479 1115 87 38 est;
1533 1115 65 38 Et
1566 1115 87 38 ipsa
1620 1115 130 38 Concilia
1718 1115 87 38 quae
1772 1115 76 38 per
1805 1115 65 38 sin-

1060 1147 101 42 gulas
1127 1147 135 42 regiones
1229 1147 79 42 vel
1274 1147 158 42 provincias
1397 1147 113 42 fiunt,
1476 1147 169 42 plenariorum
1611 1147 169 42 Conciliorum
1735 1147 124 42 autorita.

1057 1182 62 39 ti
1088 1182 83 39 quae
1140 1182 94 39 fiunt
1202 1182 62 39 ex
1233 1182 125 39 universo
1327 1182 83 39 orbe
1379 1182 156 39 Christiano,
1503 1182 83 39 sine
1555 1182 94 39 ullis
1618 1182 135 39 ambagibus
1722 1182 114 39 cedere,
1794 1182 73 39 ipsa-

1060 1211 80 37 que
1105 1211 136 37 plenaria
1207 1211 91 37 sape
1264 1211 114 37 priora
1344 1211 193 37 posterioribus
1503 1211 148 37 emendari,
1616 1211 80 37 cum
1662 1211 114 37 aliquo
1730 1211 125 37 experimen

1057 1335 80 44 cum
1102 1335 149 44 charitate
1205 1335 149 44 Christiana.

1110 1368 159 53 Praeterea
1232 1368 172 53 Scriptorum
1367 1368 61 53 &
1392 1368 147 53 Doctorum
1502 1368 245 53 Ecclesiasticorum
1711 1368 110 53 varii
1784 1368 110 53 sunt,

1062 1398 133 54 gradus.
1159 1398 85 54 Nam
1207 1398 109 54 alius
1280 1398 97 54 alio
1341 1398 158 54 vetustior
1462 1398 97 54 est,
1523 1398 61 54 &
1547 1398 121 54 felici
1632 1398 182 54 Apostolorum
1777 1398 109 54 aetat

1068 1445 143 41 propior,
1176 1445 167 41 eruditior,
1307 1445 60 41 &
1331 1445 72 41 in
1367 1445 143 41 doctrina
1474 1445 167 41 sincerior,
1606 1445 72 41 ac
1642 1445 108 41 minus
1714 1445 120 41 habens
1785 1445 72 41 cor-

1062 1476 178 44 ruptelarum,
1204 1476 95 44 quae
1263 1476 83 44 vel
1311 1476 130 44 ipsorum
1405 1476 83 44 vel
1453 1476 201 44 posterioribus
1618 1476 130 44 seculis
1713 1476 71 44 in
1737 1476 130 44 Ecclesiam

1059 1504 188 50 irrepserunt,
1212 1504 94 50 sibi
1271 1504 94 50 ipsi
1330 1504 106 50 magis
1400 1504 153 50 constans,
1518 1504 59 50 &
1541 1504 106 50 magis
1612 1504 118 50 Sacrae
1694 1504 165 50 Scripturae
1812 1504 47 50 in

1068 1540 138 44 nitens,
1168 1540 100 44 quam
1230 1540 100 44 suis
1293 1540 225 44 cogitationibus
1480 1540 175 44 indulgens,
1618 1540 88 44 aut
1668 1540 75 44 ex
1705 1540 138 44 hominum
1793 1540 63 44 au-

1068 1574 149 44 toritate
1179 1574 149 44 pendens,
1291 1574 62 44 a
1316 1574 149 44 pluribus
1428 1574 137 44 denique
1527 1574 62 44 &
1552 1574 174 44 melioribus
1689 1574 124 44 semper
1764 1574 99 44 proba-

1063 1605 104 46 tus,
1128 1605 65 46 &
1154 1605 91 46 cum
1206 1605 117 46 aliis
1284 1605 182 46 orthodoxis
1427 1605 208 46 scriptoribus
1595 1605 65 46 &
1621 1605 182 46 Doctoribus
1751 1605 117 46 consen

1053 1633 89 40 tiens.

1095 1661 107 55 Prout
1166 1661 119 55 igitur
1250 1661 83 55 his
1297 1661 59 55 &
1321 1661 155 55 similibus
1440 1661 214 55 circumstantiis
1618 1661 107 55 alium
1690 1661 107 55 alius
1749 1661 107 55 antece-

1067 1693 96 56 dit,
1127 1693 84 56 ita
1175 1693 120 56 ipsius
1258 1693 179 56 testimonium
1402 1693 96 56 apud
1462 1693 96 56 pios
1521 1693 60 56 &
1545 1693 167 56 moderatos,
1677 1693 143 56 ponderis
1784 1693 60 56 &
1796 1693 60 56 re-

1061 1735 164 46 verentiae
1187 1735 101 46 plus
1250 1735 126 46 habere
1339 1735 126 46 debet:
1427 1735 88 46 ita
1477 1735 76 46 ut
1515 1735 126 46 primum
1603 1735 76 46 in
1641 1735 88 46 his
1692 1735 113 46 locum
1755 1735 113 46 teneant

1054 1765 102 53 sane
1118 1765 128 53 libri,
1208 1765 90 53 qui
1259 1765 128 53 vocari
1349 1765 128 53 solent
1438 1765 166 53 Apocryphi
1566 1765 64 53 &
1592 1765 179 53 communiter
1733 1765 77 53 in
1759 1765 102 53 codice

1064 1800 166 59 Bibliorum
1192 1800 166 59 Canonicis
1319 1800 217 59 subnectuntur,
1497 1800 153 59 proximum
1612 1800 76 59 ab
1650 1800 89 59 his
1701 1800 153 59 veteres,
1803 1800 64 59 po-

1065 1829 141 40 stremum
1168 1829 192 40 recentiores
1321 1829 154 40 Doctores
1437 1829 141 40 habeant

1084 1860 163 59 Utcunque
1207 1860 122 59 autem
1288 1860 136 59 quivis
1383 1860 136 59 Patrum
1478 1860 68 59 &
1505 1860 163 59 Doctorum
1614 1860 244 59 Ecclesiasticorum

1064 1895 164 51 nominibus
1191 1895 63 51 &
1216 1895 215 51 praerogativis
1393 1895 126 51 multis
1481 1895 190 51 antecellat:
1633 1895 126 51 nullus
1721 1895 114 51 tamen
1785 1895 88 51 eorum

1054 1927 113 57 habet
1130 1927 188 57 autoritatem
1280 1927 175 57 testimonii
1417 1927 163 57 veritatem
1543 1927 213 57 confirmantis,
1718 1927 100 57 nisi
1768 1927 100 57 quate-

1064 1966 85 47 nus
1113 1966 122 47 Sacrae
1198 1966 171 47 Scripturae
1332 1966 61 47 &
1356 1966 146 47 Symbolis
1466 1966 207 47 universalibus
1636 1966 183 47 consentanea
1771 1966 97 47 dicit:

1078 1998 99 44 quam
1140 1998 186 44 autoritatem
1288 1998 99 44 ejus
1350 1998 87 44 non
1400 1998 87 44 tam
1449 1998 161 44 tribuere,
1573 1998 99 44 quam
1635 1998 124 44 augere
1722 1998 124 44 potest
1796 1998 62 44 ve-

1058 2037 90 45 rus
1110 2037 90 45 cum
1161 2037 155 45 publicis
1277 2037 194 45 Ecclesiarum
1432 2037 206 45 testimoniis,
1600 2037 65 45 &
1626 2037 206 45 orthodoxorum
1781 2037 77 45 inde

1068 2058 76 42 ab
1106 2058 165 42 Apostolis
1233 2058 152 42 doctorum
1347 2058 114 42 serie
1411 2058 139 42 consensus

1095 2093 111 44 Solis
1169 2093 123 44 itaque
1255 2093 185 44 Propheticis
1403 2093 62 44 &
1427 2093 185 44 Apostolicis
1575 2093 148 44 scriptis
1686 2093 99 44 haec
1735 2093 136 44 autoritas

1058 2128 169 45 competit,
1188 2128 104 45 quod
1253 2128 195 45 simpliciter
1409 2128 65 45 &
1435 2128 208 45 incunctanter
1604 2128 117 45 illis
1669 2128 195 45 assentiendum:

1065 2161 138 42 caeteris
1169 2161 92 42 vero
1227 2161 138 42 scriptis
1331 2161 184 42 quibuscunque
1481 2161 138 42 publicis
1584 2161 81 42 aut
1630 2161 138 42 privatis
1734 2161 150 42 conditio

1063 2198 139 46 naliter
1164 2198 63 46 &
1190 2198 126 46 maturo
1278 2198 139 46 judicio
1379 2198 164 46 praemisso
1505 2198 215 46 assentiendam,
1682 2198 76 46 si
1720 2198 63 46 &
1733 2198 126 46 quatenus

1057 2230 98 36 cum
1113 2230 195 36 Scripturis
1266 2230 209 36 Prophetarum
1434 2230 70 36 &
1462 2230 209 36 Apostolorum
1615 2230 168 36 consentium

1110 2258 85 49 Hic
1158 2258 158 49 consensus
1280 2258 85 49 cum
1329 2258 109 49 vera,
1401 2258 85 49 hoc
1450 2258 97 49 est,
1511 2258 85 49 cum
1559 2258 170 49 Prophetica
1693 2258 61 49 &
1705 2258 158 49 Apostolica.

1059 2293 197 43 antiquitate,
1219 2293 123 43 sicubi
1305 2293 74 43 in
1342 2293 221 43 confessionibus
1526 2293 61 43 &
1551 2293 148 43 scriptis
1661 2293 123 43 maxime
1735 2293 123 43 particu-

1065 2322 145 45 laribus,
1174 2322 85 45 aut
1222 2322 73 45 in
1259 2322 170 45 Doctoribus
1392 2322 145 45 vetustis
1501 2322 85 45 aut
1549 2322 206 45 recentioribus
1719 2322 85 45 non
1755 2322 97 45 depre-

1058 2357 166 51 henditur:
1186 2357 90 51 non
1237 2357 102 51 modo
1301 2357 141 51 omnibus
1404 2357 141 51 liberum
1506 2357 102 51 est,
1570 2357 90 51 sed
1621 2357 115 51 etiam
1685 2357 179 51 necessarium,

1071 2389 74 44 ib
1108 2389 110 44 illis
1181 2389 172 44 dissentire
1316 2389 110 44 atque
1389 2389 98 44 adeo
1451 2389 147 44 diversum
1561 2389 159 44 profiteri
1683 2389 61 44 &
1708 2389 135 44 docere,
1794 2389 61 44 dum

1062 2405 96 65 modo
1122 2405 84 65 sic
1170 2405 72 65 ab
1206 2405 108 65 illis
1277 2405 180 65 discedatur,
1421 2405 72 65 ut
1457 2405 108 65 nihil
1529 2405 120 65 contra
1613 2405 168 65 Scripturam
1744 2405 132 65 divinam
1828 2405 36 65 &

1065 2457 130 40 Symbola
1160 2457 166 40 Catholica,
1290 2457 83 40 seu
1337 2457 178 40 universalia
1479 2457 154 40 doceatur,
1598 2457 83 40 hoc
1645 2457 95 40 est,
1704 2457 71 40 ne
1740 2457 107 40 error
1799 2457 59 40 ex-

1059 2489 96 45 rori
1119 2489 204 45 substituatur,
1287 2489 108 45 utque
1359 2489 168 45 Christiana
1492 2489 156 45 prudentia
1612 2489 72 45 ac
1648 2489 144 45 charitas
1744 2489 120 45 adhibea-

1066 2524 90 50 tur,
1122 2524 68 50 ne
1156 2524 249 50 turbenturEcclesiae
1371 2524 170 50 professione
1507 2524 158 50 veritatis,
1631 2524 79 50 non
1676 2524 113 50 ordine
1755 2524 79 50 aut
1789 2524 68 50 pru-

1070 2554 133 56 denter
1163 2554 173 56 suscepta,
1296 2554 93 56 aut
1349 2554 80 56 ad
1389 2554 199 56 Christianam
1548 2554 173 56 modestiam
1681 2554 66 56 &
1694 2554 173 56 dilectionem

1074 2586 88 43 non
1111 2586 150 43 composita.

1074 2628 86 63 Sic
1123 2628 160 63 explicata
1246 2628 86 63 est
1295 2628 160 63 sententia
1418 2628 160 63 Ecclesiae
1541 2628 172 63 orthodoxae
1676 2628 74 63 de
1701 2628 160 63 interpreta-

1317 2670 108 54 tione
1389 2670 169 54 Scripturae
1510 2670 96 54 Sacrae

1121 2713 161 55 PAPISTAE
1241 2713 134 55 contra
1336 2713 188 55 contendunt
1483 2713 134 55 primo,
1577 2713 121 55 Abuno
1658 2713 134 55 aliquo
1739 2713 134 55 supremo,

1067 2757 129 37 visibili
1164 2757 54 37 &
1186 2757 118 37 communi
1272 2757 108 37 judice
1347 2757 65 37 in
1379 2757 108 37 terris
1455 2757 151 37 exsistente
1573 2757 215 37 interpretationem
1746 2757 118 37 Scriptura

1065 2795 60 40 &
1089 2795 169 40 decisionem
1222 2795 229 40 controversiarum
1415 2795 157 40 religonis
1536 2795 97 40 esse
1596 2795 157 40 petendam:
1717 2795 145 40 Secundo,
1814 2795 60 40 Ec-

1071 2825 140 33 clesiam,
1177 2825 70 33 id
1212 2825 94 33 est,
1270 2825 164 33 Pontificem
1399 2825 129 33 Romanum
1493 2825 59 33 &
1516 2825 152 33 Concilium
1633 2825 105 33 ejus,
1703 2825 94 33 esse
1750 2825 117 33 supremum

1075 2858 126 44 judicem
1166 2858 92 44 veri
1224 2858 115 44 sensus
1304 2858 161 44 Scripturae
1430 2858 57 44 &
1453 2858 115 44 omnium
1534 2858 218 44 controversiarum
1717 2858 172 44 religionis;
1844 2858 34 44 &

1063 2893 97 37 hujus
1128 2893 119 37 judicis
1215 2893 108 37 tantam
1290 2893 86 37 esse
1344 2893 173 37 autoritatem,
1485 2893 65 37 ut
1517 2893 65 37 ei
1550 2893 97 37 omnes
1615 2893 162 37 simpliciter
1733 2893 141 37 acquiescere

1056 2921 110 42 debeant.

1092 2950 122 48 Primum
1177 2950 147 48 conantur
1287 2950 86 48 hoc
1336 2950 98 48 modo
1397 2950 147 48 probare:
1507 2950 98 48 Quae
1568 2950 86 48 est
1617 2950 110 48 ratio
1691 2950 110 48 Regni
1764 2950 86 48 seu
1801 2950 73 48 Rei-

1071 2985 125 42 publicae
1164 2985 125 42 alicujus
1258 2985 125 42 civilis,
1351 2985 94 42 eadem
1414 2985 104 42 quoque
1487 2985 94 42 ratio
1549 2985 73 42 est
1591 2985 146 42 Ecclesiae:
1705 2985 62 42 At
1736 2985 62 42 in
1768 2985 94 42 regno
1820 2985 62 42 ali-

1065 3024 81 42 quo
1112 3024 81 42 seu
1158 3024 150 42 Republica
1273 3024 115 42 civili
1353 3024 196 42 interpretatio
1515 3024 104 42 legum
1584 3024 58 42 &
1607 3024 115 42 ultima
1687 3024 127 42 decisio
1768 3024 115 42 causarum

1073 3061 149 42 lorensium
1187 3061 126 42 petenda
1279 3061 80 42 est
1325 3061 57 42 a
1348 3061 103 42 summo
1417 3061 103 42 eoque
1486 3061 138 42 visibili
1589 3061 69 42 ac
1624 3061 207 42 communijudice,
1785 3061 103 42 nimirum

1072 3090 53 38 a
1094 3090 127 38 Principe
1189 3090 64 38 in
1221 3090 106 38 terris
1295 3090 159 38 exsistente:
1423 3090 85 38 Ergo
1476 3090 53 38 &
1497 3090 64 38 in
1529 3090 127 38 Ecclesia
1624 3090 180 38 interpretatio
1762 3090 117 38 Scriptura

1075 3120 56 50 &
1097 3120 124 50 decisio
1187 3120 214 50 controversiarum
1367 3120 225 50 Ecclesiasticarum
1559 3120 68 50 ab
1592 3120 79 50 uno
1637 3120 113 50 aliquo
1716 3120 135 50 suprimo,
1806 3120 79 50 visi-

1067 3156 86 39 bili
1121 3156 54 39 &
1142 3156 118 39 communi
1228 3156 118 39 judice,
1314 3156 129 39 interris
1411 3156 150 39 exsistente
1529 3156 75 39 est
1561 3156 97 39 petenda

1100 3182 115 62 RESP.
1177 3182 179 62 Conceditur
1318 3182 115 62 totum
1395 3182 115 62 recte
1472 3182 205 62 intellectum,
1638 3182 128 62 nempe,
1728 3182 77 62 si
1754 3182 128 62 proposi
