2063 3472
169 213 118 47 quam
243 213 133 47 impia
331 213 192 47 divisione
479 213 221 47 discerpunt.
656 213 177 47 Pontifex
789 213 133 47 autem
862 213 133 47 Romanus

163 255 102 43 non
222 255 131 43 habet
309 255 131 43 fidem
396 255 145 43 Petri,
498 255 102 43 non
556 255 131 43 docet
643 255 189 43 doctrinam
789 255 145 43 Petri:
890 255 87 43 ex
919 255 73 43 Pe-

170 295 97 45 tri
226 295 138 45 igitur
322 295 166 45 cathedra
447 295 97 45 non
502 295 138 45 docet:
599 295 97 45 sed
655 295 277 45 RomaniPontificis
876 295 97 45 cathe

163 338 99 52 dra
220 338 99 52 est
276 338 85 52 ex
319 338 142 52 numero
418 338 156 52 illarum
531 338 227 52 cathedrarum,
716 338 113 52 quas
787 338 71 52 e
815 338 142 52 templo
900 338 85 52 Sal-

173 379 118 39 vator
252 379 131 39 eiecit
343 379 118 39 eorum
422 379 92 39 qui
475 379 79 39 se
514 379 79 39 de
553 379 131 39 honore
645 379 184 39 iactarent,
789 379 157 39 primatus
894 379 79 39 quae

163 420 136 43 rerent
259 420 204 43 dignitatum:
422 420 122 43 eorum
503 420 95 43 qui
557 420 190 43 sacerdotio
707 420 95 43 vel
761 420 149 43 primatu
856 420 136 43 honoris.

163 465 176 42 uterentur
299 465 81 42 ad
339 465 176 42 quaestum,
475 465 81 42 ut
515 465 162 42 loquitur
637 465 176 42 Ambrosius
772 465 81 42 in
813 465 189 42 enarratio¬

162 494 89 52 ne
207 494 134 52 primi
281 494 134 52 Psalmi.

211 533 141 49 Instat
310 533 226 49 Bellarminus:
494 533 170 49 Primorum
621 533 170 49 fidelium
748 533 170 49 spiritus
861 533 113 49 recur-

172 582 124 37 rebat
255 582 82 37 ad
296 582 151 37 Petrum,
406 582 82 37 ad
447 582 178 37 Concilium
584 582 69 37 &
611 582 124 37 eorum
694 582 178 37 sententia
817 582 165 37 acquiesce-

170 622 94 48 bat
223 622 121 48 Acto.
304 622 94 48 15.
358 622 107 48 Ergo
425 622 67 48 &
452 622 107 48 nunc
519 622 148 48 fideles
626 622 94 48 qui
680 622 161 48 spiritum
801 622 121 48 bonum
868 622 121 48 habent,

175 657 185 59 recurrunt
317 657 85 59 ad
360 657 199 59 Pontificem
516 657 156 59 Romanum
630 657 71 59 &
658 657 185 59 concilium
800 657 156 59 ipsius,
900 657 85 59 quo-

170 699 91 41 rum
222 699 117 41 autem
300 699 156 41 spiritus
416 699 78 41 se
455 699 143 41 iudicem
559 699 194 41 constituit,
715 699 91 41 non
766 699 91 41 est
805 699 91 41 bonus

206 740 141 45 RESP.
301 740 141 45 Primo
395 740 220 45 antecedens
568 740 236 45 intellectum
756 740 94 45 de
803 740 141 45 Petro
882 740 94 45 tan-

178 777 113 50 quam
249 777 184 50 superiore
390 777 127 50 aliis
475 777 184 50 Apostolis
616 777 71 50 &
644 777 170 50 Monarcha
771 777 198 50 Ecclesiae,
912 777 71 50 ne-

171 820 147 51 gamus.
274 820 103 51 Nam
333 820 132 51 primi
421 820 162 51 fideles
539 820 221 51 recurrebant
715 820 88 51 ad
759 820 191 51 Apostolos
892 820 88 51 com-

172 869 156 43 muniter
285 869 156 43 tanquam
398 869 184 43 veritatis
540 869 156 43 divinae
653 869 142 43 testes
752 869 113 43 omni
823 869 184 43 exceptio¬

169 904 84 43 ne
211 904 167 43 maiores,
336 904 84 43 ex
378 904 195 43 documentis
532 904 167 43 Spiritus
657 904 84 43 S.
699 904 70 43 &
727 904 195 43 Scripturae
866 904 126 43 Sacrae,

176 949 235 47 controversias
370 949 83 47 de
411 949 180 47 religione
549 949 194 47 decisuros,
702 949 83 47 ut
743 949 180 47 legitimos
867 949 111 47 inter-

181 980 141 42 pretes
280 980 268 42 internunciosque
505 980 198 42 voluntatis
661 980 113 42 Dei,
731 980 71 42 &
759 980 155 42 Spiritu
858 980 127 42 verita-

173 1020 93 47 tis
226 1020 187 47 instructos
373 1020 120 47 supra
453 1020 147 47 hominum
559 1020 147 47 aliorum
666 1020 147 47 captum,
773 1020 120 47 Acto.
853 1020 93 47 15.
906 1020 80 47 v.
933 1020 53 47 2.

221 1060 155 39 Secundo
333 1060 127 39 magna
418 1060 98 39 est
474 1060 197 39 disparitas
629 1060 127 39 Petri
713 1060 70 39 &
741 1060 197 39 Pontificis
882 1060 98 39 Roma.

168 1098 101 43 ni:
225 1098 174 43 Concilii
356 1098 261 43 Jerosolymitani
573 1098 72 43 &
602 1098 174 43 Concilii
733 1098 159 43 Romani.
849 1098 145 43 Petrus
936 1098 43 43 &

181 1138 184 53 oncilium
318 1138 291 53 Jerosolymitanum
563 1138 184 53 probabat
701 1138 184 53 spiritus
838 1138 92 53 ex
869 1138 107 53 Scri-

183 1181 126 53 pturis
272 1181 152 53 Spiritus
386 1181 139 53 Sancti,
487 1181 114 53 Acto.
562 1181 88 53 15.
613 1181 88 53 15.
663 1181 76 53 ex
701 1181 177 53 Scripturis
840 1181 152 53 Spiritus
941 1181 51 53 Si

172 1223 125 46 plene
256 1223 181 46 doctrinam
395 1223 153 46 salutis
506 1223 153 46 docebat
618 1223 139 46 Actor.
715 1223 98 46 10.
771 1223 84 46 v.
813 1223 98 46 43.
869 1223 84 46 At
896 1223 84 46 Pon-

167 1259 144 50 tifex
263 1259 176 50 Romanus
391 1259 80 50 &
423 1259 208 50 concilium
583 1259 176 50 Romanum
710 1259 176 50 negant,
838 1259 96 50 ex
870 1259 112 50 Scri-

171 1299 133 54 pturis
264 1299 159 54 Spiritus
383 1299 66 54 S
410 1299 119 54 posse
489 1299 159 54 spiritus
609 1299 146 54 probari
715 1299 80 54 an
754 1299 80 54 ex
794 1299 93 54 Deo
847 1299 119 54 sint,
914 1299 66 54 ne-

175 1341 109 52 gant
244 1341 82 52 ex
285 1341 191 52 Scripturis
435 1341 164 52 Spiritus
558 1341 137 52 Sancti
654 1341 123 52 posse
736 1341 178 52 doctrinam
859 1341 123 52 saluti-

182 1389 127 44 plene
267 1389 170 44 hauriri.
394 1389 113 44 Ergo
465 1389 198 44 Pontificis
621 1389 71 44 &
649 1389 170 44 Concilii
776 1389 142 44 Romani
861 1389 142 44 spiritus

169 1423 131 43 longe
257 1423 102 43 est
315 1423 131 43 alius
403 1423 117 43 quam
476 1423 131 43 Petri
564 1423 73 43 &
593 1423 175 43 Concilii
710 1423 131 43 Romani-

225 1454 147 52 Tertio,
332 1454 134 52 noster
425 1454 160 52 spiritus
545 1454 80 52 se
585 1454 147 52 iudicem
692 1454 94 52 non
746 1454 200 52 constituit:
893 1454 94 52 nemi-

175 1500 107 42 nem
236 1500 198 42 revocamus
388 1500 91 42 ad
434 1500 167 42 nostrum
555 1500 183 42 privatum
692 1500 183 42 spiritum
830 1500 91 42 ut
860 1500 137 42 nostrae

180 1540 250 52 interpretationi
391 1540 66 52 &
417 1540 184 52 sententiae
562 1540 198 52 acquiescat,
720 1540 105 52 quia
786 1540 92 52 sic
838 1540 119 52 nobis
904 1540 79 52 spi-

177 1580 112 49 ritus
251 1580 199 49 revelaverit;
413 1580 199 49 Enthusiastae
575 1580 87 49 sic
624 1580 149 49 delirant
736 1580 62 49 &
761 1580 100 49 illi
823 1580 87 49 qui
861 1580 124 49 Scriptu-

182 1628 97 42 ris
237 1628 179 42 divinitus
375 1628 193 42 inspiratis
527 1628 97 42 non
583 1628 221 42 acquiescunt:
762 1628 152 42 neminem
859 1628 124 42 relega-

184 1668 98 44 mus
240 1668 84 44 ad
282 1668 167 44 privatum
407 1668 111 44 suum
477 1668 181 44 spiritum:
616 1668 98 44 sed
672 1668 167 44 Spiritum
797 1668 70 44 S
825 1668 84 44 in
853 1668 139 44 Scriptu-

174 1708 111 43 ris
238 1708 239 43 Prophetarum
429 1708 80 43 &
461 1708 239 43 Apostolorum
652 1708 175 43 publice
779 1708 207 43 loquentem
922 1708 64 43 iu

181 1741 134 51 dicem
270 1741 208 51 agnoscimus
434 1741 134 51 eique
524 1741 104 51 nos
583 1741 223 51 subiicimus,
762 1741 238 51 Prophetasque
940 1741 45 51 &

183 1781 200 46 Apostolos
336 1781 231 46 testimonium
521 1781 169 46 Christo
644 1781 154 46 dantes
752 1781 169 46 audimus
875 1781 77 46 &
890 1781 108 46 acce-

181 1820 162 52 ptamus:
299 1820 88 52 in
343 1820 162 52 iudicio
460 1820 176 52 Spiritus
593 1820 73 52 S
622 1820 73 52 &
651 1820 206 52 testimonio
798 1820 191 52 Prophetarum

181 1862 77 50 &
211 1862 230 50 Apostolorum
395 1862 245 50 acquiescimus
594 1862 107 50 per
655 1862 107 50 Dei
716 1862 184 50 gratiam.
854 1862 107 50 Qui
900 1862 92 50 alic

178 1901 156 44 iudicio
291 1901 113 44 quam
362 1901 170 44 Spiritus
490 1901 142 44 Sancti
589 1901 85 44 in
632 1901 184 44 Scriptura
773 1901 142 44 divina
858 1901 128 44 publice

187 1945 182 46 loquentis
327 1945 126 46 stare
411 1945 154 46 volunt,
523 1945 126 46 eorum
607 1945 98 46 non
663 1945 126 46 bonus
747 1945 98 46 est
789 1945 140 46 spiritus

192 1987 198 40 Expendimus
347 1987 198 40 testimonia
503 1987 113 40 quae
573 1987 212 40 Bellarminus
743 1987 85 40 ex
785 1987 141 40 veteri
884 1987 71 40 &
898 1987 99 40 novo-

239 2021 192 47 Testamento
390 2021 151 47 adducit
500 2021 82 47 ad
541 2021 192 47 Pontificis
692 2021 137 47 Romani
788 2021 69 47 &
802 2021 151 47 concilii-

302 2060 132 64 ipsius
394 2060 159 64 ruinosum
513 2060 159 64 tribunal
632 2060 145 64 frustra
725 2060 132 64 statumi

502 2100 163 46 nandum.

227 2147 114 46 Idem
298 2147 157 46 firmare
412 2147 157 46 conatur
526 2147 86 46 ex
569 2147 228 46 consuetudine
755 2147 71 46 &
783 2147 128 46 praxi
855 2147 128 46 univer-

180 2183 102 50 sae
239 2183 204 50 Ecclesiae,
399 2183 102 50 hoc
457 2183 131 50 modo:
544 2183 145 50 Romani
646 2183 204 50 Pontificis
806 2183 73 50 &
820 2183 189 50 Episcoporum

185 2223 97 54 qui
241 2223 139 54 quovis
338 2223 152 54 tempore
448 2223 125 54 erant
532 2223 152 54 iudicio
643 2223 180 54 terminata
781 2223 111 54 sunt
850 2223 125 54 omnia
920 2223 69 54 du-

189 2267 83 46 bia
237 2267 130 46 omnibus
331 2267 130 46 seculis
426 2267 71 46 in
461 2267 142 46 Ecclesia
568 2267 130 46 exorta:
663 2267 83 46 non
710 2267 107 46 recte
781 2267 95 46 aute
840 2267 118 46 fieri,
923 2267 95 46 quod

187 2301 148 47 universa
298 2301 148 47 Ecclesia
408 2301 111 47 fecit
482 2301 123 47 semper
568 2301 62 47 &
593 2301 123 47 facit,
679 2301 123 47 dicere
765 2301 86 47 aut
815 2301 160 47 scribere,
925 2301 62 47 in-

183 2346 208 53 solentissimae
354 2346 147 53 insaniae
465 2346 98 53 est,
526 2346 74 53 ut
563 2346 172 53 Augustinus
698 2346 86 53 ait
747 2346 74 53 in
784 2346 123 53 epist.
869 2346 98 53 118.
918 2346 74 53 Ergo

190 2382 151 52 Romanus
300 2382 165 52 Pontifex
424 2382 96 52 cum
479 2382 96 52 suo
535 2382 165 52 concilio
658 2382 96 52 est
714 2382 138 52 summus
810 2382 124 52 iudex
879 2382 110 52 inter-

188 2426 202 61 pretationum
349 2426 189 61 Scripturae
498 2426 67 61 &
525 2426 256 61 controversiarum
727 2426 175 61 religionis.

229 2467 133 47 RESP.
318 2467 207 47 Antecedens
481 2467 178 47 negamus:
615 2467 104 47 nam
674 2467 133 47 multa
763 2467 133 47 dubia
837 2467 148 47 explicat

189 2509 81 46 ta
229 2509 67 46 &
256 2509 134 46 decisa
350 2509 108 46 sunt
417 2509 134 46 absque
511 2509 108 46 ulla
578 2509 161 46 Episcopi
699 2509 134 46 Romani
793 2509 202 46 cognitione,
941 2509 54 46 ut

187 2542 163 48 historia
310 2542 163 48 Saturni,
432 2542 217 48 Carpocratis,
608 2542 190 48 Basilidis.
757 2542 122 48 Pauli
825 2542 163 48 Samosateni

197 2590 157 47 Pelagii,
315 2590 118 47 Arii,
393 2590 65 47 &
419 2590 144 47 aliorum
524 2590 209 47 haereticorum
694 2590 170 47 testatur,
825 2590 131 47 quorum
903 2590 92 47 erro-

191 2628 91 47 res
243 2628 195 47 refutarunt,
399 2628 208 47 damnaruntque
568 2628 104 47 alii
632 2628 91 47 pii
684 2628 65 47 &
710 2628 91 47 pro
762 2628 182 47 haeresibus
892 2628 91 47 habu-

183 2665 150 52 erunt,
288 2665 105 52 vel
348 2665 180 52 antequam
483 2665 150 52 Romano
588 2665 180 52 Episcopo
722 2665 255 52 innotuissent,
917 2665 75 52 ve-

193 2708 176 43 antequam
325 2708 161 43 Romanus
443 2708 206 43 Episcopus,
604 2708 117 43 quid
678 2708 117 43 sibi
751 2708 88 43 de
795 2708 132 43 illis
869 2708 117 43 videre

194 2752 114 42 tur,
265 2752 213 42 aperuisset.
435 2752 142 42 Deinde
535 2752 170 42 episcopi
662 2752 142 42 quidam
762 2752 142 42 Romani
861 2752 99 42 non
904 2752 85 42 ter-

188 2786 170 49 minarunt
315 2786 141 49 dubia,
414 2786 99 49 sed
471 2786 212 49 defenderunt
640 2786 156 49 erronea
754 2786 127 49 atque
824 2786 170 49 haeretica.

187 2824 173 50 dogmata:
316 2824 144 50 Victor
417 2824 115 50 Papa
489 2824 230 50 necessitatem
676 2824 202 50 celebrandi
834 2824 144 50 Pascha
921 2824 86 50 die-

198 2863 155 53 Dominico
314 2863 90 53 ita
366 2863 116 53 ursit
443 2863 77 53 ut
482 2863 168 53 Ecclesias
611 2863 168 53 Asiaticas
740 2863 77 53 ab
779 2863 103 53 ipso
830 2863 168 53 dissidentes

196 2907 129 52 etiam
282 2907 258 52 excommunicatas
497 2907 186 52 voluerit,
640 2907 129 52 cuius
726 2907 100 52 rei
783 2907 129 52 causa
869 2907 72 52 a
883 2907 115 52 multis

195 2945 183 50 orthodoxis
338 2945 170 50 episcopis
469 2945 157 50 graviter
586 2945 196 50 reprehensus
743 2945 117 50 fuit,
821 2945 78 50 ut
860 2945 130 50 testis
939 2945 65 50 est

189 2988 157 49 Eusebius
306 2988 170 49 historiae
437 2988 196 49 Ecclesiast.
593 2988 78 49 5.
633 2988 104 49 lib.
698 2988 104 49 cap.
763 2988 91 49 24.
815 2988 157 49 Honorius
920 2988 78 49 Papo

188 3036 280 45 Monotheletatum
422 3036 187 45 haeresin
562 3036 233 45 approbavit,
748 3036 218 45 quapropter
904 3036 93 45 ana-

199 3069 231 48 thematizatus
386 3069 101 48 est
444 3069 72 48 a
473 3069 130 48 Sexta
560 3069 145 48 Synodo
661 3069 173 48 generali
791 3069 188 48 celebrata
921 3069 87 48 Con-

183 3117 185 52 stantinop.
328 3117 79 52 De
368 3117 119 52 aliis
447 3117 106 52 Rom.
514 3117 212 52 Pontificibus
685 3117 185 52 haereticis
831 3117 119 52 alibi
897 3117 106 52 plura-

229 3151 164 51 Probare
348 3151 209 51 Antecedens
512 3151 164 51 conatur
631 3151 224 51 Bellarminus
795 3151 209 51 inductionea-

199 3193 138 52 liquot
296 3193 193 52 Pontificum
447 3193 179 52 Romanorum
585 3193 97 52 qui
641 3193 179 52 praesides
779 3193 207 52 Conciliorum
930 3193 83 52 fue-

190 3237 110 54 runt
259 3237 69 54 &
286 3237 96 54 suo
341 3237 151 54 iudicio
451 3237 123 54 dubia
533 3237 151 54 dogmata
643 3237 219 54 terminarint,
821 3237 165 54 concilia
931 3237 82 54 con

1028 213 191 53 firmarint,
1178 213 150 53 errores
1288 213 191 53 damnarint,
1438 213 68 53 &
1465 213 136 53 quinam
1560 213 96 53 pro
1615 213 191 53 haereticis
1751 213 96 53 habe-

1030 266 74 50 di
1067 266 99 50 sint
1128 266 197 50 declavarint:
1288 266 74 50 ut
1325 266 136 50 Petrus,
1424 266 136 50 Victor,
1523 266 173 50 Cornelius,
1658 266 173 50 Sylvester,
1781 266 62 50 Da-

1030 304 137 40 masus,
1126 304 206 40 Celestinus,
1291 304 110 40 Leo,
1360 304 220 40 Innocentius,
1538 304 165 40 Zoximus,
1662 304 82 40 Lo
1703 304 96 40 IX.
1744 304 96 40 Nico-

1029 339 118 47 laus
1103 339 103 47 II.
1162 339 221 47 Innocentius
1338 339 103 47 II.
1397 339 177 47 Eugenius
1529 339 118 47 III.
1603 339 221 47 Innocentius
1765 339 88 47 III.

1039 381 194 42 Sregorius
1188 381 90 42 X.
1233 381 164 42 Clemens
1353 381 90 42 V.
1398 381 179 42 Martinus
1532 381 90 42 V.
1577 381 179 42 Eugenius
1712 381 105 42 IV.
1756 381 90 42 Pius

1031 421 96 44 IV.
1086 421 137 44 Tandem
1182 421 123 44 addit
1263 421 191 44 inductioni
1414 421 96 44 duo
1468 421 205 44 corollaria:
1632 421 109 44 unum
1700 421 109 44 est,
1755 421 82 44 nul-

1022 462 100 45 lum
1079 462 129 45 novum
1165 462 157 45 errorem
1279 462 114 45 vere
1351 462 157 45 habitum
1465 462 100 45 pro
1522 462 143 45 errore
1622 462 86 45 in
1665 462 186 45 Ecclesia.
1794 462 43 45 &

1030 509 134 40 tamen
1119 509 104 40 non
1179 509 178 40 damnatum
1312 509 74 40 a
1342 509 148 40 Romano
1446 509 208 40 Pontifice:
1609 509 178 40 alterum,
1727 509 119 40 nullum

1034 544 143 57 unquam
1134 544 86 57 de
1177 544 186 57 sententia
1320 544 215 57 Conciliorum
1492 544 72 57 a
1521 544 143 57 Romano
1621 544 172 57 praesulc
1735 544 115 57 appro-

1028 582 149 48 batorum
1137 582 162 48 iudicare
1258 582 122 48 ausum
1340 582 135 48 fuisse
1434 582 68 48 &
1461 582 95 48 non
1515 582 162 48 continuo
1637 582 189 48 haereticum
1772 582 68 48 al-

1035 622 177 56 Ecclesia
1168 622 192 56 Catholica
1315 622 177 56 habitum.
1448 622 133 56 RESP.
1536 622 133 56 Primo
1625 622 162 56 negamus
1728 622 118 56 conse-

1024 667 187 43 quentiam,
1168 667 115 43 quia
1240 667 87 43 ex
1283 667 260 43 particularibus
1499 667 216 43 concluditur
1658 667 173 43 universali

1025 708 116 39 ter:
1097 708 116 39 sunt
1169 708 116 39 enim
1241 708 159 39 exempla
1357 708 202 39 dissimilia
1516 708 101 39 iam
1574 708 217 39 commemorata
1747 708 116 39 qui¬

1020 742 106 55 bus
1081 742 182 55 inductio
1217 742 259 55 labefactatur.
1430 742 152 55 Deinde
1537 742 167 55 negamus
1659 742 167 55 exempla
1765 742 76 55 in-

1027 781 179 44 ductionis
1165 781 179 44 pleraque,
1303 781 110 44 quae
1372 781 96 44 aut
1427 781 124 44 falsa
1509 781 110 44 sunt
1578 781 96 44 aut
1633 781 96 44 non
1688 781 138 44 proba.
1771 781 69 44 Nam

1035 825 146 44 Petrus
1138 825 102 44 nec
1196 825 161 44 Romanus
1313 825 176 44 Pontifex
1445 825 132 44 fuit,
1533 825 102 44 nec
1591 825 161 44 praeses
1694 825 146 44 Concilis

1024 865 110 43 quod
1093 865 137 43 Actor.
1189 865 96 43 15.
1244 865 220 43 describitur.
1422 865 165 43 Victoris
1546 865 261 43 excommunicantis
1765 865 96 43 Ec¬

1021 906 151 40 clesias
1131 906 178 40 Asiaticas
1268 906 137 40 factum
1364 906 110 40 fuit
1432 906 205 40 illegitimum
1596 906 68 40 &
1624 906 110 40 vere
1679 906 164 40 schismati-

1030 946 104 43 cum
1090 946 74 43 &
1119 946 208 43 improbatum
1283 946 89 43 ab
1328 946 194 43 Ecclesia,
1477 946 164 43 Eusebio
1596 946 149 43 teste.
1685 946 164 43 Cornelium

1032 983 183 45 Concilio
1169 983 152 45 Romano
1275 983 183 45 adversus
1412 983 213 45 Novatianos
1579 983 213 45 praefuisse
1732 983 106 45 verus

1027 1026 172 41 Eusebius
1156 1026 100 41 non
1213 1026 143 41 dicit,
1313 1026 100 41 nec
1370 1026 143 41 certus
1471 1026 129 41 autor
1557 1026 186 41 quisquam.
1685 1026 158 41 Sylvester

1037 1058 171 57 Concilio
1165 1058 143 57 Niceno
1265 1058 100 57 non
1323 1058 171 57 praefuit
1451 1058 100 57 per
1508 1058 171 57 legatos,
1637 1058 100 57 nec
1680 1058 157 57 Concilium

1036 1101 87 45 ab
1079 1101 87 45 eo
1122 1101 260 45 confirmationem
1338 1101 159 45 petiit:
1454 1101 159 45 neutrum
1569 1101 144 45 idoneo
1670 1101 144 45 autore
1756 1101 87 45 ullo

1042 1145 166 43 probari
1163 1145 166 43 potest.
1284 1145 166 43 Damasus
1405 1145 182 43 Concilio
1526 1145 318 43 Constantinopolitano

1031 1185 142 48 contra
1130 1185 227 48 Macedonianos
1315 1185 142 48 habito
1414 1185 99 48 non
1471 1185 185 48 praefuit:
1613 1185 213 48 confirmavit
1769 1185 71 48 il-

1033 1223 122 43 lud,
1109 1223 106 43 non
1170 1223 91 43 ut
1215 1223 137 43 caput
1306 1223 76 43 &
1337 1223 197 43 princeps,
1488 1223 106 43 sed
1549 1223 182 43 consensu
1686 1223 76 43 &
1701 1223 152 43 communi-

1030 1261 186 54 suffragio
1173 1261 86 54 ut
1216 1261 143 54 frater
1316 1261 72 54 &
1344 1261 172 54 collega.
1473 1261 186 54 (elestini
1616 1261 143 54 nomine
1702 1261 143 54 Cyrillus

1038 1298 175 60 Concilio
1170 1298 175 60 Ephesino
1301 1298 87 60 I.
1344 1298 102 60 non
1403 1298 204 60 praesedit.
1563 1298 102 60 Nec
1621 1298 102 60 Leo
1679 1298 102 60 per
1723 1298 131 60 legatos

1048 1342 150 43 traeses
1157 1342 109 43 fuit
1225 1342 163 43 Concilii
1348 1342 258 43 Chalcedonensis.
1565 1342 150 43 Pesanii
1674 1342 150 43 dogmata
1769 1342 68 43 ha-

1034 1386 108 54 bita
1102 1386 108 54 sunt
1170 1386 95 54 pro
1224 1386 189 54 haereticis
1372 1386 108 54 ante
1440 1386 189 54 Innocentii
1588 1386 68 54 &
1615 1386 135 54 Zogimi
1696 1386 149 54 indicium.

1039 1421 155 53 Synodo
1148 1421 93 53 V.
1195 1421 109 53 VI.
1257 1421 78 53 &
1288 1421 124 53 VII.
1366 1421 171 53 Romanus
1490 1421 186 53 Pontifex
1630 1421 109 53 non
1676 1421 171 53 praefuit:

1033 1464 88 42 ac
1077 1464 88 42 in
1122 1464 133 42 super
1210 1464 162 42 Synodus
1328 1464 118 42 VII.
1401 1464 88 42 se
1446 1464 147 42 Nicena
1549 1464 88 42 II
1593 1464 118 42 fuit
1652 1464 191 42 pseudosyno-

1038 1504 94 36 dus
1091 1504 67 36 &
1118 1504 202 36 illegitima.
1279 1504 161 36 Reliquis
1400 1504 148 36 Synodis
1508 1504 121 36 Papae
1589 1504 67 36 &
1616 1504 188 36 illegitime
1750 1504 94 36 prae-

1027 1542 153 43 fuerunt
1139 1542 70 43 &
1166 1542 84 43 in
1208 1542 98 43 iis
1264 1542 139 43 inique
1361 1542 181 43 damnarunt
1501 1542 111 43 quae
1570 1542 153 43 damnari
1682 1542 98 43 non
1724 1542 125 43 debent:

1031 1579 116 50 nihil
1108 1579 129 50 igitur
1198 1579 116 50 illis
1275 1579 167 50 tribuedum
1404 1579 77 50 ut
1443 1579 206 50 illegitimis.
1610 1579 77 50 Ad
1648 1579 129 50 versus
1725 1579 116 50 corolle

1029 1621 107 52 rium
1095 1621 134 52 primum
1189 1621 80 52 do
1229 1621 93 52 has
1282 1621 200 52 instantias.
1443 1621 147 52 Errores
1549 1621 147 52 Pelagii
1656 1621 174 52 plerosque
1776 1621 67 52 ab-

1033 1661 170 44 Ecclesia
1160 1661 184 44 Catholica
1302 1661 113 44 vere
1373 1661 99 44 pro
1429 1661 184 44 erroribus
1571 1661 170 44 habitos,
1698 1661 113 44 Rom.
1755 1661 85 44 Pon.

1042 1701 125 50 tifex
1126 1701 97 50 non
1181 1701 153 50 damnat,
1293 1701 97 50 sed
1348 1701 195 50 propugnat,
1501 1701 83 50 ut
1543 1701 223 50 demonstravit
1710 1701 139 50 Gallicae

1036 1741 289 40 nobilitatissidus
1282 1741 174 40 illustre
1412 1741 72 40 &
1441 1741 203 40 ornamentum
1600 1741 159 40 Philip.
1701 1741 145 40 Mornayus

1048 1781 181 46 Plessiaci
1187 1781 167 46 Marliant
1312 1781 167 46 Dominus,
1437 1781 222 46 Salmuriensis
1618 1781 167 46 ditionis
1743 1781 83 46 in
1771 1781 69 46 Gal

1028 1819 97 50 lia
1084 1819 152 50 Praeses
1194 1819 83 50 in
1236 1819 125 50 opere
1319 1819 83 50 de
1360 1819 125 50 Sacra
1444 1819 208 50 Eucharistia
1610 1819 166 50 Hanoviae
1720 1819 125 50 excuso-

1025 1858 130 48 anno
1106 1858 179 48 Christi
1237 1858 130 48 165.
1318 1858 196 48 Haereses
1465 1858 147 48 prope
1563 1858 147 48 omnes
1660 1858 98 48 ab
1693 1858 163 48 Orthodo-

1032 1905 91 43 xa
1077 1905 182 43 Ecclesia
1213 1905 121 43 olim
1289 1905 182 43 damnatas
1425 1905 212 43 Pontifices
1592 1905 151 43 Romani
1698 1905 182 43 tuentur,

1031 1940 233 44 quemadmodum
1218 1940 93 44 in
1265 1940 155 44 libris
1373 1940 93 44 de
1420 1940 171 44 origine
1544 1940 186 44 errorum.
1669 1940 186 44 Papistico-

1035 1979 115 45 rum
1100 1979 278 45 demonstramus.
1329 1979 213 45 Concilium
1493 1979 278 45 Constantiense
1722 1979 82 45 &
1738 1979 115 45 Basi-

1033 2018 139 50 liense
1130 2018 139 50 habuit
1227 2018 111 50 vere
1297 2018 97 50 pro
1352 2018 153 50 errore,
1463 2018 125 50 Papam
1547 2018 111 50 esse
1616 2018 125 50 supra
1685 2018 167 50 Concilium:

1031 2062 113 40 num
1096 2062 129 40 hunc
1176 2062 178 40 errorem
1306 2062 129 40 Papa
1387 2062 210 40 damnavit?
1549 2062 113 40 imo
1613 2062 162 40 maxime
1711 2062 129 40 propu-

1041 2102 133 54 gnat.
1130 2102 163 54 Dogmata
1248 2102 89 54 in
1293 2102 178 54 concilio
1426 2102 192 54 Tridetino
1574 2102 133 54 multa
1662 2102 118 54 sunt
1722 2102 118 54 promul

1036 2148 127 42 gata,
1121 2148 113 42 quae
1192 2148 113 42 olim
1262 2148 85 42 ab
1305 2148 184 42 Orthodoxa
1447 2148 170 42 Ecclesia
1574 2148 113 42 sunt
1645 2148 99 42 pro
1687 2148 156 42 erroribus

1042 2187 158 39 nabita,
1157 2187 86 39 ut
1200 2187 230 39 demonstratum
1387 2187 86 39 in
1430 2187 158 39 Examine
1545 2187 173 39 Concilii
1674 2187 173 39 Tridenti
1789 2187 58 39 ae

1036 2224 150 43 Martino
1145 2224 191 43 Chemnicio,
1295 2224 68 43 &
1322 2224 191 43 Innocentio
1472 2224 191 43 Gentilleto
1622 2224 163 43 Gallicis
1731 2224 109 43 libri-

1043 2261 151 42 quinque
1153 2261 137 42 quibus
1249 2261 151 42 titulus
1359 2261 96 42 est
1414 2261 82 42 Le
1455 2261 137 42 Bureau
1551 2261 82 42 du
1592 2261 151 42 Concile
1702 2261 82 42 de
1729 2261 124 42 Trente.

1035 2300 121 46 Papa
1111 2300 136 46 tamen
1202 2300 91 46 ea
1247 2300 106 46 non
1308 2300 197 46 damnavit,
1459 2300 106 46 sed
1520 2300 242 46 confirmavit.
1701 2300 152 46 Bellarm.

1042 2343 199 40 postulavit
1198 2343 113 40 unum
1269 2343 170 40 exemplum
1396 2343 99 40 pro
1453 2343 199 40 instantiat
1609 2343 85 40 en
1652 2343 128 40 plura
1737 2343 113 40 quam
1793 2343 57 40 u-

1039 2383 112 42 num:
1109 2383 168 42 Adversus
1235 2383 210 42 corollarium
1403 2383 154 42 alterum
1514 2383 84 42 do
1556 2383 98 42 has
1612 2383 210 42 instantias.
1766 2383 84 42 Con-

1037 2425 156 42 cilium
1147 2425 234 42 Francofurti
1334 2425 94 42 ad
1381 2425 156 42 Moenum
1490 2425 125 42 anno
1568 2425 156 42 Domini
1677 2425 125 42 794.
1755 2425 78 42 a
1771 2425 78 42 Ca-

1025 2462 125 45 rolo
1104 2462 141 45 Magno
1198 2462 219 45 convocatum
1370 2462 94 45 de
1417 2462 157 45 Synodo
1526 2462 157 45 Nicena
1636 2462 110 45 II.
1698 2462 94 45 ab
1730 2462 125 45 Adria-

1035 2510 94 37 no
1082 2510 126 37 Papa
1161 2510 157 37 Romano
1271 2510 220 37 confirmata
1444 2510 220 37 iudicavit,
1616 2510 110 37 imo
1679 2510 110 37 eam
1726 2510 126 37 damna-

1048 2546 116 40 vit.
1120 2546 116 40 Idem
1192 2546 130 40 fecit
1279 2546 159 40 Carolus
1395 2546 145 40 Magnus
1496 2546 72 40 &
1525 2546 145 40 filius
1627 2546 116 40 eius
1685 2546 159 40 Ludovicus

1047 2581 135 48 bius.
1137 2581 90 48 Et
1182 2581 105 48 num
1242 2581 150 48 Patres
1347 2581 180 48 Concilii
1481 2581 285 48 Francofurtensis
1721 2581 75 48 &
1751 2581 90 48 hi
1781 2581 75 48 Im-

1045 2626 177 38 peratores
1181 2626 82 38 ab
1222 2626 163 38 Ecclesia
1344 2626 177 38 haeretici
1480 2626 109 38 sunt
1548 2626 149 38 habiti?
1657 2626 177 38 Philippus
1779 2626 68 38 rex

1039 2665 152 40 Galliae
1149 2665 69 40 &
1177 2665 207 40 Sorbonistae
1342 2665 207 40 Parisienses
1508 2665 193 40 iudicarunt
1659 2665 83 40 de
1687 2665 165 40 sententia.

1041 2704 180 48 lohannis
1176 2704 284 48 vicesimisecundi
1415 2704 75 48 &
1445 2704 150 48 Curiae
1550 2704 180 48 Romanae,
1669 2704 180 48 sentientia

1049 2743 140 42 inimas
1147 2743 98 42 non
1203 2743 154 42 visuras
1315 2743 126 42 Deum,
1399 2743 112 42 nisi
1470 2743 112 42 post
1540 2743 266 42 resurrectionem,
1764 2743 84 42 ut
1792 2743 70 42 re-

1040 2783 108 43 fert
1108 2783 135 43 Gerson
1203 2783 216 43 Cancellarius
1379 2783 203 43 Parisiensis
1541 2783 149 43 Academ.
1649 2783 122 43 Serm.
1730 2783 81 43 in
1757 2783 95 43 fest.

1045 2822 143 44 Pasch.
1145 2822 115 44 tom.
1217 2822 86 44 4.
1260 2822 100 44 Num
1317 2822 186 44 propterea
1460 2822 100 44 rex
1517 2822 72 44 &
1546 2822 215 44 Sorbonistae
1718 2822 86 44 ab
1746 2822 115 44 Eccle-

1055 2864 92 42 sia
1108 2864 145 42 fuerunt
1213 2864 92 42 pro
1266 2864 184 42 haereticis
1410 2864 132 42 habiti
1503 2864 119 42 Reges
1582 2864 145 42 Galliae
1687 2864 145 42 aliquot
1779 2864 79 42 con-

1054 2908 145 40 cinue,
1155 2908 174 40 Henricus
1285 2908 101 40 II.
1343 2908 203 40 Franciscus
1502 2908 101 40 II.
1560 2908 159 40 Carolus
1676 2908 101 40 IX.
1719 2908 145 40 Henticus

1048 2941 111 49 III.
1118 2941 167 49 Henticus
1243 2941 97 49 IV.
1298 2941 195 49 iudicarunt
1451 2941 83 49 de
1493 2941 181 49 sententia
1632 2941 167 49 Concilii
1743 2941 125 49 Triden-

1036 2990 108 48 tini
1103 2990 68 48 &
1130 2990 122 48 jiure
1211 2990 135 48 merito
1306 2990 189 48 recusarunt
1454 2990 135 48 semper
1549 2990 162 48 Concilii
1670 2990 135 48 illius
1751 2990 108 48 publi-

1038 3029 182 45 cationem
1174 3029 91 45 in
1219 3029 166 45 Gallia:
1340 3029 106 45 num
1401 3029 182 45 continuo
1537 3029 197 45 haeretici
1688 3029 91 45 ab
1719 3029 151 45 Ecclesia

1050 3066 181 49 Catholica
1190 3066 140 49 habiti
1273 3066 98 49 sunt:

1075 3097 95 64 Sic
1130 3097 163 64 refutata
1252 3097 95 64 est
1306 3097 163 64 probatio
1429 3097 190 64 Bellarmini
1578 3097 82 64 ex
1619 3097 217 64 consuetudine
1782 3097 68 64 seu

1302 3148 112 55 praxi
1376 3148 162 55 Ecclesiae
1488 3148 112 55 petita.

1089 3184 177 51 Deinceps
1222 3184 147 51 thesin
1325 3184 118 51 suam
1398 3184 162 51 probare
1516 3184 162 51 conatur
1634 3184 221 51 testimoniis
1795 3184 74 51 Po
