2063 3488
202 166 119 71 quoad
281 166 106 71 bona
347 166 132 71 opera;
440 166 66 71 &
466 166 145 71 plurima
572 166 132 71 quidem
664 166 172 71 continere
796 166 66 71 &
822 166 145 71 tradere
915 166 132 71 expresse

204 211 175 49 totidemque
341 211 137 49 verbis,
441 211 137 49 quaedam
541 211 100 49 vero
603 211 112 49 bonam
678 211 62 49 &
703 211 175 49 necessaria
828 211 187 49 consequentia.

202 242 79 50 Et
241 242 79 50 ut
281 242 144 50 nostram
385 242 184 50 sententiam
530 242 157 50 exprimam
648 242 118 50 dicto
726 242 184 50 AUGUSTINI,
871 242 105 50 quod
923 242 105 50 exstat

209 276 108 52 libro
281 276 132 52 secundo
377 276 72 52 de
413 276 144 52 doctrina
520 276 168 52 Christiana
652 276 120 52 capite
736 276 108 52 nono;
808 276 72 52 In
843 276 84 52 his
891 276 96 52 quae
939 276 96 52 aperte

210 309 72 54 in
246 309 156 54 Scriptura
366 309 120 54 posita
450 309 108 54 sunt,
522 309 180 54 inveniuntur
667 309 96 54 illa
727 309 108 54 OMNIA
799 309 96 54 quae
859 309 156 54 continent
967 309 60 54 fi-

209 342 87 53 dem
258 342 150 53 moresque
371 342 150 53 vivendi:
483 342 75 53 In
520 342 87 53 quo
570 342 112 53 dicto
645 342 125 53 aperte
732 342 87 53 non
782 342 174 53 significat
906 342 125 53 expresse

210 378 84 53 seu
258 378 132 53 totidem
354 378 132 53 verbis,
449 378 84 53 sed
497 378 96 53 idem
557 378 108 53 valet
629 378 96 53 quod
689 378 168 53 perspicue,
821 378 120 53 clare,
892 378 132 53 manifeste

207 419 90 47 non
246 419 128 47 obscure.

243 445 136 50 Dogmata
342 445 74 50 ad
379 445 149 50 aeternam
491 445 136 50 salutem
590 445 186 50 necessaria,
739 445 99 50 sunt
801 445 99 50 quae
863 445 99 50 Deus
925 445 99 50 vult
974 445 50 50 do

211 481 99 48 ceri
272 481 111 48 omnes
347 481 124 48 absque
433 481 185 48 exceptione,
581 481 87 48 ita
631 481 74 48 ut
668 481 161 48 ignoratio
791 481 136 48 illorum
890 481 87 48 sit
927 481 124 48 damnabi-

221 515 79 45 is:
266 515 147 45 cujusmodi
379 515 90 45 sunt
435 515 147 45 principia
548 515 169 45 religionis,
684 515 90 45 item
740 515 136 45 articuli
842 515 113 45 fidei,
910 515 124 45 praecepta

217 554 109 40 Legis
289 554 145 40 Moralis;
398 554 121 40 quibus
483 554 206 40 praescribitur
652 554 97 40 quid
713 554 157 40 credendum
833 554 109 40 nobis
906 554 85 40 sit
954 554 73 40 ad
979 554 60 40 sa-

219 589 111 44 utem
289 589 69 44 &
316 589 111 44 quid
386 589 181 44 faciendum
525 589 83 44 ad
567 589 167 44 colendum
692 589 111 44 Deum
761 589 167 44 secundum
886 589 139 44 ipsius
970 589 69 44 vo

211 627 136 46 untatem.

248 647 126 52 Sacram
336 647 176 52 Scripturam
474 647 100 52 esse
537 647 176 52 perfectam,
675 647 188 52 sequentibus
826 647 176 52 argumentis
952 647 75 52 sta

191 686 138 52 bilimus:

246 718 139 47 PRIMUM:
348 718 101 47 Quia
411 718 139 47 scripta
512 718 89 47 est
563 718 89 47 per
613 718 152 47 publicos
727 718 177 47 fidelesque
866 718 89 47 Dei
917 718 63 47 &
930 718 101 47 Eccle-

217 751 88 52 siae
272 751 154 52 actuarios,
393 751 132 52 notarios
492 751 55 52 &
514 751 176 52 tabelliones,
658 751 77 52 qui
702 751 99 52 certe
768 751 77 52 pro
812 751 88 52 fide
867 751 77 52 sua
911 751 77 52 per
944 751 88 52 Spiri-

218 795 86 40 tum
267 795 135 40 Sanctum
365 795 209 40 sufficienter,
538 795 148 40 perfecte
648 795 62 40 &
673 795 135 40 integre
772 795 172 40 voluntatem
907 795 86 40 Dei
944 795 86 40 ergia

225 830 105 34 nos,
291 830 66 34 &
317 830 158 34 officium
435 830 145 34 nostrum
540 830 105 34 erga
606 830 105 34 Deum
672 830 210 34 exposuerunt,
843 830 66 34 &
869 830 171 34 universae
987 830 66 34 Ec-

224 854 141 48 clesiae
327 854 77 48 in
365 854 116 48 omnem
442 854 205 48 posteritatem
609 854 180 48 monumentis
751 854 167 48 literarum
866 854 167 48 consignatum

213 894 222 38 tradideruntque.
400 894 70 38 Si
435 894 82 38 non
482 894 152 38 fecerunt,
598 894 93 38 quae
657 894 70 38 in
692 894 105 38 illis
762 894 117 38 fides?
844 894 70 38 si
879 894 140 38 fecerunt
972 894 70 38 quae

214 921 103 47 fides
282 921 68 47 in
316 921 103 47 illis
385 921 183 47 Christianis,
533 921 80 47 qui
579 921 68 47 in
613 921 148 47 Scriptura
727 921 160 47 notatiorum
852 921 57 47 a
875 921 80 47 Deo
921 921 91 47 ipso
967 921 68 47 ele-

213 960 133 41 ctorum
306 960 67 41 &
333 960 213 41 inspiratorum
506 960 93 41 non
546 960 186 41 acquiescunt:

242 993 171 37 SECUNDUM:
374 993 158 37 Quicquid
492 993 132 37 potest
585 993 132 37 divino
677 993 105 37 modo
743 993 66 37 &
769 993 237 37 infallibiliter
954 993 79 37 tan-

224 1028 103 53 quam
289 1028 116 53 prima
366 1028 142 53 veritas
469 1028 64 53 a
495 1028 90 53 Deo
546 1028 155 53 revelata
662 1028 142 53 hominem
765 1028 168 53 sapientem
894 1028 142 53 reddere
984 1028 52 53 ad

213 1063 139 52 salutem,
317 1063 69 52 id
352 1063 81 52 est
398 1063 162 52 perfectum:
525 1063 69 52 At
560 1063 150 52 Scriptura
676 1063 104 52 Sacra
745 1063 69 52 id
780 1063 127 52 potest,
872 1063 69 52 2.
907 1063 92 52 Tim.
965 1063 69 52 3.
988 1063 46 52 v.

224 1096 82 49 15.
271 1096 94 49 Ergo
330 1096 82 49 est
365 1096 117 49 perfecta

255 1125 153 43 TERTIUM:
370 1125 153 43 Quicquid
485 1125 89 43 est
536 1125 166 43 divinitus
664 1125 179 43 inspiratum
804 1125 64 43 &
830 1125 115 43 utile
907 1125 77 43 ad
932 1125 115 43 doctri-

227 1193 158 51 perfectus
349 1193 85 51 sit
397 1193 97 51 homo
458 1193 85 51 Dei
507 1193 73 51 ad
544 1193 97 51 omne
604 1193 97 51 opus
665 1193 110 51 bonum
738 1193 183 51 instructus,
885 1193 73 51 id
921 1193 110 51 certe
982 1193 61 51 est

221 1227 181 53 perfectum.
363 1227 90 53 Nam
415 1227 103 53 quod
479 1227 116 53 ipsum
557 1227 168 53 perfectum
686 1227 90 53 non
737 1227 103 53 est,
802 1227 116 53 illud
879 1227 129 53 nullum
957 1227 77 53 homi

225 1165 106 40 nam,
291 1165 79 40 ad
330 1165 238 40 redargutionem,
529 1165 79 40 ad
568 1165 211 40 correctionem
740 1165 66 40 &
766 1165 79 40 ad
806 1165 238 40 institutionem,
1004 1165 79 40 ut

225 1268 85 35 nem
274 1268 158 35 perfectum
395 1268 134 35 reddere
493 1268 134 35 potest.
590 1268 73 35 At
626 1268 110 35 Sacra
699 1268 158 35 Scriptura
821 1268 85 35 est
870 1268 158 35 divinitus
979 1268 61 35 in-

224 1305 133 31 spirata
321 1305 61 31 &
345 1305 121 31 utilis
430 1305 73 31 ad
467 1305 170 31 doctrinam,
600 1305 85 31 &c.
649 1305 73 31 ut
685 1305 121 31 Paulus
770 1305 158 31 Apostolus
891 1305 158 31 testatur,
1000 1305 49 31 2.

239 1327 88 42 Tim.
294 1327 66 42 3.
327 1327 66 42 v.
360 1327 77 42 16,
404 1327 77 42 17.
449 1327 88 42 Tota
504 1327 154 42 Scriptura,
625 1327 77 42 &c.
669 1327 66 42 Et
702 1327 88 42 ipsa
757 1327 110 42 igitur
835 1327 77 42 est
868 1327 110 42 perfecta

252 1364 184 44 ExCIPIUNT
393 1364 142 44 Papani
493 1364 212 44 communiter,
663 1364 127 44 locum
748 1364 113 44 hunc
818 1364 127 44 Pauli
903 1364 113 44 mala
960 1364 85 44 ver-

226 1396 108 39 sione
298 1396 108 39 Bezae
370 1396 96 39 esse
430 1396 180 39 depravatum:
574 1396 84 39 nam
622 1396 72 39 in
659 1396 120 39 Graeco
743 1396 96 39 esse
863 1396 120 39 :
935 1396 108 39 verten-

225 1433 87 40 dum
274 1433 136 40 igitur,
373 1433 112 40 Omnis
448 1433 174 40 Scriptura.
584 1433 124 40 Deinde
671 1433 124 40 Paulum
758 1433 112 40 loqui
832 1433 87 40 hoc
882 1433 74 40 in
919 1433 99 40 loco
969 1433 74 40 tan-

240 1468 83 39 cum
288 1468 71 39 de
323 1468 118 39 Veteri
406 1468 178 39 Testamento:
548 1468 83 39 Non
595 1468 118 39 igitur
678 1468 71 39 de
714 1468 95 39 tota
773 1468 154 39 Scriptura
879 1468 95 39 Sacra-

270 1498 139 42 REPLIC.
371 1498 114 42 Primo
447 1498 101 42 ista
510 1498 151 42 exceptio
624 1498 114 42 neque
699 1498 126 42 coelum
788 1498 114 42 neque
863 1498 126 42 terram
939 1498 101 42 attin-

226 1533 106 45 git:
292 1533 93 45 nam
345 1533 120 45 neque
425 1533 160 45 adversus
545 1533 146 45 formam,
651 1533 120 45 neque
731 1533 160 45 adversus
851 1533 160 45 materiam
957 1533 80 45 argu

230 1563 188 45 mentationis
381 1563 150 45 quicquam
494 1563 125 45 facit.
582 1563 100 45 Quid
644 1563 100 45 enim
707 1563 100 45 ista
770 1563 150 45 exceptio
882 1563 88 45 vel
933 1563 113 45 negat
995 1563 63 45 vel

236 1598 196 38 distinguit?
393 1598 261 38 consequentiamne?
615 1598 78 38 an
654 1598 209 38 praemissarum
824 1598 157 38 aliquam?
928 1598 118 38 neutrum

238 1628 122 47 certe.
323 1628 135 47 Videtur
421 1628 73 47 ea
458 1628 171 47 responderi
593 1628 73 47 ad
630 1628 184 47 probationem
777 1628 196 47 assumtionis:
936 1628 110 47 Atqui
997 1628 49 47 as

237 1663 118 43 sumtio
320 1663 83 43 est
367 1663 106 43 Pauli
438 1663 154 43 Apostoli,
556 1663 83 43 nec
604 1663 166 43 probatione
734 1663 95 43 eget
793 1663 95 43 apud
852 1663 189 43 Christianos,
994 1663 59 43 sed

243 1699 126 39 tantum
332 1699 189 39 indicatione
483 1699 101 39 loci
546 1699 88 39 ubi
596 1699 138 39 exstet.
697 1699 126 39 Deinde
785 1699 151 39 negamus,
898 1699 113 39 locum
961 1699 88 39 Pauli

236 1739 185 37 depravatum
381 1739 106 37 esse
447 1739 159 37 versione
566 1739 132 37 Bexae.
659 1739 119 37 Nomen
738 1739 106 37 enim
804 1739 145 37 Graecum
910 1739 106 37 ,
963 1739 92 37 ,

239 1766 101 35 ,
302 1766 151 35 interdum
416 1766 239 35 universalitatem
617 1766 189 35 significat,
768 1766 151 35 interdum
868 1766 189 35 integritatem.

250 1797 95 39 Quum
310 1797 227 39 universalitatem
500 1797 179 39 significat,
644 1797 107 39 recte
715 1797 143 39 vertitur
822 1797 119 39 Latine
906 1797 119 39 omnis,
977 1797 72 39 omne

242 1830 65 56 ut
275 1830 87 56 quod
329 1830 130 56 legitur,
426 1830 108 56 Johan.
502 1830 65 56 3.
534 1830 65 56 v.
567 1830 76 56 15.
848 1830 97 56 ,
935 1830 108 56 ,

254 1864 67 37 m
388 1864 145 37 ,
500 1864 101 37 recte
567 1864 145 37 vertitur.
678 1864 67 37 Vt
712 1864 101 37 omnis
779 1864 78 37 qui
823 1864 112 37 credit
902 1864 67 37 in
935 1864 112 37 ipsum,
1002 1864 56 37 non

239 1897 139 51 pereat,
341 1897 89 51 sed
391 1897 127 51 habeat
480 1897 114 51 vitam
556 1897 165 51 aeternam.
683 1897 101 51 Quum
746 1897 101 51 vero
809 1897 203 51 integritatem
961 1897 89 51 desi-

245 1936 104 46 gnat,
315 1936 138 46 redditur
418 1936 115 46 Latine
499 1936 115 46 totus,
580 1936 104 46 tota,
649 1936 115 46 totum:
729 1936 115 46 veluti
810 1936 69 46 in
845 1936 115 46 adagio
925 1936 104 46 isto,
983 1936 69 46 aios

243 1974 104 35 na
313 1974 128 35 :
406 1974 81 35 nam
452 1974 139 35 vertitur
557 1974 128 35 Latine,
650 1974 139 35 Dimidium
754 1974 93 35 plus
812 1974 104 35 toto,
882 1974 70 35 id
916 1974 93 35 est,
963 1974 81 35 inte-

248 2004 89 38 gro.
303 2004 78 38 Sic
348 2004 111 38 Ephes.
425 2004 67 38 4.
459 2004 67 38 v.
492 2004 67 38 6.
603 2004 100 38 ,
670 2004 100 38 recte
736 2004 155 38 exponitur,
858 2004 100 38 totum
925 2004 122 38 corpus,
1014 2004 67 38 ut

250 2036 100 36 habet
316 2036 122 36 vulgata
405 2036 111 36 versio
483 2036 122 36 Latina:
572 2036 67 36 Et
605 2036 111 36 Matth.
683 2036 67 36 8.
716 2036 100 36 vers.
783 2036 78 36 32.
905 2036 111 36 ,
971 2036 78 36 totus

246 2066 108 45 grex.
318 2066 84 45 Sic
366 2066 108 45 etiam
439 2066 84 45 hoc
487 2066 108 45 loco,
619 2066 120 45 ,
704 2066 96 45 idem
764 2066 84 45 est
812 2066 96 45 quod
921 2066 120 45 :
993 2066 60 45 id-

241 2106 109 38 circo
313 2106 109 38 recte
386 2106 157 38 vertitur,
506 2106 96 38 tota
567 2106 169 38 Scriptura;
699 2106 96 38 quia
760 2106 84 38 non
808 2106 96 38 vult
868 2106 133 38 Paulus,
953 2106 96 38 omnem.

245 2131 66 42 id
278 2131 88 42 est,
333 2131 144 42 quamlibut
444 2131 166 42 scripturam,
577 2131 111 42 veluti
654 2131 77 42 est
698 2131 144 42 Platonis,
809 2131 177 42 Aristotelis,
953 2131 77 42 &c.
986 2131 66 42 esse

237 2166 193 43 .
394 2166 96 43 Quod
454 2166 72 43 si
490 2166 157 43 reddatur,
611 2166 109 43 omni,
683 2166 157 43 restringi
804 2166 109 43 debet
876 2166 72 43 ad
900 2166 169 43 Propheticam?

240 2205 69 41 &
268 2205 206 41 Apostolicam
419 2205 165 41 Scripturam

288 2223 125 53 Adhaec
376 2223 125 53 falsum
464 2223 100 53 est,
527 2223 125 53 Paulum
614 2223 113 53 loqui
690 2223 125 53 tantum
777 2223 75 53 de
815 2223 125 53 Veteri
890 2223 163 53 Testamento,

236 2261 91 46 sed
288 2261 78 46 de
327 2261 104 46 tota
391 2261 168 46 Scriptura
521 2261 117 46 agit,
599 2261 78 46 ac
638 2261 142 46 proinde
741 2261 65 46 &
767 2261 117 46 Novum
845 2261 194 46 Testamentum
987 2261 65 46 in-

251 2304 140 38 relligit,
359 2304 65 38 ut
391 2304 151 38 manifestum
510 2304 75 38 est
553 2304 75 38 tum
596 2304 65 38 ex
628 2304 108 38 verbis
703 2304 97 38 vers.
768 2304 75 38 15.
811 2304 75 38 Per
854 2304 97 38 fidem
919 2304 86 38 quae
973 2304 75 38 est
1005 2304 43 38 i1

243 2336 147 42 Christo
350 2336 120 42 Iesu:
430 2336 94 42 Nam
483 2336 120 42 Novum
563 2336 201 42 Testamentum
724 2336 134 42 docet,
817 2336 80 42 ut
858 2336 160 42 credamus
964 2336 94 42 Jesum

234 2371 101 34 esse
297 2371 164 34 Christum,
423 2371 75 34 de
461 2371 88 34 quo
511 2371 113 34 Vetus
587 2371 189 34 Testamentum
738 2371 176 34 praedixit:
876 2371 88 34 Tum
926 2371 101 34 quia
977 2371 75 34 ple-

249 2403 105 36 rique
320 2403 105 36 libri
390 2403 94 36 Novi
448 2403 164 36 Testamenti
577 2403 82 36 jam
624 2403 164 36 exstabant;
753 2403 117 36 Paulus
835 2403 94 36 enim
893 2403 82 36 hoc
928 2403 129 36 scripsit,

241 2435 136 39 instante
343 2435 170 39 migrationis
479 2435 91 39 suae
535 2435 136 39 tempore,
637 2435 68 39 ut
672 2435 102 39 patet
740 2435 68 39 ex
774 2435 125 39 capitis
864 2435 147 39 sequentis
966 2435 91 39 versus

236 2468 126 45 sexto:
324 2468 88 45 Tum
375 2468 101 45 quia
438 2468 101 45 suas
501 2468 164 45 epistolas
626 2468 126 45 Paulus
714 2468 63 45 e
740 2468 126 45 numero
828 2468 151 45 Sacrarum
928 2468 126 45 Scriptu-

236 2499 115 47 rarum
313 2499 127 47 minime
389 2499 140 47 exclusit.

295 2534 102 42 Dato
359 2534 127 42 autem,
448 2534 89 42 sed
499 2534 89 42 non
550 2534 165 42 concesso,
677 2534 127 42 Paulum
766 2534 114 42 loqui
842 2534 127 42 tantum
931 2534 76 42 de
956 2534 102 42 Veteri

247 2566 207 47 Testamento?
413 2566 124 47 tamen
495 2566 193 47 argumentum
647 2566 152 47 nostrum
758 2566 138 47 valet,
854 2566 97 47 imo
909 2566 124 47 multo
978 2566 83 47 fir-

240 2605 105 34 mius
306 2605 145 34 evadit.
411 2605 92 34 Nam
464 2605 79 34 si
503 2605 119 34 Vetus
583 2605 198 34 Testamentum
741 2605 132 34 potest
833 2605 145 34 hominem
938 2605 92 34 Dei
978 2605 79 34 per-

246 2635 123 42 ficere:
336 2635 101 42 multo
403 2635 101 42 magis
470 2635 67 42 id
504 2635 112 42 faciet
583 2635 90 42 tota
639 2635 157 42 Scriptura.
762 2635 101 42 Item,
829 2635 67 42 si
863 2635 146 42 Scriptura
964 2635 90 42 potest

255 2675 156 44 perficere
375 2675 132 44 hominem
471 2675 96 44 Dei,
531 2675 72 44 id
567 2675 96 44 est,
627 2675 156 44 ministrum
748 2675 108 44 verbi
820 2675 96 44 Dei,
880 2675 144 44 Doctorem
976 2675 84 44 Chri-

237 2704 141 38 stianum;
343 2704 82 38 tum
390 2704 106 38 multo
460 2704 106 38 magis
531 2704 153 38 sufficiet
648 2704 117 38 laico,
730 2704 117 38 eumque
812 2704 164 38 perficiet,

274 2734 187 45 Bellarminus
423 2734 87 45 duo
473 2734 174 45 respondet:
609 2734 112 45 primo
684 2734 162 45 concedit,
808 2734 99 45 quod
870 2734 162 45 Scriptura
982 2734 75 45 suf-

244 2767 154 50 ficienter
363 2767 143 50 instruat
470 2767 59 50 &
494 2767 154 50 perficiat
612 2767 131 50 hominem
707 2767 95 50 Dei;
767 2767 83 50 sed
814 2767 71 50 id
850 2767 143 50 concedit
957 2767 83 50 cum
993 2767 59 50 re-

239 2808 174 44 strictione,
378 2808 93 44 quia
436 2808 104 44 multa
506 2808 139 44 expresse
610 2808 162 44 contineat;
737 2808 58 44 &
760 2808 93 44 quae
818 2808 81 44 non
864 2808 150 44 continet,
968 2808 93 44 osten-

241 2837 85 39 dit
289 2837 97 39 unde
350 2837 97 39 sint
411 2837 145 39 petenda:
520 2837 121 39 Deinde
604 2837 97 39 quod
665 2837 182 39 concesserat
810 2837 85 39 cum
859 2837 206 39 restrictione,
1016 2837 61 39 mox

237 2867 125 47 iterum
324 2867 112 47 negat
399 2867 62 47 &
424 2867 125 47 aufert
511 2867 125 47 totum:
598 2867 112 47 Dico,
673 2867 137 47 inquit,
773 2867 125 47 Paulum
860 2867 75 47 eo
898 2867 100 47 loco
960 2867 75 47 ne
985 2867 75 47 hanc

244 2903 121 45 quidem
329 2903 206 45 sufficientiam
499 2903 158 45 Scriptura
608 2903 133 45 tribuere.

274 2929 186 54 REPLICATIO
420 2929 146 54 nostra:
526 2929 119 54 Primo
606 2929 226 54 restrictionem
791 2929 199 54 concessioni
938 2929 119 54 additam

241 2973 145 43 negamus,
350 2973 97 43 quia
411 2973 170 43 restrictio
544 2973 85 43 est
592 2973 121 43 falsa:
677 2973 85 43 nam
726 2973 158 43 Scriptura
847 2973 109 43 omnia
920 2973 145 43 continet
1017 2973 48 43 ad

245 2998 123 47 salutem
334 2998 168 47 necessaria,
469 2998 90 47 alia
525 2998 135 47 expresse
626 2998 135 47 scripta,
727 2998 90 47 alia
783 2998 67 47 ut
816 2998 157 47 necessario
929 2998 135 47 consequen-

243 3035 82 51 tia
290 3035 70 51 ex
325 3035 82 51 iis
372 3035 94 51 quae
430 3035 140 51 expresse
536 3035 129 51 scripta
629 3035 105 51 sunt:
699 3035 129 51 Perinde
793 3035 105 51 autem
863 3035 94 51 sunt
922 3035 70 51 ea
957 3035 94 51 quae
1004 3035 58 51 ex-

244 3069 154 45 Scriptura
362 3069 165 45 necessario
492 3069 189 45 colliguntur,
646 3069 59 45 &
669 3069 71 45 ea
705 3069 94 45 quae
764 3069 142 45 expresse
870 3069 177 45 scribuntur.
1000 3069 59 45 Tum

250 3106 170 43 testrictio
383 3106 133 43 oblique
480 3106 194 43 concessionem
638 3106 133 43 perimit
735 3106 61 43 &
759 3106 133 43 tollit:
856 3106 85 43 Nam
904 3106 73 43 si
941 3106 109 43 multa
1001 3106 61 43 so-

248 3133 86 54 lum
297 3133 160 54 Scriptura
420 3133 160 54 continet,
542 3133 86 54 non
592 3133 111 54 autem
665 3133 123 54 omnia,
751 3133 86 54 tum
800 3133 160 54 Scriptura
911 3133 135 54 sufficiem

255 3172 84 50 ter
303 3172 84 50 non
351 3172 155 50 instruit,
470 3172 84 50 nec
518 3172 132 50 hominem
614 3172 84 50 Dei
662 3172 155 50 perficit.
781 3172 143 50 Perficit
889 3172 120 50 autem:
960 3172 120 50 perfecta

253 3205 83 42 est
301 3205 131 42 igitur.
396 3205 131 42 Secundo
491 3205 95 42 quod
550 3205 83 42 per
598 3205 202 42 restrictionem
764 3205 131 42 oblique
859 3205 178 42 Bellarminus
990 3205 59 42 tol

238 3232 95 50 lit,
298 3232 95 50 idem
357 3232 83 50 mox
405 3232 131 50 directe
500 3232 119 50 facit,
584 3232 60 50 &
607 3232 203 50 sufficientiam
774 3232 107 50 etiam
846 3232 167 50 restrictam
965 3232 95 50 adimit

1062 159 183 52 Scripturae,
1208 159 195 52 contradicens
1367 159 146 52 Apostolo
1476 159 146 52 expresse
1586 159 146 52 docenti,
1696 159 98 52 esse
1757 159 122 52 utilem
1830 159 85 52 Scri-

1079 207 160 37 turam,
1191 207 96 37 UT
1239 207 160 37 ,
1351 207 96 37 id
1399 207 128 37 est,
1479 207 208 37 PERPECTUS
1640 207 112 37 SIT
1704 207 128 37 HOMO
1784 207 128 37 DEI,
1848 207 64 37 An

1075 244 202 33 OMNEOPUS
1227 244 151 33 EONUM
1327 244 286 33 in,
1563 244 101 33 id
1613 244 135 33 est,
1697 244 202 33 PEREEGTE
1832 244 84 33 IN

1047 278 213 43 STRUCTUS

1103 302 172 46 DUPLICAT
1232 302 72 46 &
1261 302 201 46 negationem
1419 302 115 46 suam
1490 302 158 46 firmare
1605 302 172 46 Sophista
1735 302 158 46 conatur
1835 302 72 46 se-

1074 344 164 44 quentibus
1200 344 227 44 sophismatibus,
1390 344 101 44 quae
1453 344 76 44 ex
1490 344 139 44 confusa
1591 344 63 44 &
1692 344 101 44 ejus
1743 344 176 44 disputatione

1076 379 175 51 colliguntur

1108 409 72 43 I.
1144 409 72 43 Si
1180 409 132 43 singuli
1275 409 108 43 libri
1347 409 167 43 Scripturae
1479 409 96 43 sunt
1538 409 120 43 utiles
1622 409 72 43 ad
1658 409 167 43 doctrinam,
1789 409 84 43 &c.
1837 409 60 43 &
1849 409 60 43 ta-

1074 439 81 45 men
1121 439 127 45 singuli
1213 439 81 45 non
1260 439 174 45 sufficiunt:
1399 439 81 45 tum
1445 439 81 45 nec
1491 439 93 45 tota
1549 439 151 45 Scriptura
1665 439 151 45 sufficit;
1781 439 127 45 etiamsi
1862 439 58 45 sit

1071 472 125 45 utilis
1158 472 75 45 ad
1195 472 175 45 doctrinam,
1333 472 87 45 &c.
1383 472 75 45 At
1420 472 112 45 prius
1495 472 87 45 est
1545 472 75 45 ut
1583 472 137 45 fatetur
1683 472 187 45 Chemnicius:
1833 472 100 45 Ergo
1883 472 37 45 &

1066 515 133 47 posterius.

1108 539 224 44 TRIPLICATIO
1287 539 164 44 nostra.
1407 539 164 44 Negamus
1526 539 134 44 sumti
1616 539 269 44 consequentiam,
1824 539 90 44 quia

1071 584 112 36 ludit
1145 584 150 36 Sophista
1258 584 175 36 homonymia.
1395 584 200 36 Sufficientia
1557 584 100 36 enim
1620 584 87 36 est
1669 584 137 36 duplex,
1769 584 87 36 sua
1807 584 112 36 totius,

1078 610 79 43 sua
1123 610 124 43 partis.
1213 610 90 43 Tota
1269 610 146 43 Scriptura
1382 610 79 43 est
1427 610 158 43 sufficiens
1551 610 158 43 essentiali
1675 610 180 43 sufficientia
1821 610 79 43 per
1855 610 56 43 li-

1081 646 89 42 bros
1137 646 134 42 singulos
1237 646 100 42 fusa;
1304 646 122 42 singuli
1393 646 89 42 vero
1448 646 100 42 libri
1515 646 89 42 sunt
1571 646 178 42 sufficientes
1716 646 178 42 sufficientia
1849 646 67 42 par-

1071 680 116 46 tium
1144 680 87 46 ad
1188 680 116 46 quam
1260 680 189 46 ordinatae
1405 680 131 46 sunt:
1492 680 232 46 Quemadmodoum
1681 680 131 46 totus
1768 680 116 46 homo
1826 680 87 46 suam

1078 719 185 42 essentialem
1226 719 111 42 habet
1300 719 210 42 sufficientiam
1472 719 86 42 per
1521 719 123 42 partes
1608 719 148 42 singulas
1719 719 99 42 modo
1780 719 111 42 ipsis
1842 719 74 42 con-

1077 754 158 41 venienti
1195 754 198 41 permeantem,
1354 754 66 41 &
1380 754 145 41 singuli
1485 754 119 41 etiam
1564 754 145 41 hominis
1670 754 132 41 partes
1749 754 158 41 particula.

1083 779 86 46 tem
1132 779 98 46 suam
1193 779 209 46 sufficientiam
1365 779 123 46 habent
1451 779 74 46 in
1488 779 111 46 toto,
1562 779 147 46 singulae
1672 779 172 46 exnibentes
1795 779 123 46 perfecto

1083 824 92 34 usus
1140 824 92 34 suos
1197 824 69 34 ad
1232 824 92 34 quos
1289 824 103 34 illae
1358 824 92 34 sunt
1416 824 161 34 ordinatae.
1542 824 126 34 Singuli
1634 824 103 34 libri
1703 824 80 34 non
1749 824 161 34 sufficiunt
1864 824 57 34 ni-

1085 849 103 48 mirum
1153 849 183 48 sufficientia
1301 849 160 48 essentiali
1427 849 125 48 totius:
1518 849 103 48 iidem
1587 849 103 48 tamen
1655 849 160 48 sufficiunt
1769 849 137 48 particula.

1078 890 75 39 ri
1115 890 87 39 sua
1165 890 199 39 sufficientia
1327 890 75 39 ad
1364 890 100 39 quam
1426 890 62 39 a
1451 890 87 39 Deo
1501 890 150 39 ordinati
1613 890 112 39 sunt.
1688 890 100 39 Quae
1751 890 112 39 autem
1813 890 112 39 Logicat

1077 920 119 42 docet,
1160 920 71 42 ex
1196 920 71 42 eo
1232 920 95 42 quod
1291 920 143 42 singulis
1398 920 143 42 partibus
1505 920 190 42 sufficientia
1660 920 119 42 totius
1743 920 83 42 non
1790 920 155 42 competit,

1087 951 92 41 toti
1144 951 92 41 ipsi
1201 951 195 41 sufficientiam
1362 951 115 41 totius
1443 951 138 41 adimere?
1546 951 69 41 Si
1581 951 126 41 peritus
1673 951 126 41 Medicus
1753 951 161 41 praescripse-

1085 995 86 41 rit
1134 995 136 41 aegroto
1233 995 86 41 pro
1282 995 136 41 remedio
1381 995 185 41 sufficienti
1529 995 74 41 ad
1566 995 123 41 justam
1653 995 185 41 purgationem
1801 995 99 41 tres
1850 995 62 41 un-

1093 1019 95 40 cias
1153 1019 143 40 potionis
1260 1019 155 40 alicujus,
1379 1019 71 40 si
1415 1019 131 40 drachma
1510 1019 83 40 una
1558 1019 83 40 seu
1605 1019 107 40 uncia
1677 1019 83 40 una
1724 1019 83 40 non
1772 1019 155 40 sufficiat
1879 1019 48 40 ad

1089 1060 210 44 perficiendam
1259 1060 210 44 purgationem,
1429 1060 92 44 num
1482 1060 105 44 inde
1547 1060 118 44 recte
1626 1060 210 44 concluseris,
1796 1060 92 44 nec
1835 1060 92 44 totas

1084 1092 88 40 tres
1139 1092 110 40 uncias
1205 1092 131 40 sufficeret

1120 1116 86 48 II.
1169 1116 111 48 Sicut
1243 1116 86 48 qui
1292 1116 123 48 dicit,
1378 1116 111 48 cibus
1452 1116 123 48 utilis
1538 1116 86 48 est
1587 1116 74 48 ad
1624 1116 172 48 nutriendum
1759 1116 148 48 hominem,
1858 1116 61 48 di-

1070 1152 83 48 cit
1118 1152 119 48 quidem
1201 1152 107 48 cibum
1272 1152 71 48 ad
1308 1152 83 48 hoc
1355 1152 95 48 esse
1414 1152 178 48 institutum,
1557 1152 71 48 ut
1593 1152 142 48 nutriat,
1699 1152 83 48 sed
1747 1152 83 48 non
1794 1152 107 48 dicit
1854 1152 71 48 suf-

1083 1192 121 44 ficere
1167 1192 109 44 solum
1240 1192 121 44 cibum:
1324 1192 84 44 nam
1372 1192 72 44 si
1409 1192 109 44 calor
1481 1192 157 44 naturalis
1601 1192 157 44 deficiat,
1722 1192 84 44 aut
1770 1192 133 44 aliquod
1855 1192 60 44 in-

1086 1231 172 38 strumentum
1221 1231 147 38 corporis
1331 1231 74 38 ad
1368 1231 184 38 nutritionem
1515 1231 196 38 necessarium,
1674 1231 110 38 cibus
1747 1231 86 38 non
1796 1231 147 38 nutriet.

1086 1268 123 31 Itaque
1172 1268 161 31 Apostolus
1296 1268 86 31 non
1345 1268 123 31 dicit:
1431 1268 111 31 solam
1506 1268 173 31 Scripturam
1641 1268 161 31 sufficere
1765 1268 74 31 ad
1790 1268 123 31 docendum

1093 1293 189 38 arguendum,
1242 1293 95 38 &c.
1296 1293 68 38 &
1323 1293 149 38 proinde
1431 1293 81 38 ad
1472 1293 149 38 hominem
1580 1293 216 38 perficiendum
1756 1293 68 38 &
1769 1293 149 38 absolven-

1088 1333 103 32 dum,
1153 1333 91 32 sed
1204 1333 116 32 tamen
1282 1333 78 32 ad
1321 1333 103 32 haec
1386 1333 116 32 omnia
1463 1333 155 32 prodesse
1580 1333 65 32 &
1593 1333 103 32 juvare

1126 1358 207 41 TRIPLICATIO
1291 1358 151 41 nostra.
1402 1358 124 41 Primo
1484 1358 165 41 fallacia
1608 1358 193 41 divisionis
1760 1358 151 41 conatur
1856 1358 69 41 So-

1094 1389 132 50 phista
1186 1389 145 50 eludere
1292 1389 251 50 argumentationem
1504 1389 145 50 nostram
1610 1389 106 50 quae
1676 1389 79 50 in
1715 1389 159 50 aeternum
1821 1389 106 50 firma-

1087 1435 154 42 manebit:
1203 1435 141 42 arripit
1306 1435 103 42 enim
1370 1435 116 42 media
1447 1435 154 42 duntaxat
1562 1435 116 42 dicti
1639 1435 180 42 Apostolici
1781 1435 116 42 verba
1858 1435 64 42 &
1871 1435 51 42 ea

1095 1463 134 40 dividit
1192 1463 61 40 a
1216 1463 219 40 praecedentibus
1399 1463 61 40 &
1423 1463 195 40 sequentibus,
1581 1463 97 40 quum
1642 1463 85 40 nos
1691 1463 73 40 ex
1727 1463 97 40 tota
1776 1463 146 40 sententia.

1098 1499 161 43 Apostoli
1218 1499 227 43 argumentemur,
1405 1499 94 43 non
1459 1499 80 43 ex
1499 1499 120 43 media
1579 1499 174 43 solummodo
1713 1499 107 43 ejus
1766 1499 94 43 parte

1118 1533 109 40 Docet
1191 1533 157 40 Apostolus
1312 1533 170 40 Scripturae
1445 1533 157 40 divinitus
1566 1533 170 40 inspiratae
1699 1533 109 40 finem
1772 1533 97 40 esse
1832 1533 73 40 ut
1856 1533 61 40 ho-

1095 1565 109 33 minem
1168 1565 85 33 Dei
1216 1565 170 33 perficiat:
1349 1565 109 33 media
1422 1565 109 33 autem
1495 1565 73 33 ac
1531 1565 121 33 veluti
1616 1565 133 33 officia
1713 1565 121 33 quibus
1786 1565 133 33 Scriptura

1106 1598 140 33 hominem
1208 1598 89 33 Dei
1259 1598 166 33 perficit,
1387 1598 191 33 proponuntur
1540 1598 76 33 ab
1578 1598 153 33 Apostolo
1693 1598 153 33 quatuor,
1795 1598 127 33 doctrina

1099 1631 173 35 coargutio,
1234 1631 173 35 correctio,
1370 1631 62 35 &
1395 1631 173 35 institutio
1530 1631 86 35 sub
1580 1631 86 35 qua
1629 1631 62 35 &
1654 1631 173 35 consolatio
1777 1631 148 35 comprehen-

1093 1667 125 33 ditur,
1181 1667 100 33 quae
1244 1667 113 33 alibi
1319 1667 150 33 expresse
1432 1667 175 33 nominatur.
1570 1667 100 33 Quis
1632 1667 113 33 autem
1707 1667 100 33 adeo
1770 1667 150 33 insanit,
1883 1667 75 33 ut

1101 1698 170 39 Scripturam
1235 1698 158 39 divinitus
1356 1698 170 39 inspiratam
1490 1698 134 39 asserat
1587 1698 85 39 nec
1636 1698 146 39 officium
1745 1698 146 39 perfecte
1842 1698 73 39 face

1101 1733 85 33 re,
1150 1733 85 33 nec
1198 1733 110 33 finem
1272 1733 147 33 assequi?
1382 1733 134 33 Secundo
1479 1733 134 33 frustra
1577 1733 208 33 consequentiam
1748 1733 208 33 argumentatio

1095 1771 85 35 nis
1143 1771 133 35 nostrae
1240 1771 109 35 negat
1313 1771 158 35 instantia
1434 1771 85 35 seu
1483 1771 170 35 objectione
1616 1771 133 35 exempli
1713 1771 61 35 a
1737 1771 97 35 cibo
1798 1771 121 35 sumti:
1870 1771 61 35 nam

1100 1804 156 35 exemplum
1217 1804 91 35 est
1269 1804 117 35 plane
1347 1804 182 35 dissimile.
1490 1804 91 35 Nam
1543 1804 169 35 Scriptura
1673 1804 117 35 Sacra
1738 1804 182 35 instrumentum

1088 1834 89 46 est
1139 1834 166 46 perfectum
1267 1834 64 46 &
1293 1834 115 46 solum
1369 1834 128 46 divina
1459 1834 192 46 ordinatione
1612 1834 192 46 destinatum,
1766 1834 77 46 ut
1804 1834 89 46 per
1843 1834 89 46 illud

1104 1868 138 38 credamus
1208 1868 92 38 quod
1266 1868 104 38 Jesus
1335 1868 81 38 sit
1381 1868 138 38 Christus
1484 1868 115 38 Filius
1565 1868 92 38 ille
1623 1868 92 38 Dei,
1680 1868 58 38 &
1703 1868 69 38 ut
1738 1868 150 38 credentes
1841 1868 81 38 vitam

1093 1897 110 41 illam
1166 1897 158 41 perfectam
1288 1897 146 41 habeamus
1397 1897 73 41 in
1434 1897 122 41 nomine
1519 1897 110 41 ejus,
1592 1897 122 41 Johan.
1677 1897 85 41 20.
1726 1897 110 41 vers.
1799 1897 85 41 31.
1836 1897 85 41 Cibu-

1106 1939 102 38 pero
1170 1939 204 38 instrumentum
1336 1939 89 38 est
1387 1939 191 38 imperfectum
1540 1939 76 38 ac
1578 1939 89 38 non
1629 1939 127 38 solum,
1718 1939 76 38 ad
1756 1939 140 38 alendum
1846 1939 76 38 cor-

1104 1972 93 31 bus
1157 1972 146 31 nostrum
1263 1972 80 31 ad
1303 1972 146 31 miseram
1409 1972 106 31 hanc
1476 1972 66 31 &
1502 1972 199 31 imperfectam
1661 1972 133 31 vitam.
1754 1972 120 31 Vitam
1821 1972 106 31 corpo-

1097 2002 79 41 ris
1142 2002 146 41 continent
1254 2002 79 41 tum
1299 2002 79 41 res
1344 2002 124 41 insitae
1434 2002 112 41 nobis,
1512 2002 79 41 tum
1557 2002 146 41 externae:
1670 2002 135 41 insitae,
1771 2002 67 41 ut
1804 2002 112 41 anima,
1872 2002 56 41 ca-

1099 2033 83 36 lor
1147 2033 167 36 naturalis,
1278 2033 107 36 humor
1349 2033 167 36 radicalis,
1480 2033 179 36 instrumenta
1623 2033 143 36 corporis
1730 2033 119 36 plura;
1802 2033 119 36 externae

1106 2070 69 44 ut
1140 2070 103 44 cibus
1208 2070 57 44 &
1231 2070 114 44 potus,
1311 2070 91 44 aer,
1369 2070 126 44 somnus,
1460 2070 103 44 quies
1529 2070 57 44 &
1552 2070 103 44 alia.
1620 2070 91 44 Vita
1677 2070 172 44 spiritualem
1803 2070 126 44 continent

1105 2105 97 32 alia
1166 2105 121 32 indita
1250 2105 85 32 per
1299 2105 146 32 gratiam,
1408 2105 109 32 nempe
1481 2105 146 32 Spiritus
1590 2105 146 32 Christi,
1699 2105 109 32 donum
1772 2105 146 32 Spiritus
1869 2105 61 32 ca-

1106 2141 96 31 pori
1166 2141 145 31 naturali
1275 2141 132 31 simile,
1371 2141 108 31 fides
1443 2141 157 31 salvifica
1564 2141 132 31 tanquam
1660 2141 193 31 instrumentum
1805 2141 120 31 internum

1094 2173 119 44 aliud
1173 2173 106 44 vero
1240 2173 212 44 instrumentum
1412 2173 159 44 externum
1531 2173 93 44 est
1584 2173 133 44 verbum
1677 2173 106 44 Dei,
1743 2173 93 44 per
1796 2173 106 44 quod
1849 2173 80 44 Deus

1094 2203 110 42 fidem
1167 2203 74 42 in
1204 2203 110 42 nobis
1278 2203 123 42 gignit
1364 2203 98 42 Rom.
1425 2203 86 42 10.
1474 2203 74 42 v.
1511 2203 86 42 17.
1560 2203 98 42 quod
1621 2203 110 42 primo
1695 2203 196 42 praedicatum,
1842 2203 86 42 dein-

1105 2237 72 39 de
1141 2237 145 39 scriptum
1250 2237 157 39 Ecclesiae
1371 2237 85 39 est
1419 2237 157 39 traditum,
1540 2237 72 39 ut
1576 2237 109 39 fidei
1648 2237 181 39 firmamentum
1793 2237 121 39 esset.
1866 2237 60 39 Hoc

1097 2272 114 35 autem
1173 2272 114 35 solum
1249 2272 88 35 est
1299 2272 151 35 externum
1413 2272 214 35 instrumentum,
1589 2272 76 35 ex
1627 2272 114 35 cujus
1703 2272 126 35 auditu
1791 2272 88 35 est
1829 2272 101 35 fidesa

1112 2305 76 40 oc
1150 2305 115 40 solum
1227 2305 102 40 quum
1291 2305 153 40 dicimus,
1405 2305 102 40 alia
1469 2305 115 40 omnia
1546 2305 102 40 quae
1609 2305 76 40 ab
1648 2305 127 40 homine
1737 2305 153 40 confingi
1852 2305 102 40 pos

1092 2337 107 41 sent,
1152 2337 155 41 excludimus.

1143 2376 130 40 Thomas
1234 2376 143 40 Aquinas
1338 2376 78 40 in
1377 2376 208 40 explanatione
1545 2376 117 40 hujus
1623 2376 104 40 loci
1688 2376 143 40 refutat
1779 2376 143 40 Bellarmi-

1100 2407 96 53 num:
1160 2407 145 53 Ostendit
1269 2407 120 53 (nempe
1353 2407 169 53 Apostolus)
1485 2407 96 53 quod
1546 2407 120 53 sacrae
1630 2407 132 53 literae
1726 2407 96 53 sunt
1786 2407 96 53 viae
1847 2407 72 53 ad
1871 2407 60 53 sa-

1096 2440 132 46 lutem,
1188 2440 66 46 &
1214 2440 105 46 tria
1280 2440 132 46 ponit:
1373 2440 92 46 Nam
1425 2440 171 46 commendat
1557 2440 184 46 Scripturas
1702 2440 145 46 ratione
1794 2440 132 46 principi

1105 2478 130 32 ratione
1199 2478 141 32 effectus
1306 2478 118 32 utilis
1388 2478 59 32 &
1412 2478 130 32 ratione
1506 2478 118 32 ultimi
1588 2478 130 32 fructus
1683 2478 59 32 &
1706 2478 165 32 profectus.
1836 2478 71 32 Si
1859 2478 71 32 enim

1104 2508 166 37 consideres
1235 2508 95 37 ejus
1294 2508 178 37 principium,
1436 2508 107 37 habet
1507 2508 178 37 privilegium
1649 2508 107 37 super
1721 2508 119 37 omnes:
1804 2508 95 37 quia
1851 2508 83 37 aliae

1098 2545 101 39 sunt
1161 2545 151 39 traditae
1275 2545 88 39 per
1325 2545 151 39 rationem
1439 2545 151 39 humanum:
1553 2545 114 39 Saera
1628 2545 114 39 autem
1704 2545 164 39 Scriptura
1830 2545 88 39 est
1868 2545 63 39 di-

1107 2580 96 34 vina
1167 2580 72 34 ac
1203 2580 169 34 diuvinitus
1336 2580 169 34 inspirata,
1469 2580 72 34 2.
1505 2580 109 34 Petr.
1577 2580 72 34 1.
1613 2580 84 34 Non
1662 2580 96 34 enim
1722 2580 157 34 uoluntate
1831 2580 96 34 humano

1098 2613 120 43 allata
1182 2613 84 43 est
1230 2613 156 43 aliquando
1351 2613 168 43 Prophetia:
1483 2613 84 43 Sed
1531 2613 132 43 Spiritu
1627 2613 120 43 Sancto
1711 2613 156 43 inspirati
1832 2613 120 43 loquut

1110 2644 94 38 sunt
1169 2644 118 38 Sancti
1251 2644 82 38 Dei
1299 2644 129 38 homines
1393 2644 94 38 Iob.
1452 2644 82 38 32.
1499 2644 165 38 Inspiratio
1628 2644 188 38 omnipotentis
1781 2644 82 38 dat
1816 2644 118 38 intelli-

1101 2684 147 38 gentiam.
1211 2684 86 38 Sed
1260 2684 123 38 dices,
1346 2684 135 38 quomodo
1444 2684 110 38 omnis
1518 2684 159 38 Scriptura
1641 2684 172 38 diuvinitus
1776 2684 184 38 inspiratur.

1102 2713 96 37 cum
1157 2713 164 37 secundum
1280 2713 178 37 Ambrosium
1417 2713 109 37 omne
1485 2713 123 37 verum
1568 2713 68 37 a
1595 2713 178 37 quocunque
1732 2713 151 37 dicatur
1841 2713 68 37 a
1855 2713 82 37 Spi-

1097 2749 100 34 ritu
1160 2749 125 34 Sancto
1248 2749 100 34 est?
1310 2749 150 34 Dicendum
1423 2749 100 34 est,
1486 2749 100 34 quod
1549 2749 100 34 Deus
1611 2749 175 34 dupliciter
1749 2749 138 34 aliquid
1837 2749 100 34 opera-

1106 2781 101 44 tur,
1170 2781 152 44 scilicet
1283 2781 164 44 immediate
1410 2781 76 44 ut
1448 2781 152 44 proprium
1562 2781 101 44 opus
1625 2781 114 44 sicut
1701 2781 164 44 miracula.
1827 2781 139 44 Aliquid

1102 2817 186 33 mediantibus
1250 2817 124 33 causis
1337 2817 210 33 inferioribus:
1510 2817 74 33 ut
1547 2817 111 33 opera
1622 2817 161 33 naturalia
1745 2817 99 33 Iob.
1807 2817 87 33 10.
1844 2817 87 33 Manus

1105 2848 113 46 tuae,
1181 2848 125 46 Domine
1268 2848 150 46 fecerunt
1381 2848 88 46 me,
1431 2848 88 46 &c.
1481 2848 100 46 Quae
1543 2848 113 46 tamen
1618 2848 113 46 fiunt
1693 2848 175 46 operatione
1818 2848 113 46 naturae

1100 2876 74 39 Et
1137 2876 86 39 sic
1186 2876 74 39 in
1222 2876 123 39 homine
1308 2876 147 39 instruit
1418 2876 196 39 intellectum,
1578 2876 61 39 &
1602 2876 159 39 immediate
1725 2876 86 39 per
1774 2876 123 39 sacras
1847 2876 86 39 lite-

1104 2915 94 33 ras,
1163 2915 59 33 &
1186 2915 129 33 mediate
1280 2915 82 33 per
1327 2915 105 33 alias
1397 2915 176 33 Scripturas.
1538 2915 141 33 Effectus
1643 2915 105 33 hujus
1713 2915 164 33 Scripturae
1842 2915 82 33 est
1877 2915 59 33 du-

1106 2945 103 47 plex,
1174 2945 148 47 scilicet,
1288 2945 91 47 quia
1345 2945 103 47 docet
1414 2945 160 47 cognoscere
1540 2945 148 47 veritatem
1654 2945 57 47 &
1677 2945 114 47 suadet
1757 2945 126 47 operari
1837 2945 91 47 justi-

1109 2978 107 36 tiam,
1180 2978 119 36 Iohan.
1263 2978 83 36 14.
1311 2978 166 36 Paracletus
1441 2978 142 36 Spiritus
1548 2978 131 36 Sanctus
1643 2978 131 36 docebit
1738 2978 142 36 scilicet
1833 2978 95 36 cogno-

1107 3011 131 44 scenda:
1202 3011 143 44 suggeret
1309 3011 154 44 operanda.
1428 3011 71 44 Et
1464 3011 95 44 ideo
1523 3011 119 44 utilis
1606 3011 83 44 est
1654 3011 71 44 ad
1689 3011 190 44 cognoscendam
1832 3011 95 44 verita

1105 3050 96 33 tem:
1165 3050 60 33 &
1189 3050 120 33 utilis
1272 3050 84 33 est
1320 3050 72 33 ad
1356 3050 167 33 dirigendum
1488 3050 72 33 in
1524 3050 179 33 operatione:
1667 3050 84 33 Est
1715 3050 96 33 enim
1775 3050 108 33 ratio
1834 3050 96 33 specu-

1101 3082 129 42 lativa,
1195 3082 58 42 &
1218 3082 82 42 est
1265 3082 105 42 etiam
1335 3082 93 42 rati
1393 3082 164 42 opractica:
1522 3082 70 42 Et
1557 3082 70 42 in
1592 3082 129 42 utroque
1686 3082 93 42 sunt
1744 3082 82 42 duo
1779 3082 152 42 necessaria.

1108 3114 156 48 scilicet,
1228 3114 96 48 quod
1288 3114 156 48 veritatem
1407 3114 156 48 cognoscat
1527 3114 60 48 &
1551 3114 132 48 errores
1647 3114 156 48 refellat.
1766 3114 84 48 Hoc
1814 3114 96 48 enim
1862 3114 72 48 opus

1101 3156 83 40 est
1148 3156 95 40 opus
1208 3156 166 40 sapientis,
1338 3156 142 40 scilicet
1444 3156 83 40 non
1491 3156 130 40 mentiri
1586 3156 59 40 &
1610 3156 166 40 mentientem
1740 3156 166 40 refellere.
1858 3156 71 40 Quan

1110 3184 77 42 tum
1154 3184 66 42 ad
1187 3184 110 42 primi,
1265 3184 110 42 dicit:
1342 3184 110 42 Vtilis
1419 3184 77 42 est
1463 3184 66 42 ad
1496 3184 144 42 docendum,
1607 3184 132 42 scilicet
1706 3184 155 42 veritatem:
1817 3184 110 42 Psalmus.

1102 3217 167 48 Bonitatem
1230 3217 64 48 &
1256 3217 192 48 disciplinam
1410 3217 64 48 &
1436 3217 167 48 scientiam
1564 3217 103 48 doce
1628 3217 90 48 me,
1679 3217 90 48 &c.
1731 3217 103 48 Item
1795 3217 77 48 ad
1821 3217 115 48 arguen-

1104 3252 85 48 dum
1152 3252 133 48 quantum
1249 3252 72 48 ad
1285 3252 157 48 secundum,
1406 3252 97 48 Tit.
1466 3252 72 48 1.
1502 3252 72 48 Vt
1539 3252 85 48 sit
1587 3252 121 48 potens
1671 3252 157 48 exhortari
1792 3252 72 48 in
1816 3252 121 48 doctrina
