2063 3344
189 165 100 51 logi
251 165 62 51 &
276 165 112 51 omnes
351 165 162 51 conciones
476 165 75 51 ac
513 165 200 51 promissiones
676 165 150 51 legales,
788 165 112 51 omnes
863 165 100 51 item
913 165 100 51 histo-

201 208 82 46 riae
252 208 82 46 sac,
304 208 62 46 ae
335 208 113 46 denique
417 208 124 46 quicquid
510 208 62 46 in
540 208 103 46 Sacris
612 208 113 46 literis
695 208 124 46 scriptum
777 208 134 46 continetur?

243 238 80 43 Hoc
288 238 103 43 sensu
357 238 103 43 etiam
426 238 149 43 principia
541 238 161 43 Theologiae
667 238 57 43 &
690 238 172 43 Christianae
828 238 149 43 doctrinae
932 238 57 43 so-

208 269 89 48 lent
263 269 55 48 a
286 269 144 48 nonnullis
396 269 55 48 &
419 269 122 48 possunt
507 269 133 48 articuli
607 269 100 48 fidei
674 269 155 48 nuncupari:
795 269 67 48 eo
829 269 89 48 quod
884 269 111 48 partim
951 269 44 48 in

217 309 154 36 Scripturis
338 309 110 36 Sacris
415 309 121 36 diserte
503 309 176 36 continentur,
647 309 110 36 partim
724 309 143 36 evidenter
834 309 88 36 inde
878 309 110 36 deducun-

209 340 90 39 tur.
265 340 135 39 Quicquid
367 340 90 39 enim
423 340 113 39 partim
502 340 158 39 Scripturis
626 340 113 39 Sacris
705 340 135 39 expresse
806 340 147 39 traditur,
908 340 90 39 partim

217 368 97 44 bona
277 368 194 44 consequentia
435 368 97 44 inde
495 368 181 44 exstruitur:
640 368 73 44 id
677 368 97 44 fide
737 368 169 44 Theologica
858 368 133 44 credendum

218 400 72 43 est
259 400 51 43 &
279 400 112 43 proinde
361 400 92 43 fidei
422 400 133 43 articulus
524 400 153 43 generaliter
647 400 82 43 dici
698 400 112 43 potest:
780 400 102 43 quippe
851 400 92 43 fides
912 400 61 43 in
933 400 51 43 ge-

207 444 91 31 nere
263 444 79 31 est
309 444 147 31 assentiri
422 444 91 31 omni
479 444 102 31 verbo
547 444 79 31 Dei
592 444 102 31 nobis
649 444 102 31 tradito

254 464 87 42 Etsi
309 464 98 42 autem
374 464 142 42 principia
484 464 98 42 fidei
549 464 142 42 improprie
658 464 131 42 articuli
757 464 98 42 fidei
822 464 142 42 dicantur:
921 464 76 42 tamen

220 499 120 40 reduci
304 499 131 40 possunt
399 499 72 40 ad
435 499 155 40 articulos
555 499 120 40 fidei.
638 499 84 40 Nam
686 499 72 40 si
722 499 155 40 credendum
842 499 84 40 est
889 499 72 40 in
913 499 84 40 Deum,

210 532 85 42 tum
258 532 157 42 credendum
379 532 109 42 etiam
452 532 97 42 est,
513 532 97 42 quod
573 532 73 42 is
610 532 73 42 se
646 532 182 42 patefecerit
791 532 145 42 operibus
900 532 61 42 &
912 532 85 42 verbo

216 560 94 46 suo,
275 560 94 46 quod
333 560 117 46 deinde
415 560 82 46 per
462 560 152 46 Prophetas
579 560 58 46 &
602 560 152 46 Apostolos
719 560 94 46 suos
778 560 140 46 scriptum
883 560 105 46 tradi
942 560 58 46 Ec-

214 602 124 38 clesiae
304 602 146 38 voluerit,
417 602 68 38 ut
450 602 101 38 esset
518 602 101 38 norma
586 602 101 38 fidei
653 602 56 38 &
676 602 124 38 bonorum
755 602 101 38 operum.

252 621 84 42 Hinc
304 621 178 42 intelligitur,
451 621 84 42 quae
503 621 84 42 sint
556 621 115 42 proprio
640 621 52 42 &
661 621 115 42 univoce
745 621 63 42 de
776 621 94 42 fide,
839 621 84 42 quae
892 621 84 42 non.
934 621 52 42 Pro

225 653 85 42 prie
279 653 53 42 &
300 653 117 42 univoce
385 653 64 42 de
417 653 85 42 fide
471 653 85 42 sunt
524 653 75 42 ea,
567 653 85 42 quae
620 653 64 42 ad
652 653 128 42 rationem
748 653 53 42 &
770 653 139 42 essentiam
877 653 96 42 fidei
930 653 64 42 per-

215 694 105 39 tinent
289 694 95 39 primo
352 694 53 39 &
373 694 74 39 per
416 694 74 39 se.
458 694 137 39 Improprie
563 694 53 39 &
584 694 137 39 aequivoce
690 694 63 39 de
721 694 84 39 fide
774 694 84 39 sunt
826 694 74 39 ea,
869 694 84 39 quae
921 694 63 39 ad
942 694 53 39 ra-

221 720 113 45 tionem
300 720 102 45 illam
368 720 147 45 perpetuam
480 720 181 45 essentiamque
627 720 102 45 fidei
695 720 147 45 accedunt,
808 720 90 45 sive
864 720 68 45 ut
887 720 113 45 adiuncta

218 760 168 40 necessaria,
353 760 90 40 sive
409 760 67 40 ut
442 760 180 40 contingentia
588 760 146 40 quocunque
701 760 101 40 modo,
768 760 124 40 propter
858 760 101 40 aliud
925 760 67 40 ad
948 760 56 40 fi-

227 786 79 42 dem
272 786 79 42 aut
317 786 169 42 instrumenta
452 786 101 42 Fidei
519 786 146 42 pertinent
631 786 101 42 etiam
699 786 191 42 materialiter.
856 786 124 42 Sive(ut
935 786 56 42 ali

232 822 91 40 modo
289 822 103 40 eadem
357 822 80 40 res
403 822 171 40 exprimatur)
539 822 103 40 fides
608 822 80 40 aut
654 822 114 40 primam
733 822 148 40 veritatem
847 822 148 40 respicit,
950 822 57 40 aut

225 856 82 40 res
272 856 71 40 ad
308 856 118 40 primam
390 856 153 40 veritatem
508 856 165 40 ordinatas.
638 856 94 40 Quae
696 856 106 40 autem
767 856 82 40 res
814 856 71 40 ad
850 856 118 40 primam
920 856 71 40 vers

229 885 96 42 tatem
293 885 139 42 ordinatae
400 885 96 42 sunt,
464 885 75 42 aut
507 885 75 42 per
550 885 64 42 se
582 885 139 42 ordinatae
688 885 96 42 sunt,
752 885 75 42 aut
795 885 117 42 propter
881 885 107 42 aliud.
945 885 53 42 Qua

229 923 74 41 per
272 923 64 41 se
304 923 64 41 ad
336 923 106 41 primam
410 923 127 41 veritate
505 923 138 41 ordinatae
611 923 96 41 sunt,
675 923 74 41 eae
718 923 64 41 de
749 923 85 41 fide
802 923 96 41 sunt:
866 923 85 41 quae
909 923 96 41 propter

240 952 105 40 aliud,
313 952 73 40 non
355 952 84 40 sunt
407 952 63 40 de
438 952 94 40 fide,
501 952 73 40 sed
543 952 126 40 dicuntur
637 952 84 40 esse
689 952 188 40 .
846 952 73 40 Cur
888 952 94 40 aute?
940 952 63 40 quia

231 982 102 39 fides,
302 982 61 39 ut
333 982 184 39 intelligentia,
487 982 133 39 scientia,
589 982 72 39 non
630 982 72 39 est
671 982 164 39 singularium;
804 982 72 39 sed
845 982 113 39 ratione
917 982 92 39 conmunt

235 1013 96 39 Deum
295 1013 60 39 &
319 1013 84 39 res
367 1013 132 39 divinas
463 1013 192 39 contemplatur
619 1013 72 39 ac
656 1013 156 39 percipit.
776 1013 96 39 Ergo
836 1013 120 39 Paulum
908 1013 108 39 Aposto-

236 1045 78 44 lum
280 1045 133 44 habuisse
380 1045 133 44 penulam,
480 1045 78 44 non
525 1045 78 44 est
569 1045 122 44 proprie
658 1045 56 44 &
680 1045 122 44 univoce
769 1045 67 44 de
791 1045 78 44 fide:

283 1082 159 40 QUAERITUR:
408 1082 68 40 An
442 1082 102 40 omnia
510 1082 91 40 quae
567 1082 91 40 sunt
624 1082 68 40 de
658 1082 91 40 jure
715 1082 136 40 diuvino,
817 1082 91 40 sint
874 1082 68 40 de
897 1082 68 40 fide

269 1110 97 38 RESP.
334 1110 86 38 Esse
388 1110 65 38 de
421 1110 86 38 jure
475 1110 108 38 divino
550 1110 54 38 &
572 1110 86 38 esse
626 1110 65 38 de
658 1110 86 38 fide
712 1110 151 38 differunt,
831 1110 65 38 ut
864 1110 97 38 totum
929 1110 54 38 &
939 1110 76 38 pars:

241 1144 88 43 quum
296 1144 66 43 de
329 1144 88 43 jure
384 1144 110 43 divino
461 1144 88 43 sint
516 1144 77 43 Lex
560 1144 55 43 &
582 1144 165 43 Evangelium,
713 1144 187 43 resipiscentia
867 1144 55 43 &
889 1144 110 43 fides.
955 1144 55 43 Ex-

234 1177 62 35 eo
265 1177 144 35 conficitur
378 1177 154 35 necessario,
501 1177 123 35 quicquid
593 1177 62 35 de
624 1177 82 35 fide
675 1177 82 35 est,
727 1177 62 35 id
758 1177 62 35 de
788 1177 82 35 jure
840 1177 103 35 divino
912 1177 92 35 esse:
963 1177 41 35 A-

232 1212 78 34 non
277 1212 67 34 ex
310 1212 157 34 contrario,
433 1212 134 34 quicquid
534 1212 67 34 de
568 1212 90 34 jure
624 1212 112 34 divino
702 1212 90 34 est,
758 1212 90 34 idem
814 1212 90 34 esse
870 1212 67 34 de
904 1212 101 34 fide.
960 1212 56 34 Cum

249 1241 94 37 taque
311 1241 125 37 perfecta
405 1241 94 37 ratio
467 1241 94 37 fidei
530 1241 73 37 sit
571 1241 146 37 Scripturis
686 1241 104 37 Sacris
759 1241 167 37 comprehensa,
894 1241 73 37 non
936 1241 73 37 est
967 1241 42 37 de

241 1273 90 38 fide
297 1273 135 38 quicquid
398 1273 158 38 Scripturis
522 1273 79 38 non
567 1273 214 38 comprehenditur;
747 1273 79 38 nec
792 1273 68 38 de
826 1273 90 38 jure
882 1273 113 38 divino
950 1273 68 38 est,

236 1305 90 37 quia
292 1305 78 37 jus
337 1305 123 37 divinum
426 1305 123 37 habetur
516 1305 67 37 in
550 1305 168 37 Scripturis:
684 1305 123 37 Exempli
774 1305 112 37 causa,
852 1305 112 37 Papani
919 1305 90 37 affir-

241 1345 106 35 mant,
312 1345 164 35 Pontificem
441 1345 129 35 Romanum
535 1345 94 35 jute
593 1345 117 35 divino
676 1345 153 35 succedere
793 1345 106 35 Petro
863 1345 70 35 in
887 1345 129 35 prefectu-

235 1370 78 41 tam
279 1370 111 41 totius
357 1370 155 41 Ecclesiae:
479 1370 100 41 idque
545 1370 89 41 esse
600 1370 66 41 de
634 1370 100 41 fide.
700 1370 78 41 Nos
744 1370 89 41 vero
800 1370 133 41 utrumque
899 1370 122 41 negamus
977 1370 33 41 &

246 1405 134 31 nostram
343 1405 170 31 sententiam
477 1405 146 31 probamus
587 1405 195 31 enumeratione
745 1405 134 31 partium
830 1405 183 31 essentialium.

250 1433 78 42 Nam
294 1433 78 42 cum
339 1433 100 42 juris
405 1433 111 42 divini
482 1433 89 42 duae
538 1433 89 42 sint
593 1433 166 42 essentiales
726 1433 122 42 partes,
815 1433 78 42 Lex
859 1433 55 42 &
870 1433 144 42 Evangelium,

239 1473 109 30 quarum
315 1473 119 30 relatio
402 1473 76 30 est
445 1473 65 30 ad
478 1473 195 30 resipiscentiam
641 1473 54 30 &
663 1473 109 30 fidem:
739 1473 87 30 Ista
793 1473 98 30 autem
858 1473 141 30 successio
956 1473 54 30 nec

251 1502 100 34 Legis
317 1502 144 34 instituto
428 1502 89 34 sit,
484 1502 78 34 nec
528 1502 155 34 Evangelii:
650 1502 111 34 Omnino
728 1502 144 34 sequitur,
839 1502 78 34 eam
883 1502 78 34 nec
927 1502 67 34 de
949 1502 67 34 jure

248 1527 108 36 divino
324 1527 97 36 esse,
388 1527 97 36 (quod
453 1527 108 36 totius
528 1527 129 36 rationem
625 1527 118 36 habet,)
711 1527 75 36 nec
754 1527 65 36 de
787 1527 97 36 fide,
851 1527 65 36 in
884 1527 75 36 qua
916 1527 97 36 saluta-

252 1560 69 42 tis
292 1560 79 42 pars
341 1560 119 42 versatur
430 1560 99 42 divini
490 1560 69 42 juris

268 1589 67 39 Ut
301 1589 100 39 autem
368 1589 67 39 in
401 1589 144 39 articulis
512 1589 100 39 fidei
579 1589 167 39 Christianae
712 1589 111 39 primum
790 1589 67 39 de
823 1589 78 39 Deo
868 1589 144 39 professio
968 1589 44 39 in

247 1621 155 41 stituitur:
369 1621 77 41 Ita
413 1621 100 41 etiam
479 1621 77 41 nos
523 1621 66 41 in
557 1621 133 41 doctrina
656 1621 100 41 fidei
722 1621 111 41 primum
800 1621 66 41 de
833 1621 88 41 Deo,
888 1621 77 41 per
921 1621 100 41 gratiam

248 1658 155 41 salvificam
369 1658 110 41 Sancti
447 1658 144 41 Spiritus,
557 1658 144 41 religiose
657 1658 88 41 agemus

482 1715 256 55 CAPUT
624 1715 142 55 III

324 1764 81 52 In
364 1764 94 52 quo
418 1764 189 52 descriptio
566 1764 94 52 Dei
620 1764 162 52 traditur
742 1764 67 52 &
769 1764 202 52 declavatur.

313 1818 84 43 EUS,
366 1818 74 43 est
408 1818 126 43 Spiritus
503 1818 147 43 increatus,
619 1818 137 43 exsistens
724 1818 53 43 a
745 1818 116 43 seipso,
829 1818 84 43 unus
882 1818 137 43 essentia,
977 1818 42 43 ac

241 1826 152 67 Dtrinus
352 1826 180 67 personis,
490 1826 138 67 PATER,
587 1826 138 67 FiLIUS
684 1826 69 67 &
712 1826 277 67 SPIRITUSSANCTUS.
933 1826 83 67 Joh.

329 1887 64 32 v.
361 1887 75 32 24.
404 1887 85 32 Deus
458 1887 75 32 est
500 1887 139 32 Spiritus:
607 1887 53 32 &
628 1887 75 32 qui
671 1887 118 32 adorant
757 1887 85 32 eum,
810 1887 118 32 oportet
895 1887 64 32 ut
917 1887 96 32 Spiritu

246 1916 61 41 ac
276 1916 122 41 veritate
368 1916 122 41 adorent.
460 1916 92 41 Exod.
521 1916 61 41 3.
551 1916 61 41 v.
582 1916 71 41 14.
622 1916 92 41 Dixit
683 1916 102 41 itaque
755 1916 102 41 Iehova
826 1916 92 41 Mosi,
887 1916 102 41 Eheie,
958 1916 71 41 qui

255 1947 79 40 sum:
305 1947 99 40 itaque
374 1947 89 40 dices
434 1947 99 40 filiis
503 1947 129 40 Israelis,
603 1947 89 40 Eheie
662 1947 89 40 misit
722 1947 79 40 mead
772 1947 79 40 vos,
821 1947 129 40 Deuteron.
921 1947 60 40 6.
950 1947 60 40 v.
970 1947 40 40 4.

249 1983 82 31 Audi
300 1983 113 31 Israel,
382 1983 102 31 lehova
453 1983 82 31 Deus
505 1983 102 31 noster
576 1983 102 31 Iehova
648 1983 82 31 unus
699 1983 82 31 est.
750 1983 61 31 1.
781 1983 102 31 Johan.
852 1983 61 31 5.
883 1983 82 31 ver.
934 1983 61 31 7.
955 1983 61 31 Tres

238 2012 86 37 sunt
292 2012 75 37 qui
335 2012 183 37 testificantur
486 2012 65 37 in
518 2012 108 37 coelo,
593 2012 108 37 Pater,
669 2012 108 37 Sermo,
744 2012 54 37 &
766 2012 129 37 Spiritus
862 2012 129 37 Sanctus:
959 2012 54 37 &
970 2012 43 37 hi

243 2047 85 36 tres
297 2047 85 36 unum
350 2047 96 36 sunt.
414 2047 138 36 Breviter:
520 2047 96 36 Deus,
584 2047 74 36 est
626 2047 106 36 Jehova
701 2047 117 36 Elohim,
786 2047 64 36 id
818 2047 85 36 est,
871 2047 74 36 una
903 2047 106 36 essentia

248 2080 125 43 aeterna
338 2080 102 43 Trium
406 2080 159 43 Petsonarum
531 2080 102 43 Exod.
599 2080 68 43 3.
633 2080 91 43 ver.
690 2080 79 43 15.
735 2080 57 43 &
758 2080 91 43 cap.
815 2080 79 43 20.
860 2080 68 43 5.
894 2080 113 43 Egosum
962 2080 57 43 le-

241 2104 86 44 hova
295 2104 151 44 Elohaecha,
414 2104 65 44 id
446 2104 86 44 est,
489 2104 140 44 Elohimtuus.

275 2138 90 40 Haec
331 2138 78 40 est
376 2138 134 40 duntaxat
476 2138 157 40 descriptio
600 2138 123 40 quaedam
689 2138 90 40 Dei,
745 2138 134 40 quatenus
846 2138 101 40 nobis
913 2138 78 40 est
947 2138 56 40 pa-

237 2171 152 39 tefactus:
354 2171 82 39 nam
401 2171 94 39 Deus
460 2171 82 39 non
507 2171 117 39 potest
589 2171 152 39 definiri,
706 2171 59 39 &
729 2171 70 39 ad
764 2171 140 39 perfecte
858 2171 152 39 definiendum

238 2203 106 41 Deum,
309 2203 82 41 Dei
356 2203 118 41 ipsius
439 2203 118 41 Logica
521 2203 94 41 opus
580 2203 130 41 fuerit.
674 2203 94 41 Nunc
733 2203 141 41 singulas
839 2203 165 41 particulas
957 2203 47 41 de

247 2235 152 46 Chptionis
364 2235 152 46 videamus.
481 2235 117 46 Primo,
562 2235 152 46 videbimus
679 2235 140 46 originem
784 2235 128 46 nominis
878 2235 93 46 Dei:
924 2235 82 46 dein-

238 2268 67 42 de
271 2268 67 42 a,
305 2268 157 42 ceptionem:
428 2268 112 42 tertio
507 2268 101 42 ipsam
574 2268 78 42 Dei
608 2268 168 42 descriptionem

264 2301 113 35 Nomen
339 2301 88 35 Dei
388 2301 113 35 habet
464 2301 150 35 originem
576 2301 75 35 ex
614 2301 113 35 Gaeco
689 2301 113 35 ,
764 2301 113 35 cujus
826 2301 175 35 quintuplicem

248 2330 142 49 idducunt
355 2330 189 49 etymolosiam.
508 2330 95 49 Alii
568 2330 95 49 enim
627 2330 142 49 deducunt
792 2330 118 49 ,
875 2330 59 49 a
887 2330 130 49 currendo:

256 2365 85 35 uod
304 2365 85 35 per
353 2365 109 35 omnia
425 2365 133 35 currat,
522 2365 97 35 quod
583 2365 109 35 omnia
656 2365 145 35 permeet,
765 2365 109 35 omnia
837 2365 133 35 ambiat,
922 2365 85 35 omni-

238 2395 78 39 bus
282 2395 144 39 accurrat.
393 2395 89 39 Auit
449 2395 133 39 deducunt
726 2395 111 39 ,
803 2395 89 39 quod
859 2395 100 39 omnia
914 2395 89 39 intuea

245 2434 71 33 tur
285 2434 51 33 &
306 2434 111 33 cernat;
387 2434 91 33 sicut
447 2434 111 33 dicitur
528 2434 61 33 2.
559 2434 152 33 Chronic.16.
680 2434 61 33 9.
710 2434 111 33 Iehovae
791 2434 91 33 oculi
852 2434 142 33 discurrunt
953 2434 51 33 pe-

232 2465 101 42 totam
299 2465 134 42 terrani,
400 2465 67 42 ut
433 2465 112 42 firmum
512 2465 67 42 se
546 2465 134 42 exhibeat
646 2465 90 42 erga
702 2465 90 42 eos,
758 2465 112 42 quorum
837 2465 112 42 animus
904 2465 101 42 intege-

242 2497 67 39 est
281 2497 77 39 erga
329 2497 96 39 ipsum,
396 2497 77 39 Alii
510 2497 105 39 ,
644 2497 105 39 ,
721 2497 67 39 hoc
759 2497 77 39 est,
807 2497 105 39 ardere,
884 2497 115 39 adurere,
960 2497 48 39 ac-

237 2528 127 36 cendere:
332 2528 84 36 quod
385 2528 84 36 Deus
438 2528 74 36 sit
480 2528 84 36 lux,
533 2528 53 36 &
554 2528 127 36 quicquid
649 2528 74 36 est
691 2528 63 36 in
722 2528 95 36 rebus
786 2528 105 36 lucis,
859 2528 116 36 caloris
944 2528 53 36 &
954 2528 53 36 vi-

237 2556 91 41 taes
294 2556 91 41 Deus
350 2556 80 41 hoc
396 2556 80 41 aut
442 2556 159 41 immediate,
567 2556 80 41 aut
612 2556 125 41 mediate
704 2556 80 41 per
749 2556 114 41 causas
829 2556 137 41 secundas
920 2556 91 41 accen-

240 2586 94 48 dat.
299 2586 82 48 Aut
346 2586 141 48 deducunt
451 2586 59 48 a
475 2586 117 48 nomine
557 2586 106 48 ,
627 2586 94 48 quod
686 2586 164 48 significat
815 2586 141 48 timorem:
908 2586 106 48 propri-

247 2620 71 42 um
283 2620 95 42 enim
342 2620 83 42 Dei
389 2620 95 42 est,
449 2620 71 42 ut
484 2620 71 42 ab
520 2620 130 42 omnibus
615 2620 154 42 timeatur,
733 2620 83 42 non
781 2620 83 42 tam
828 2620 130 42 servili
911 2620 95 42 timore

237 2654 129 42 propter
331 2654 94 42 ejus
390 2654 165 42 potentiam,
520 2654 94 42 quam
579 2654 141 42 filiali,
684 2654 129 42 propter
779 2654 141 42 paternam
873 2654 141 42 benevolen-

241 2689 99 40 tiam
302 2689 62 40 &
327 2689 173 40 bonitatem.
463 2689 74 40 Ex
500 2689 136 40 aliorum
598 2689 160 40 sententia
722 2689 99 40 Deus
784 2689 136 40 dicitur
882 2689 74 40 ab
907 2689 111 40 AEolico

249 2714 89 48 iu:
300 2714 89 48 hoc
351 2714 115 48 autem
428 2714 77 48 ab
466 2714 140 48 Hebraeo
568 2714 128 48 nomine
657 2714 89 48 VI,
708 2714 89 48 Dai
759 2714 102 48 quod
823 2714 89 48 est
861 2714 166 48 sufficiens;

253 2755 93 32 quae
311 2755 139 32 postiema
416 2755 162 32 Etymologia
543 2755 127 32 videtur
636 2755 104 32 nimis
694 2755 104 32 coacta-

267 2787 105 40 Porro
337 2787 70 40 ut
373 2787 82 40 jam
419 2787 70 40 de
454 2787 164 40 acceptione
583 2787 129 40 nominis
677 2787 105 40 hujus
747 2787 129 40 agamus,
841 2787 82 40 non
887 2787 82 40 est
922 2787 94 40 dicen-

250 2805 74 48 dum
293 2805 74 48 Dei
335 2805 106 48 nomen,
409 2805 95 48 alias
473 2805 169 48 generaliter,
610 2805 95 48 alias
674 2805 159 48 specialiter
800 2805 138 48 ulurpari:
906 2805 85 48 quia
949 2805 63 48 Deus

254 2845 80 38 nec
299 2845 103 38 genus
368 2845 80 38 est
414 2845 80 38 nec
460 2845 137 38 species,
563 2845 80 38 sed
609 2845 160 38 individuum
735 2845 126 38 tantum,
826 2845 80 38 seu
872 2845 115 38 numero
941 2845 80 38 unus;

255 2873 82 52 sed
302 2873 117 52 potius
384 2873 140 52 dicendum
488 2873 105 52 nomen
558 2873 82 52 hoc
710 2873 152 52 usurpari:
827 2873 117 52 nempe,
908 2873 82 52 vel
943 2873 70 52 pro-

244 2908 102 45 prae,
311 2908 90 45 quum
368 2908 68 45 de
402 2908 90 45 vero
458 2908 79 45 Deo
504 2908 102 45 sermo
571 2908 90 45 est:
628 2908 79 45 vel
673 2908 147 45 improprie
786 2908 79 45 seu
831 2908 79 45 per
876 2908 113 45 tropum
944 2908 68 45 ali-

250 2940 83 42 gem
298 2940 95 42 quum
357 2940 71 42 de
393 2940 155 42 creaturis
512 2940 155 42 usurpatur

275 2972 72 54 Ac
311 2972 119 54 rursus
394 2972 83 54 cum
442 2972 72 54 de
478 2972 95 54 vero
537 2972 83 54 Deo
585 2972 179 54 disseritur,
728 2972 155 54 usurpatur
847 2972 107 54 nomen
919 2972 83 54 Dei
954 2972 60 54 ve-

250 2996 137 43 ,
356 2996 74 43 vel
388 2996 127 43 d

382 3032 93 50 enim
440 3032 152 50 usurpatur
557 3032 93 50 quum
615 3032 70 50 de
650 3032 140 50 essentia
755 3032 117 50 divina
837 3032 198 50 intelligitur,
988 3032 47 50 ac

251 3061 125 61 proinde
342 3061 80 61 ere
387 3061 137 61 personas
490 3061 171 61 conjunctini
626 3061 171 61 fignifigat,
763 3061 125 61 Patrem,
854 3061 114 61 Filium
933 3061 57 61 &
945 3061 68 61 Spi-

246 3092 124 45 citum
315 3092 124 45 Sanctum

1209 157 103 53 vero
1273 157 180 53 usurpatur,
1415 157 103 53 quum
1479 157 77 53 de
1517 157 90 53 una
1569 157 154 53 Deitatis
1684 157 141 53 persona
1774 157 64 53 per

1039 202 179 43 synecdochen
1183 202 203 43 intelligitur:
1350 202 72 43 ac
1386 202 84 43 tum
1434 202 155 43 plerunque
1553 202 155 43 adhibetur
1673 202 120 43 aliqua
1744 202 96 43 deter-

1041 241 131 35 minatio
1136 241 71 35 ad
1172 241 167 35 personarum
1303 241 167 35 relationem
1434 241 107 35 inter
1505 241 71 35 se
1529 241 143 35 pertinens.

1063 257 182 49 T
1206 257 117 49 autem
1283 257 169 49 usurpatur
1413 257 91 49 non
1465 257 117 49 sotum
1543 257 78 49 de
1582 257 91 49 Deo
1634 257 117 49 Patre
1711 257 91 49 sed
1750 257 91 49 etiam

1049 299 67 44 le
1082 299 101 44 Filio
1150 299 56 44 &
1172 299 123 44 Spiritu
1250 299 90 44 Sancto

1079 332 68 39 De
1113 332 102 39 Patre
1181 332 113 39 nullum
1260 332 125 39 prorsus
1350 332 79 39 est
1396 332 125 39 dubium:
1486 332 113 39 veluti
1565 332 91 39 Joh.
1622 332 68 39 3.
1656 332 68 39 v.
1690 332 79 39 16.
1735 332 79 39 Sic
1769 332 68 39 Deus

1038 360 128 36 dilexit
1131 360 128 36 mundum,
1224 360 70 36 ut
1259 360 116 36 Filium
1340 360 93 36 suum
1399 360 163 36 unigenitum
1526 360 139 36 dederit.
1631 360 70 36 1.
1666 360 93 36 Joh.
1724 360 70 36 4.
1759 360 70 36 9,
1782 360 58 36 10.

1051 397 77 37 per
1095 397 77 37 hoc
1139 397 143 37 patefacta
1249 397 77 37 est
1293 397 132 37 charitas
1392 397 77 37 Dei
1436 397 66 37 in
1468 397 88 37 nos,
1523 397 88 37 quod
1578 397 110 37 Filium
1655 397 99 37 illum
1721 397 88 37 suum
1765 397 66 37 uni-

1045 428 127 40 genitum
1138 428 104 40 misit
1207 428 92 40 Deus
1265 428 69 40 in
1300 428 127 40 mundum,
1392 428 69 40 ut
1427 428 127 40 vivamus
1519 428 81 40 per
1565 428 92 40 eum.
1623 428 69 40 In
1658 428 81 40 hoc
1704 428 81 40 est
1739 428 92 40 chari-

1048 460 89 46 las,
1103 460 78 46 non
1148 460 89 46 quod
1203 460 78 46 nos
1247 460 166 46 dilexerimus
1380 460 100 46 Deum,
1447 460 78 46 sed
1491 460 89 46 quod
1546 460 89 46 ipse
1602 460 144 46 dilexerit
1712 460 89 46 nos,
1768 460 55 46 &
1779 460 55 46 mi-

1036 492 93 46 serit
1098 492 103 46 Filium
1170 492 93 46 suum,
1232 492 62 46 ut
1263 492 93 46 esset
1325 492 155 46 propitiatio
1449 492 72 46 pro
1490 492 124 46 peccatis
1573 492 93 46 nostris

1071 518 62 44 De
1102 518 93 44 Filio
1163 518 165 44 intelligitur
1297 518 62 44 in
1328 518 72 44 his
1369 518 165 44 testimoniis.
1503 518 72 44 Ps.
1544 518 72 44 82.
1586 518 62 44 v.
1616 518 62 44 1.
1647 518 82 44 Deus
1699 518 93 44 astat
1761 518 62 44 in
1781 518 62 44 coe-

1045 558 66 36 tu
1078 558 77 36 Dei
1122 558 121 36 fortis,
1210 558 99 36 inter
1276 558 165 36 magistratus
1408 558 132 36 iudicat.
1507 558 77 36 Act
1551 558 77 36 20.
1595 558 77 36 28.
1639 558 88 36 Deus
1694 558 77 36 suo
1727 558 110 36 sanguine

1046 589 135 38 Ecclesiam
1149 589 83 38 sibi
1201 589 156 38 acquisivit.
1326 589 62 38 1.
1357 589 83 38 Tim.
1409 589 62 38 3.
1440 589 114 38 ver.16.
1523 589 83 38 Deus
1575 589 145 38 conspicuus
1690 589 104 38 factus
1762 589 73 38 est
1793 589 42 38 in

1031 629 98 35 carne

1075 654 65 43 De
1108 654 120 43 Spiritu
1195 654 109 43 Sancto
1271 654 174 43 intelligitur
1413 654 65 43 in
1446 654 76 43 his
1489 654 109 43 locis.
1566 654 87 43 Act.
1620 654 65 43 5.
1653 654 65 43 4.
1685 654 76 43 Non
1729 654 65 43 es
1751 654 87 43 menti-

1036 686 76 44 tus
1080 686 141 44 hominibus
1188 686 76 44 sed
1232 686 87 44 Deo.
1286 686 65 44 2.
1319 686 87 44 Cor.
1373 686 65 44 6.
1406 686 76 44 16.
1450 686 76 44 Vos
1493 686 120 44 templum
1580 686 98 44 estis
1646 686 76 44 Dei
1678 686 109 44 viventia

1078 718 147 36 Improprie
1191 718 90 36 vero
1247 718 79 36 seu
1292 718 79 36 per
1338 718 113 36 tropum
1417 718 147 36 usurpatur
1530 718 79 36 vox
1575 718 79 36 Dei
1620 718 113 36 itidem
1699 718 169 36 dupliciter:

1052 758 78 41 vel
1096 758 78 41 per
1141 758 178 41 concessionem
1286 758 56 41 &
1308 758 134 41 ,
1408 758 78 41 cum
1453 758 145 41 Scriptura
1564 758 134 41 loquitur
1665 758 67 41 de
1698 758 111 41 falsis
1776 758 56 41 &
1787 758 56 41 fi-

1057 785 120 38 ctitiis
1144 785 98 38 diis:
1209 785 76 38 vel
1253 785 76 38 per
1296 785 152 38 analogiam,
1416 785 76 38 cum
1459 785 109 38 agitur
1536 785 65 38 de
1568 785 87 38 iis,
1623 785 76 38 qui
1666 785 76 38 non
1710 785 120 38 natura,
1786 785 54 38 sed

1041 819 135 39 donorum
1139 819 159 39 divinorum
1261 819 61 39 &
1286 819 135 39 officii
1384 819 135 39 ratione
1482 819 86 39 dii
1531 819 196 39 nuncupantur:
1691 819 74 39 ut
1727 819 110 39 Psalm
1789 819 61 39 82.

1048 850 97 54 vers.
1113 850 65 54 1.
1146 850 54 54 &
1167 850 65 54 6.
1200 850 162 54 magistratus
1329 850 130 54 vocantur
1427 850 87 54 dit,
1481 850 87 54 quia
1535 850 87 54 sunt
1589 850 119 54 vicarii
1676 850 76 54 Dei
1719 850 65 54 in
1741 850 97 54 admini-

1045 883 128 44 strando
1127 883 81 44 jure.

1095 917 162 39 Caeterum,
1219 917 100 39 quum
1281 917 100 39 Deus
1344 917 137 39 dicitur
1443 917 162 39 Spiritus,
1568 917 87 39 tum
1617 917 112 39 nomen
1692 917 149 39 Spiritus
1792 917 62 39 non

1055 948 142 37 obtinet
1158 948 116 37 locum
1236 948 142 37 generis
1339 948 232 37 praedicabilis,
1532 948 103 37 quod
1596 948 142 37 commune
1699 948 90 37 sit
1751 948 90 37 Deo
1790 948 64 37 cum

1045 985 151 41 Angelis
1155 985 69 41 &
1182 985 164 41 animabus
1306 985 164 41 hominum.
1429 985 151 41 Proprie
1539 985 110 41 enim
1607 985 96 41 Dei
1662 985 137 41 nullum
1744 985 96 41 genus

1048 1016 80 43 dari
1088 1016 90 43 potest.

1079 1037 69 47 I.
1113 1037 92 47 Quia
1170 1037 80 47 Deo
1216 1037 103 47 nihil
1285 1037 80 47 est
1331 1037 149 47 superius,
1445 1037 69 47 ne
1480 1037 172 47 cogitatione
1617 1037 126 47 quidem,
1709 1037 80 47 cui
1743 1037 92 47 subiis

1057 1076 112 37 ciatur
1135 1076 67 37 ut
1169 1076 101 37 pars,
1236 1076 90 37 quum
1292 1076 90 37 Deus
1348 1076 123 37 nullius
1438 1076 146 37 essentiam
1550 1076 168 37 participet:
1684 1076 123 37 Species
1763 1076 78 37 autem

1065 1110 146 47 participat
1179 1110 135 47 essentiam
1283 1110 73 47 sui
1314 1110 94 47 generis

1080 1133 82 43 II.
1127 1133 94 43 Quia
1186 1133 94 43 Deus
1245 1133 82 43 non
1292 1133 82 43 est
1339 1133 129 43 genere,
1433 1133 82 43 nec
1480 1133 129 43 specie,
1574 1133 188 43 Philosophica
1727 1133 153 43 acceptio

1050 1175 83 35 ne,
1098 1175 83 35 sed
1145 1175 119 35 numero
1228 1175 83 35 seu
1275 1175 154 35 individuo
1394 1175 107 35 unus.
1465 1175 142 35 Alioquin
1572 1175 142 35 Deitatis
1678 1175 71 35 in
1714 1175 119 35 tribus
1785 1175 71 35 per-

1063 1208 95 35 onis
1122 1208 95 35 unum
1181 1208 95 35 esse
1241 1208 118 35 ,
1323 1208 71 35 id
1359 1208 95 35 est,
1418 1208 130 35 speciem
1513 1208 83 35 seu
1560 1208 118 35 formam
1643 1208 106 35 dixit
1702 1208 142 35 Athanasius

1056 1240 112 38 primo
1130 1240 112 38 tomo,
1205 1240 149 38 oratione
1317 1240 125 38 quarta
1404 1240 125 38 contra
1491 1240 149 38 Arianos,
1603 1240 125 38 pagina
1678 1240 162 38 ducentesima

1062 1271 261 37 sexagesimasecunda,
1287 1271 154 37 editionis
1406 1271 213 37 Commelinianae.
1583 1271 71 37 Et
1619 1271 190 37 Tertullianus
1761 1271 83 37 libro

1063 1306 61 39 de
1093 1306 133 39 Trinitate
1196 1306 123 39 adversus
1288 1306 123 39 Praxean,
1380 1306 102 39 capite
1452 1306 113 39 secundo
1534 1306 82 39 ait,
1585 1306 82 39 tres
1636 1306 82 39 esse
1688 1306 123 39 personas
1770 1306 61 39 spe-

1060 1343 89 34 cie.
1115 1343 100 34 Item.
1182 1343 89 34 Unum
1238 1343 89 34 esse
1293 1343 100 34 Deum,
1360 1343 67 34 ex
1393 1343 78 34 quo
1437 1343 89 34 tres
1493 1343 111 34 formae
1571 1343 56 34 &
1593 1343 122 34 speciet
1682 1343 67 34 in
1715 1343 111 34 nomine
1781 1343 56 34 Pa-

1054 1369 102 34 tris,
1122 1369 102 34 Filii
1190 1369 57 34 &
1212 1369 136 34 Spiritus
1314 1369 113 34 Sancti
1394 1369 170 34 deputantur.
1530 1369 91 34 Dura
1586 1369 57 34 &
1609 1369 147 34 impropria
1722 1369 147 34 loquutio:

1061 1403 126 40 speciem
1152 1403 92 40 enim
1209 1403 80 40 pro
1255 1403 149 40 singulari
1369 1403 57 40 &
1392 1403 149 40 individua
1507 1403 137 40 ratione,
1610 1403 69 40 ac
1644 1403 126 40 proinde
1736 1403 80 40 pro
1770 1403 80 40 indi-

1063 1435 95 38 viduo
1127 1435 74 38 seu
1169 1435 116 38 persona
1254 1435 169 38 Tertullianus
1380 1435 85 38 dixit.

1080 1466 104 45 III.
1145 1466 104 45 Quia
1210 1466 91 45 Dei
1262 1466 117 45 nulla
1340 1466 130 45 potest
1431 1466 104 45 dari
1496 1466 117 45 causa
1574 1466 104 45 quam
1639 1466 117 45 genus
1717 1466 156 45 denotat,

1067 1500 164 44 quemadmodum
1198 1500 164 44 Aristoteles
1329 1500 109 44 dicit,
1536 1500 87 44 esse
1590 1500 174 44 praestabile,
1732 1500 87 44 quia
1776 1500 65 44 cau-

1057 1530 79 42 sam
1091 1530 113 42 declara-

1091 1555 94 43 IV.
1144 1555 107 43 Quia
1211 1555 107 43 Deus
1279 1555 94 43 non
1332 1555 94 43 est
1386 1555 202 43 compositus:
1547 1555 94 43 Nam
1601 1555 188 43 quaecunque
1736 1555 107 43 habent

1063 1596 112 43 genus,
1141 1596 90 43 sunt
1198 1596 146 43 composita
1310 1596 67 43 ex
1344 1596 112 43 genere
1422 1596 56 43 &
1445 1596 169 43 differentia
1580 1596 157 43 specifica.
1703 1596 90 43 Ergo
1748 1596 90 43 Spiri-

1052 1634 88 39 tus
1103 1634 88 39 non
1153 1634 138 39 dicitur
1253 1634 75 39 de
1290 1634 100 39 Deo,
1353 1634 63 39 &
1378 1634 138 39 Angelis
1478 1634 75 39 ac
1516 1634 125 39 animis
1603 1634 138 39 hominum
1691 1634 150 39 ,

1066 1658 131 49 univoce;
1165 1658 77 49 sed
1208 1658 142 49 ,
1307 1658 120 49 aequivoce

1092 1708 104 40 Cuius
1162 1708 116 40 igitur
1243 1708 151 40 argumenti
1359 1708 128 40 notione
1452 1708 93 40 Deus
1510 1708 128 40 dicitur
1603 1708 151 40 Spiritus?
1707 1708 128 40 Respondeo

1061 1737 132 36 Formae
1153 1737 158 36 notione.
1272 1737 106 36 Deus
1338 1737 106 36 enim
1404 1737 145 36 proprie
1510 1737 158 36 loquendo
1629 1737 132 36 formam
1721 1737 66 36 &
1734 1737 106 36 quidem

1066 1774 178 32 essentialem
1208 1774 83 32 seu
1256 1774 202 32 substantialem
1422 1774 130 32 formam,
1517 1774 83 32 hoc
1564 1774 95 32 est,
1624 1774 154 32 essentiam
1730 1774 107 32 divinam

1052 1800 126 37 notat,
1141 1800 88 37 non
1191 1800 164 37 officium,
1317 1800 88 37 non
1368 1800 126 37 finem,
1456 1800 88 37 non
1507 1800 177 37 adjunctum.
1646 1800 88 37 Est
1696 1800 101 37 Deus
1747 1800 88 37 forma

1051 1831 81 44 sed
1098 1831 81 44 non
1144 1831 69 44 in
1178 1831 138 44 materia:
1282 1831 104 44 verum
1351 1831 196 44 simplicissima
1512 1831 69 44 ac
1547 1831 150 44 purissima
1662 1831 115 44 forma,
1743 1831 69 44 ab
1766 1831 69 44 omr-

1059 1873 121 42 materia
1147 1873 154 42 segregata.
1268 1873 88 42 Hinc
1323 1873 121 42 dicitur
1411 1873 110 42 Filius
1487 1873 77 42 Dei
1531 1873 88 42 esse
1586 1873 66 42 e
1619 1873 99 42 ogi
1685 1873 88 42 ,
1740 1873 66 42 in
1762 1873 88 42 formae

1066 1895 73 52 Dei.
1112 1895 110 52 Philipp.
1194 1895 55 52 2.
1222 1895 55 52 v.
1240 1895 37 52 6.

1285 1946 252 49 VSVS

1093 2009 68 48 Si
1127 2009 91 48 Deus
1184 2009 80 48 est
1229 2009 148 48 Spiritus:
1343 2009 102 48 nihil
1411 2009 91 48 ergo
1468 2009 68 48 de
1502 2009 68 48 eo
1536 2009 136 48 terrenum
1638 2009 80 48 aut
1684 2009 125 48 carnale
1763 2009 80 48 cogi-

1059 2047 135 40 tandum.
1157 2047 123 40 Deinde
1243 2047 74 40 ex
1280 2047 148 40 analogia
1391 2047 197 40 spititualium
1551 2047 185 40 essentiarum
1686 2047 160 40 simplicium-

1054 2084 81 37 que
1101 2084 69 37 de
1135 2084 116 37 natura
1217 2084 93 37 ejus
1274 2084 139 37 judicium
1379 2084 116 37 aliquo
1460 2084 93 37 modo
1518 2084 104 37 fieri
1587 2084 127 37 potest.
1680 2084 93 37 Deus
1738 2084 81 37 est
1773 2084 69 37 Spi-

1058 2116 108 45 ritus:
1134 2116 87 45 Ergo
1188 2116 152 45 purissimus
1307 2116 108 45 actus.
1383 2116 76 45 Quo
1426 2116 87 45 quid
1481 2116 173 45 spiritualius
1621 2116 87 45 est,
1676 2116 65 45 eo
1708 2116 97 45 magis
1762 2116 76 45 acti-

1063 2149 75 38 vum
1106 2149 86 38 est.
1160 2149 86 38 Ergo
1214 2149 97 38 totus
1279 2149 75 38 est
1322 2149 108 38 actio:
1397 2149 86 38 Ergo
1451 2149 97 38 nulla
1516 2149 75 38 est
1559 2149 65 38 in
1591 2149 86 38 ipso
1634 2149 97 38 materia

1073 2171 126 40 Deinde
1162 2171 101 40 Deum
1225 2171 164 40 increatum
1351 2171 151 40 dicimus;
1465 2171 88 40 Hac
1515 2171 202 40 appellatione
1679 2171 88 40 (ut
1730 2171 114 40 docet
1793 2171 63 40 Iu-

1049 2206 114 40 stinus
1128 2206 114 40 Martyr
1208 2206 125 40 quaest.
1299 2206 114 40 Graec.
1378 2206 193 40 confutatione)
1538 2206 80 40 eum
1583 2206 57 40 a
1606 2206 136 40 creatura
1697 2206 159 40 secernentes.

1058 2240 69 42 Et
1092 2240 91 42 nisi
1149 2240 148 42 creaturae
1263 2240 126 42 essent,
1355 2240 103 42 neque
1423 2240 91 42 Deus
1480 2240 69 42 ab
1514 2240 80 42 eis
1560 2240 137 42 increati
1663 2240 137 42 vocabulo
1754 2240 103 42 secerne

1057 2275 110 37 retur.
1134 2275 110 37 Itaque
1212 2275 77 37 per
1256 2275 88 37 hanc
1311 2275 110 37 ipsam,
1388 2275 88 37 quae
1443 2275 133 37 increati
1543 2275 110 37 nomine
1620 2275 88 37 fit,
1664 2275 177 37 distinctionem,

1046 2313 179 33 ostenditur
1187 2313 102 33 Deus
1251 2313 102 33 esse
1314 2313 115 33 supra
1391 2313 153 33 corporea
1506 2313 64 33 &
1532 2313 192 33 incorporea.
1685 2313 89 33 Nam
1736 2313 77 33 si
1762 2313 89 33 nomen

1060 2342 122 35 creati
1145 2342 146 35 summatim
1255 2342 146 35 corporea
1365 2342 61 35 &
1389 2342 171 35 incorporea
1524 2342 208 35 complectitur,
1695 2342 122 35 certum
1768 2342 73 35 est,

1062 2380 77 32 qui
1106 2380 77 32 hoc
1150 2380 88 32 ipso
1206 2380 133 32 increati
1305 2380 111 32 nomine
1383 2380 55 32 a
1405 2380 122 32 creatis
1493 2380 166 32 secernitur,
1626 2380 155 32 necessario
1748 2380 77 32 eum
1781 2380 55 32 et-

1061 2404 79 35 iam
1106 2404 57 35 a
1129 2404 147 35 corporeis
1242 2404 57 35 &
1265 2404 170 35 incorporeis
1401 2404 136 35 secerni.
1503 2404 68 35 Et
1537 2404 91 35 quod
1594 2404 102 35 aliis
1662 2404 102 35 adest
1719 2404 113 35 incorpo-

1055 2439 113 38 reis,
1131 2439 75 38 ut
1168 2439 63 38 a
1193 2439 163 38 corporeis
1319 2439 88 38 non
1369 2439 251 38 comprehendantur,
1582 2439 75 38 id
1620 2439 125 38 quoque
1708 2439 88 38 Deo
1746 2439 100 38 adesta

1050 2469 82 34 non
1097 2469 117 34 quidem
1179 2469 70 34 ut
1215 2469 176 34 incorporeo,
1356 2469 82 34 sed
1403 2469 70 34 ut
1438 2469 70 34 ei
1473 2469 82 34 qui
1520 2469 106 34 longe
1590 2469 82 34 sit
1637 2469 106 34 ulira
1696 2469 141 34 incorporea

1062 2498 71 35 Et
1098 2498 95 35 quia
1157 2498 83 35 non
1204 2498 118 35 habere
1287 2498 142 35 opificem
1393 2498 59 35 &
1417 2498 130 35 dominum
1512 2498 189 35 praestantius
1666 2498 95 35 est,
1725 2498 95 35 quam
1772 2498 71 35 opi-

1054 2533 125 39 ficem
1137 2533 139 39 habere
1235 2533 69 39 &
1263 2533 167 39 dominum:
1388 2533 111 39 ideo
1457 2533 111 39 Deum
1526 2533 153 39 vocamus
1638 2533 195 39 increatum.
1777 2533 69 39 Nam

1056 2565 97 45 quod
1116 2565 157 45 increatum
1237 2565 97 45 est,
1297 2565 109 45 neque
1370 2565 145 45 opificem
1478 2565 121 45 habere
1563 2565 133 45 potest,
1659 2565 109 45 neque
1719 2565 121 45 dominum.

1088 2597 114 41 Tertio
1167 2597 125 41 dicitur
1258 2597 68 41 de
1292 2597 91 41 Deo,
1349 2597 91 41 quod
1406 2597 57 41 a
1429 2597 114 41 seipso
1508 2597 148 41 exsistat,
1622 2597 68 41 id
1656 2597 91 41 est,
1713 2597 91 41 quod
1758 2597 80 41 habea

1058 2629 145 43 essentiam
1169 2629 56 43 a
1192 2629 111 43 seipsa
1270 2629 178 43 exsistentem.
1414 2629 78 43 Nam
1459 2629 134 43 ,
1559 2629 67 43 id
1593 2629 89 43 est,
1648 2629 134 43 essentia
1749 2629 56 43 a
1760 2629 89 43 seipsa

1054 2663 144 34 exsistens
1164 2663 77 34 est
1209 2663 121 34 propria
1297 2663 77 34 Dei
1341 2663 66 34 Ut
1374 2663 88 34 Deus
1429 2663 88 34 sit,
1485 2663 66 34 id
1518 2663 77 34 Deo
1562 2663 66 34 ex
1595 2663 88 34 sese
1650 2663 121 34 insitum
1739 2663 88 34 est.
1783 2663 66 34 Deus

1062 2694 84 35 esse
1114 2694 73 35 non
1156 2694 115 35 potest,
1239 2694 94 35 cujus
1302 2694 84 35 S
1354 2694 73 35 non
1396 2694 73 35 sit
1437 2694 52 35 a
1458 2694 115 35 seipsa.
1542 2694 84 35 Deus
1594 2694 125 35 exsistit
1688 2694 73 35 per
1719 2694 115 35 essentiam

1076 2727 77 46 uae
1120 2727 77 46 est
1164 2727 55 46 a
1186 2727 110 46 seipsa
1263 2727 55 46 &
1284 2727 77 46 non
1328 2727 66 46 ab
1361 2727 88 46 alia
1416 2727 143 46 essentia.
1526 2727 88 46 Unde
1581 2727 99 46 verus
1647 2727 88 46 Deus
1701 2727 77 46 est
1745 2727 121 46 ,

1055 2759 145 36 ,
1167 2759 78 36 hoc
1211 2759 89 36 est,
1267 2759 112 36 habens
1346 2759 145 36 essentiam
1457 2759 123 36 divinam
1547 2759 56 36 a
1569 2759 112 36 seipsa
1636 2759 157 36 exsistentem:

1089 2787 163 39 Differunt,
1217 2787 116 39 habere
1299 2787 151 39 essentiam
1415 2787 128 39 divinam
1508 2787 58 39 a
1532 2787 128 39 seipso;
1625 2787 58 39 &
1648 2787 116 39 habere
1718 2787 128 39 essentiam

1060 2814 122 38 divinam
1148 2814 55 38 a
1171 2814 111 38 seipsa
1248 2814 177 38 exsistentem:
1392 2814 89 38 quia
1447 2814 111 38 potest
1525 2814 122 38 persona
1614 2814 111 38 aliqua
1691 2814 111 38 habere
1757 2814 89 38 essen-

1066 2849 85 40 tiam
1120 2849 117 40 divinam
1205 2849 64 40 ab
1237 2849 96 40 alio,
1301 2849 64 40 ut
1333 2849 107 40 Filius
1408 2849 53 40 a
1429 2849 107 40 Patre,
1503 2849 128 40 Spiritus
1599 2849 117 40 Sanctus
1685 2849 53 40 a
1706 2849 96 40 Patre
1770 2849 53 40 &
1781 2849 53 40 Fi-

1063 2883 84 47 lio,
1116 2883 74 47 sic
1158 2883 95 47 tamen
1222 2883 63 47 ut
1253 2883 105 47 habeat
1327 2883 137 47 essentiam
1433 2883 116 47 divinam
1517 2883 53 47 a
1538 2883 105 47 seipsa
1612 2883 169 47 exsistentem,
1749 2883 74 47 hoc
1781 2883 63 47 est,

1068 2917 58 35 ut
1097 2917 68 35 sit
1136 2917 78 35 Deus
1185 2917 78 35 illa
1234 2917 126 35 essentia,
1331 2917 78 35 quae
1379 2917 68 35 est
1418 2917 49 35 a
1438 2917 107 35 seipsa,
1516 2917 68 35 non
1554 2917 88 35 autem
1613 2917 58 35 ab
1642 2917 78 35 alia
1681 2917 97 35 essentia

1089 2948 84 36 Hoc
1137 2948 119 36 itidem
1220 2948 95 36 Deus
1280 2948 179 36 disceinitur
1423 2948 60 36 a
1447 2948 167 36 creaturis.
1578 2948 84 36 Res
1626 2948 143 36 conditae
1734 2948 95 36 enim
1781 2948 60 36 ha-

1063 2972 91 62 bent
1119 2972 159 62 principium
1245 2972 91 62 suae
1301 2972 159 62 essentiae:
1426 2972 91 62 Deus
1483 2972 102 62 autem
1551 2972 159 62 principium
1676 2972 148 62 essentiae
1779 2972 68 62 nul-

1064 3016 68 34 lo
1098 3016 91 34 modo
1154 3016 102 34 habet
1222 3016 79 34 aut
1267 3016 113 34 habere
1335 3016 91 34 potes.

1085 3038 125 43 Denique
1176 3038 137 43 additur,
1278 3038 91 43 quod
1335 3038 91 43 Deus
1392 3038 80 43 sit
1438 3038 114 43 trinus
1518 3038 148 43 personis,
1632 3038 114 43 Pater,
1712 3038 80 43 &c.
1746 3038 91 43 Essen-

1062 3074 73 40 tia
1103 3074 84 40 enim
1156 3074 104 40 divina
1229 3074 73 40 non
1270 3074 73 40 est
1312 3074 84 40 sine
1364 3074 84 40 suis
1416 3074 177 40 relationibus,
1563 3074 104 40 quibus
1636 3074 146 40 distinctae
1740 3074 94 40 consti-

1061 3112 128 50 tuuntur
1154 3112 151 50 personae,
1271 3112 105 50 eoque
1341 3112 81 50 nes
1387 3112 93 50 Deus
1445 3112 81 50 est
1492 3112 105 50 ullus
1562 3112 105 50 extra
1632 3112 140 50 personas
1725 3112 116 50 divinas;
