2063 3370
205 212 98 40 Nihil
270 212 98 40 cerre
335 212 98 40 abiud
401 212 130 40 superest
498 212 76 40 ubi
542 212 87 40 Deus
596 212 109 40 factus
672 212 76 40 cum
716 212 98 40 ente,
781 212 76 40 (id
824 212 87 40 est,
879 212 98 40 summo
933 212 76 40 infe-

211 252 98 34 ctoq)
276 252 152 34 consistat.
396 252 76 34 Hic
439 252 87 34 enim
493 252 130 34 infectus
591 252 54 34 &
612 252 65 34 ea
645 252 87 34 quae
699 252 108 34 ipsius
775 252 98 34 sunt,
840 252 108 34 mundum
916 252 76 34 ita
949 252 54 34 ex-

202 286 109 39 cedit,
278 286 65 39 ut
311 286 120 39 impleat
398 286 152 39 undiquaque
518 286 131 39 quicquid
616 286 98 39 supra
681 286 98 39 ipsum
747 286 87 39 est,
801 286 76 39 nec
845 286 98 39 locum
910 286 98 39 ullum
964 286 44 39 se

207 317 119 37 vacuum
290 317 167 37 relinquat.
421 317 83 37 Sed
469 317 155 37 providere
588 317 119 37 forsan
671 317 83 37 eum
719 317 131 37 aliquis
814 317 119 37 dicat.
897 317 107 37 Verum
956 317 48 37 no

210 350 129 38 provideat
310 350 100 38 quidem
379 350 70 38 iis
419 350 80 38 quae
469 350 70 38 non
509 350 100 38 fecit.
578 350 100 38 Itaque
648 350 139 38 efficitur,
757 350 60 38 ut
787 350 60 38 si
817 350 90 38 nihil
877 350 100 38 facit,
946 350 90 38 neque

201 390 149 34 providet,
315 390 103 34 neque
384 390 103 34 locus
452 390 69 34 ei
486 390 137 34 superest
589 390 114 34 ullus,
669 390 126 34 nusquam
761 390 57 34 &
784 390 114 34 omnino
864 390 80 34 non
898 390 103 34 exstet.

205 416 88 38 unus
260 416 88 38 vero
316 416 88 38 ille
371 416 55 38 a
393 416 144 38 principio
503 416 55 38 &
526 416 100 38 solus
592 416 100 38 mundi
658 416 111 38 opifex
736 416 88 38 Deus
791 416 177 38 relinquatur.
935 416 77 38 His
968 416 33 38 &

211 442 155 43 hujusmodi
330 442 119 43 tantum
414 442 167 43 rationihus
545 442 72 43 si
581 442 167 43 niteremur,
712 442 119 43 merito
795 442 131 43 humanam
891 442 95 43 esse
938 442 72 43 per-

211 479 152 40 suasionem
328 479 129 40 nostram
422 479 129 40 aliquis
515 479 164 40 judicaret.
644 479 105 40 Verum
714 479 129 40 insuper
808 479 175 40 Prophetarum
937 479 58 40 vo-

212 509 80 45 ces
257 509 115 45 animos
338 509 126 45 nostros
418 509 115 45 muniunt.

246 541 102 44 VII.
310 541 102 44 Quia
373 541 102 44 Deus
437 541 89 44 est
488 541 127 44 primum
577 541 102 44 ens.
640 541 102 44 Haec
704 541 89 44 est
755 541 127 44 maxima
844 541 140 44 unitas,
933 541 76 44 quae

209 577 80 35 non
254 577 80 35 est
300 577 138 35 ulterius
404 577 184 35 divisibilis.
553 577 103 35 Porro
621 577 80 35 cum
667 577 92 35 Deus
725 577 80 35 ens
771 577 115 35 primum
851 577 138 35 dicitur,
943 577 57 35 res

219 611 91 49 latio
279 611 81 49 fit,
330 611 71 49 vel
370 611 60 49 ad
400 611 91 49 entia
461 611 121 49 caetera,
551 611 81 49 quae
602 611 60 49 ab
632 611 81 49 ipso
683 611 91 49 sunt,
743 611 60 49 in
773 611 81 49 ipso
824 611 121 49 (quamvis
914 611 91 49 extra
965 611 40 49 i-

207 638 137 44 ipsum,)
306 638 87 44 per
356 638 112 44 ipsum
430 638 62 44 &
455 638 137 44 propter
542 638 87 44 ipsum

249 664 107 51 IIX.
315 664 107 51 Quia
382 664 107 51 Deus
449 664 93 51 est
502 664 133 51 summum
595 664 107 51 ens.
662 664 107 51 Unum
729 664 93 51 est
782 664 133 51 passio
876 664 133 51 entis:
956 664 53 51 ac

213 708 132 40 proinde
309 708 84 40 quo
357 708 132 40 aliquid
453 708 84 40 est
501 708 108 40 magis
574 708 84 40 ens
622 708 72 40 eo
658 708 84 40 est
706 708 108 40 etiam
778 708 108 40 magis
838 708 72 40 unum

247 732 82 43 IX.
294 732 94 43 Quia
353 732 70 43 si
388 732 94 43 Deus
446 732 82 43 non
493 732 82 43 est
540 732 105 43 unus,
610 732 117 43 omnino
691 732 82 43 non
738 732 94 43 est.
797 732 187 43 Tertullianus
937 732 70 43 libr

215 772 75 32 4.
253 772 151 32 adversus
366 772 163 32 Marcionem
492 772 88 32 hoc
542 772 176 32 argumentum
680 772 138 32 affert;
781 772 88 32 ait
831 772 113 32 enim:
894 772 113 32 Veritas

220 804 148 37 Christiana
337 804 137 37 districte
442 804 158 37 pronunciat,
569 804 85 37 Deus
622 804 63 37 si
654 804 74 37 non
696 804 85 37 unus
749 804 85 37 est,
801 804 74 37 non
833 804 53 37 est

245 829 80 45 X.
285 829 106 45 Quia
351 829 146 45 ipsimet
457 829 159 45 Gentiles
576 829 172 45 agnoscunt
709 829 66 45 &
735 829 172 45 fatentur,
868 829 106 45 unum
921 829 106 45 tantum

216 861 92 46 esse
274 861 104 46 Deum:
343 861 104 46 velut
413 861 127 46 Orpheus
494 861 92 46 canit.

332 893 74 43 ,

305 925 97 45 Unicus
373 925 78 45 est,
422 925 68 45 per
461 925 58 45 se
490 925 136 45 exsistens:
596 925 68 45 qui
635 925 97 45 cuncta
703 925 116 45 creavit.

256 957 79 58 Ita
301 957 113 58 prisca
380 957 135 58 valdeque
481 957 124 58 antiqua
571 957 135 58 Sybilla,
672 957 101 58 cujus
740 957 101 58 Plato
807 957 56 58 &
830 957 180 58 Aristophanes
965 957 45 58 ut

210 992 151 43 fatidicae
327 992 163 43 meminerunt
443 992 35 43 .

308 1013 72 60 is
503 1013 103 60 ,
574 1013 164 60 ,

306 1061 193 44 ,
462 1061 144 44 ,
727 1061 132 44 .
824 1061 84 44 hoc
860 1061 72 44 est,

304 1091 89 36 Hnus
360 1091 89 36 vero
416 1091 89 36 Deus
471 1091 101 36 solus
539 1091 89 36 est,
594 1091 134 36 maximus,
695 1091 78 36 non
729 1091 89 36 factus

307 1127 164 43 Omnipotens:
438 1127 175 43 invisibilis,
580 1127 87 43 ipse
635 1127 98 43 omnia
690 1127 109 43 cernens.

389 1152 150 45 ,

586 1181 122 49 ,
675 1181 77 49 hoc
708 1181 66 49 est.

302 1220 89 42 Unus
358 1220 123 42 revera,
447 1220 89 42 unus
503 1220 78 42 est
536 1220 78 42 Deus,

303 1254 83 38 Qui
351 1254 119 38 coelum
434 1254 142 38 condidit
541 1254 59 38 &
564 1254 119 38 terram
635 1254 131 38 patentem.

232 1282 66 48 At
265 1282 88 48 Deus
320 1282 88 48 ille
376 1282 88 48 unus
431 1282 77 48 non
475 1282 77 48 est
519 1282 110 48 alius,
596 1282 88 48 nisi
652 1282 88 48 Deus
707 1282 133 48 Israelis
806 1282 77 48 seu
850 1282 66 48 in
883 1282 121 48 Israele
961 1282 55 48 pa

206 1314 120 41 tefactus

247 1343 102 43 Hujus
315 1343 147 43 axiomatis
428 1343 136 43 cognitio
530 1343 102 43 magni
597 1343 79 43 est
643 1343 136 43 momenti:
744 1343 79 43 non
790 1343 79 43 est
835 1343 102 43 satis
903 1343 113 43 nosse,
971 1343 45 43 u-

220 1384 74 39 num
263 1384 85 39 esse
316 1384 96 39 Deum:
380 1384 74 39 sed
422 1384 117 39 necesse
508 1384 74 39 est
550 1384 138 39 praeterea
656 1384 106 39 scire,
731 1384 117 39 quisnam
816 1384 85 39 ille
869 1384 85 39 sit.
912 1384 106 39 Orpheus,

213 1421 162 38 Sophocles,
340 1421 173 38 Pythagoras,
479 1421 115 38 Plato,
560 1421 185 38 Aristoteles,
710 1421 115 38 Cicero
791 1421 58 38 &
814 1421 92 38 alii
860 1421 150 38 sapientiore

229 1445 139 39 Sentiles
333 1445 162 39 fatebantur
461 1445 92 39 esse
518 1445 92 39 unum
576 1445 104 39 Deum:
646 1445 127 39 interim
738 1445 58 39 a
761 1445 92 39 vero
819 1445 81 39 Deo
854 1445 150 39 aberrarunt.

253 1480 127 37 Testatur
349 1480 64 37 id
381 1480 95 37 Sacra
444 1480 148 37 Scriptura:
561 1480 85 37 Deut
614 1480 64 37 4.
645 1480 64 37 v.
677 1480 64 37 6,
709 1480 64 37 7.
741 1480 85 37 Haec
794 1480 74 37 est
836 1480 138 37 sapientia
931 1480 85 37 vestra

218 1509 57 41 &
240 1509 147 41 prudentia
353 1509 113 41 vestra
433 1509 91 41 ante
489 1509 113 41 orulos
568 1509 158 41 populorum:
693 1509 79 41 qui
738 1509 147 41 audientes
851 1509 102 41 omnia
908 1509 113 41 statuta.

221 1546 89 38 ista
276 1546 122 38 dicent,
365 1546 111 38 tantum
443 1546 89 38 gens
499 1546 89 38 ista
554 1546 111 38 maxima
632 1546 122 38 populus
721 1546 122 38 sapiens
810 1546 78 38 est
854 1546 56 38 &
877 1546 133 38 prudens.
965 1546 56 38 Nam

230 1577 88 29 quae
285 1577 88 29 gens
339 1577 77 29 est
383 1577 153 29 quantumvis
504 1577 120 29 maxima,
591 1577 77 29 cui
635 1577 77 29 sit
679 1577 88 29 Deus
733 1577 77 29 ita
777 1577 164 29 propinquus;
909 1577 98 29 sicut
963 1577 55 29 Ie-

224 1609 87 41 nova
279 1609 87 41 Deus
333 1609 109 41 noster
410 1609 77 41 est
454 1609 186 41 quotiescunque
607 1609 142 41 invocamus
716 1609 87 41 eum?
771 1609 98 41 Psal.
836 1609 77 41 76.
880 1609 66 41 2.
913 1609 98 41 Notus
967 1609 55 41 est

213 1643 70 39 in
248 1643 93 39 Iuda
307 1643 105 39 Deus,
377 1643 70 39 in
412 1643 129 39 Israele
505 1643 117 39 magnum
587 1643 105 39 nomen
657 1643 105 39 ejus.
728 1643 93 39 Dan.
786 1643 70 39 2.
821 1643 82 39 47.
868 1643 105 39 dixit
926 1643 82 39 Nebu-

224 1675 147 45 cadnetzar
337 1675 136 45 Danieli:
439 1675 68 45 ex
473 1675 136 45 veritate
575 1675 79 45 est
620 1675 91 45 quod
676 1675 91 45 Deus
733 1675 113 45 vester
812 1675 79 45 est
858 1675 91 45 Deus
914 1675 113 45 Deorum
982 1675 34 45 &

226 1708 131 41 Dominus
321 1708 107 41 regum
393 1708 71 41 ac
429 1708 143 41 revelans
524 1708 107 41 arcana.

259 1731 123 46 Fateri
345 1731 148 46 coguntur
456 1731 135 46 ipsimet
554 1731 148 46 Ethnici.
665 1731 111 46 Varro
739 1731 160 46 Romanorum
850 1731 160 46 doctissimus

219 1776 92 37 qui
272 1776 132 37 deorum
364 1776 132 37 omnium
456 1776 145 37 indicem
561 1776 92 37 seu
614 1776 198 37 inventarium
772 1776 79 37 ex
811 1776 158 37 antiquis
917 1776 92 37 monu-

224 1809 108 39 mentis
300 1809 140 39 confecit,
408 1809 65 39 Ne
440 1809 108 39 forte,
516 1809 65 39 ut
548 1809 86 39 ipse
602 1809 140 39 loquitur,
710 1809 97 39 clade
775 1809 108 39 aliqua
851 1809 140 39 perirent;
948 1809 65 39 agi-

224 1838 134 36 noscit,
322 1838 110 36 verum
395 1838 98 36 Deum
456 1838 73 36 ab
493 1838 110 36 illis
566 1838 122 36 tantum
651 1838 98 36 coli
713 1838 86 36 qui
761 1838 98 36 unum
823 1838 61 36 &
847 1838 122 36 absque
920 1838 98 36 statu.

222 1874 185 39 venerantur,
370 1874 99 39 quem
432 1874 148 39 universi
543 1874 148 39 rectorem
654 1874 148 39 credunt:
765 1874 99 39 Hunc
827 1874 99 39 vero
876 1874 136 39 quocunqui

221 1908 89 40 alio
276 1908 111 40 nomine
354 1908 189 40 significetur,
510 1908 56 40 a
532 1908 122 40 Judaeis
621 1908 89 40 vere
676 1908 133 40 adorari,
776 1908 111 40 quorum
854 1908 122 40 (inquit
931 1908 78 40 Varre

222 1939 143 38 exemplo,
330 1939 72 38 si
365 1939 143 38 imaginum
473 1939 167 38 prohibitus
604 1939 131 38 fuisset
700 1939 107 38 usus,
771 1939 72 38 in
807 1939 84 38 tot
855 1939 119 38 tamque
926 1939 96 38 multi-

229 1973 113 38 plices
308 1973 124 38 errores
398 1973 237 38 superstitionesque
600 1973 79 38 non
646 1973 192 38 incidissemus.
803 1973 113 38 Strabo
882 1973 101 38 retum
938 1973 68 38 Geo-

225 2004 183 41 graphicarum
371 2004 98 41 lib.
432 2004 183 41 decimosexto
579 2004 110 41 dicit
652 2004 73 41 de
689 2004 98 41 Mose
750 2004 61 41 &
774 2004 208 41 successoribus
933 2004 73 41 ejus

230 2033 83 43 quod
282 2033 115 43 fuerint
761 2033 104 43 ,
834 2033 136 43 iustitiae
928 2033 94 43 studios

227 2065 100 45 dediti
297 2065 50 45 &
317 2065 80 45 vere
357 2065 110 45 religios.

266 2091 174 42 Consulente
402 2091 136 42 quodam,
501 2091 74 42 ut
538 2091 124 42 refert
625 2091 149 42 Iustinus
737 2091 124 42 Martyr
824 2091 74 42 in
861 2091 161 42 Paraenesi
972 2091 50 42 ad

229 2124 150 44 Graecos,
341 2124 150 44 oraculum
453 2124 162 44 Ethnicum,
578 2124 125 44 quinam
665 2124 125 44 unquam
753 2124 187 44 exstiterint
903 2124 100 44 vere
965 2124 87 44 pii
1003 2124 37 44 &

224 2167 148 36 religiosi
338 2167 137 36 homines,
440 2167 91 36 tale
497 2167 148 36 responsum
612 2167 68 36 id
634 2167 103 36 edidit:

558 2190 108 44 ,
698 2190 108 44 ,

314 2224 162 42 A
692 2224 119 42 .,
778 2224 75 42 hoc
810 2224 65 42 est,

321 2262 98 35 Solus
386 2262 130 35 Chaldeus
484 2262 108 35 sapit,
560 2262 54 35 &
581 2262 119 35 Iudeaus
657 2262 98 35 apella,

318 2281 80 50 Per
363 2281 68 50 se
397 2281 171 50 exsistentem
534 2281 137 50 regemque
637 2281 125 50 Deumque
717 2281 125 50 colentes.

255 2323 150 38 Cornelius
371 2323 138 38 Tacitus,
474 2323 92 38 quem
532 2323 184 38 Tertullianus
682 2323 69 38 in
716 2323 173 38 Apologetico
855 2323 92 38 cap.
912 2323 81 38 16,
947 2323 69 38 men-

224 2355 135 43 daciorum
325 2355 191 43 loquacissimum
483 2355 146 43 appellat,
595 2355 68 43 in
629 2355 113 43 quinto
708 2355 169 43 Historiarum
843 2355 68 43 ab
877 2355 124 43 excessu
956 2355 56 43 Ne-

227 2383 98 47 ronis
292 2383 108 47 libro,
368 2383 108 47 bellum
444 2383 108 47 contra
520 2383 119 47 Iudaeos
607 2383 141 47 susceptum
715 2383 184 47 descripturus,
867 2383 98 47 etiam
932 2383 65 47 de
954 2383 65 47 ipsa

223 2413 79 46 tam
268 2413 135 46 origine,
369 2413 90 46 quam
425 2413 67 46 de
459 2413 112 46 nomine
538 2413 56 46 &
560 2413 146 46 religione
673 2413 101 46 gentu
740 2413 90 46 quae
796 2413 124 46 voluit,
886 2413 124 46 edidit:
965 2413 45 46 Mo

238 2448 90 43 sique
298 2448 100 43 maxime
368 2448 129 43 infestus,
467 2448 70 43 eum
507 2448 100 43 dicit,
577 2448 70 43 cum
617 2448 100 43 Iudaei
686 2448 120 43 extorres
776 2448 100 43 vastis
846 2448 110 43 Arabiae
925 2448 60 43 in
945 2448 70 43 loci-

226 2480 120 48 aquarum
314 2480 175 48 ogentissimis
456 2480 87 48 siti
510 2480 186 48 fatigarentur,
663 2480 109 48 iamque
740 2480 87 48 haud
794 2480 109 48 procul
871 2480 120 48 exitio,
947 2480 77 48 totis

239 2517 104 36 campis
312 2517 188 36 procubuissent,
468 2517 115 36 onagros
552 2517 73 36 seu
593 2517 104 36 asinos
666 2517 136 36 agrestes,
771 2517 52 36 e
791 2517 94 36 pastu
854 2517 63 36 in
885 2517 94 36 rupem
938 2517 83 36 nemore

227 2546 107 41 opacam
302 2546 172 41 concidentes,
442 2546 129 41 potumque
538 2546 139 41 petituros
646 2546 129 41 secutum,
742 2546 150 41 coniectura
860 2546 118 41 herbidi
946 2546 97 41 soli,

226 2582 111 39 largas
303 2582 122 39 aquarum
392 2582 100 39 venas
458 2582 155 39 aperuisse:
580 2582 66 39 id
613 2582 111 39 levame
690 2582 88 39 siti
746 2582 144 39 Iudaeorum
856 2582 155 39 attulisse.
967 2582 55 39 Mo-

229 2609 74 49 sen
272 2609 85 49 quod
325 2609 96 49 asino
389 2609 106 49 indice
463 2609 106 49 fontes
537 2609 159 49 reperisset,
665 2609 53 49 &
686 2609 117 49 errorem
771 2609 127 49 sitimque
867 2609 159 49 depu:isset,
984 2609 42 49 ob

232 2647 76 37 eam
276 2647 119 37 gratiam
362 2647 130 37 effigiem
460 2647 141 37 animalis,
568 2647 119 37 nimirum
655 2647 108 37 asini,
731 2647 141 37 penetrali
839 2647 163 37 sacravisse,
959 2647 54 37 no-

242 2674 69 47 vos
282 2674 89 47 ritus
341 2674 168 47 contrariosque
479 2674 119 47 caeteris
568 2674 148 47 mortalibus,
687 2674 69 47 quo
726 2674 79 47 sibi
776 2674 59 47 in
805 2674 119 47 posterum
894 2674 99 47 gentem
954 2674 59 47 fir-

237 2705 99 45 maret,
307 2705 139 45 indidisse:
416 2705 109 45 caetera
496 2705 129 45 instituta
595 2705 129 45 sinistra,
695 2705 90 45 foeda
754 2705 129 45 pravitate
854 2705 129 45 valuisse:
943 2705 70 45 pessu

243 2738 70 48 mum
283 2738 121 48 quemque,
374 2738 111 48 spretis
454 2738 161 48 religionibus
585 2738 111 48 patriis
666 2738 111 48 tributa
746 2738 50 48 &
766 2738 101 48 stipes
837 2738 91 48 illuc
887 2738 131 48 congessisse

233 2780 89 31 unde
288 2780 78 31 res
333 2780 144 31 Iudaeorum
444 2780 122 31 auctae.
533 2780 78 31 Mox
577 2780 89 31 sibi
633 2780 89 31 ipse
689 2780 189 31 contradicens.
844 2780 133 31 Tacitus,
933 2780 100 31 Iudaeos

211 2810 53 43 ,
233 2810 117 43 laudat,
318 2810 85 43 quod
371 2810 85 43 apud
424 2810 96 43 ipsos
487 2810 96 43 fides
551 2810 138 43 obstinata
657 2810 53 43 &
678 2810 138 43 constans,
785 2810 170 43 misericordia
922 2810 64 43 in
944 2810 74 43 prom-

213 2839 56 43 ,
235 2839 79 43 tu:
280 2839 113 43 necare
359 2839 135 43 quemquam
460 2839 68 43 ex
494 2839 113 43 gnatis
573 2839 113 43 nefas:
652 2839 79 43 eos
697 2839 113 43 animas
775 2839 124 43 praelio
865 2839 79 43 aut
899 2839 135 43 suppliciis

219 2869 69 48 o,
253 2869 161 48 peremtorum
379 2869 138 48 aeternas
483 2869 126 48 putare,
575 2869 92 48 hinc
632 2869 149 48 generandi
747 2869 103 48 amore
816 2869 57 48 &
839 2869 138 48 moriendi
931 2869 103 48 contem-

214 2907 55 44 a
236 2907 77 44 tum
280 2907 143 44 AEgyptios
390 2907 132 44 pleraque
489 2907 132 44 animalia
588 2907 165 44 effigiesque
719 2907 154 44 compositas
840 2907 143 44 venerart:
939 2907 88 44 Iudaeo

219 2941 103 39 mente
287 2941 114 39 solam,
367 2941 125 39 unumque
458 2941 103 39 numen
527 2941 182 39 intelligere,
675 2941 137 39 profanos
777 2941 125 39 censere
868 2941 80 39 qui
914 2941 91 39 Deam
960 2941 68 39 ima-

211 2972 66 42 ii
244 2972 110 42 gines,
321 2972 154 42 mortalibus
442 2972 143 42 materiis,
552 2972 66 42 in
585 2972 121 42 spectes
672 2972 121 42 hominum
760 2972 154 42 effingant.
881 2972 110 42 Summum
947 2972 77 42 illu-

217 3006 64 40 9,
249 3006 53 40 &
270 3006 138 40 aeternum,
377 3006 96 40 neque
440 3006 127 40 mutabile
536 3006 96 40 neque
599 3006 170 40 interiturum.
737 3006 106 40 Igitur
812 3006 96 40 nulla
875 3006 138 40 simulacra
971 3006 53 40 ur-

210 3035 59 47 o
234 3035 105 47 bibus
304 3035 105 47 suis,
374 3035 105 47 nedum
444 3035 129 47 templis
538 3035 129 47 habere.
632 3035 82 47 Non
679 3035 129 47 regibus
772 3035 94 47 hanc
831 3035 187 47 adulationem,
971 3035 59 47 non

212 3066 69 49 ai
247 3066 162 49 Caesaribus
375 3066 139 49 honorem.
479 3066 81 49 Cn.
525 3066 151 49 Pompeium,
641 3066 81 49 cum
687 3066 185 49 Hierosolymam
838 3066 151 49 cepisset,
942 3066 81 49 templ

220 3106 90 40 jure
276 3106 146 40 victoriae
388 3106 146 40 ingressum
500 3106 168 40 speculandis
635 3106 135 40 Iudaicae
736 3106 157 40 religionis
859 3106 135 40 arcanis,
949 3106 90 40 vacuam

220 3133 66 45 o
253 3133 98 45 sedem
318 3133 55 45 &
340 3133 109 45 inania
417 3133 120 45 arcana,
504 3133 109 45 nullum
580 3133 98 45 intus
646 3133 142 45 reperisse
755 3133 164 45 simulacrum.
886 3133 120 45 Tacitus
962 3133 66 45 igi-

238 3163 76 50 tur
281 3163 151 50 semetipsum
400 3163 140 50 refellit.
508 3163 76 50 Nam
551 3163 65 50 si
584 3163 97 50 Moses
648 3163 97 50 asini
713 3163 108 50 cuitum
789 3163 151 50 instituit,
907 3163 65 50 si
929 3163 108 50 animalis

1061 213 125 53 effigiem
1154 213 135 53 sacravit,
1258 213 62 53 si
1289 213 62 53 ea
1321 213 52 53 a
1341 213 114 53 Iudaeis
1425 213 94 53 culta
1487 213 94 53 fuit,
1549 213 114 53 nusquam
1633 213 94 53 magis
1695 213 83 53 quam
1747 213 62 53 in
1768 213 83 53 sacra-

1058 257 80 41 rio
1103 257 80 41 suo
1149 257 182 41 exhiberetur,
1296 257 68 41 eo
1330 257 102 41 magis
1399 257 91 41 quia
1455 257 80 41 nec
1501 257 159 41 verebantur
1626 257 148 41 extraneos
1728 257 125 41 arbitros,

1066 289 138 32 quanquam
1170 289 92 32 vana
1228 289 138 32 cultura.
1331 289 104 32 Solis
1400 289 92 32 enim
1458 289 184 32 sacerdotibus
1607 289 104 32 adire
1676 289 127 32 licitum
1768 289 58 32 &
1780 289 69 32 con-

1057 323 122 37 spectus
1146 323 156 37 caeterorum
1268 323 89 37 velo
1324 323 122 37 oppanso
1413 323 211 37 interdicebatur.
1591 323 145 37 Iudaeorum
1702 323 111 37 igitur
1769 323 78 37 longe

1057 355 107 39 alius
1129 355 107 39 Deus,
1200 355 95 39 quam
1260 355 119 39 initis
1343 355 131 39 Tacitus
1438 355 143 39 ferebat:
1545 355 60 39 &
1569 355 143 39 asininum
1676 355 95 39 eius
1724 355 131 39 commentum

1054 381 130 46 longiore
1152 381 162 46 refutatione
1281 381 76 46 est
1314 381 119 46 indignam.

1091 413 115 48 Quidam
1171 413 92 48 alii
1228 413 172 48 autumarunt,
1366 413 126 48 Iudaeos
1458 413 138 48 Saturnum
1562 413 69 48 in
1596 413 115 48 honore
1677 413 149 48 habuisse,
1780 413 69 48 quia

1061 445 133 44 Sabbatho
1161 445 177 44 quiescebant,
1305 445 78 44 qui
1349 445 89 44 dies
1405 445 89 44 apud
1460 445 133 44 Ethnicos
1560 445 122 44 Saturno
1637 445 78 44 sacer

1084 476 146 43 Hactenus
1193 476 170 43 asseruimus
1327 476 146 43 unitatem
1436 476 158 43 essentiae
1558 476 134 43 divinae
1655 476 121 43 contra
1728 476 121 43 Gentiles

1160 516 131 38 autores:
1259 516 109 38 contra
1335 516 164 38 Tritheitas,
1466 516 77 38 qui
1510 516 87 38 tres
1565 516 120 38 divinas
1652 516 142 38 essentias
1762 516 55 38 &
1783 516 87 38 qui

1051 549 81 37 dem
1098 549 163 37 inaequales
1226 549 151 37 statuunt:
1342 549 116 37 contra
1424 549 198 37 Tetratheitas,
1587 549 81 37 qui
1633 549 128 37 quatuor
1727 549 93 37 deos
1773 549 70 37 con-

1056 576 189 40 stituerunt:
1207 576 138 40 denique
1308 576 126 40 contra
1396 576 138 40 quosvis
1497 576 176 40 haereticos
1635 576 126 40 plures
1723 576 101 40 quam
1774 576 75 40 unum

1043 612 103 38 Deum
1107 612 231 38 introducentes.
1300 612 103 38 Nunc
1364 612 205 38 explicandum,
1531 612 103 38 quot
1595 612 116 38 modis
1672 612 154 38 essentia
1775 612 77 38 Dei,

1039 642 171 40 consideretur.

1090 675 145 55 Essentia
1199 675 85 55 Dei
1247 675 121 55 duobus
1332 675 109 55 modis
1404 675 206 55 consideratur,
1574 675 109 55 nempe
1646 675 85 55 vel
1695 675 181 55 communiter,

1054 706 74 42 vel
1086 706 149 42 singulariter

1081 741 162 39 Communiter
1208 741 115 39 quidem
1289 741 196 39 consideratur,
1451 741 69 39 ut
1486 741 81 39 est
1532 741 69 39 in
1566 741 69 39 se
1601 741 115 39 Patri,
1682 741 104 39 Filio
1751 741 58 39 &
1763 741 92 39 Spiri-

1054 774 85 38 tui
1103 774 122 38 Sancto
1188 774 146 38 communis
1285 774 159 38 aequaliter.

1094 805 181 34 Singulariter
1241 805 91 34 vero
1297 805 192 34 consideratur,
1456 805 68 34 ut
1490 805 79 34 est
1535 805 68 34 in
1569 805 125 34 persona
1660 805 147 34 qualibet,
1761 805 91 34 secun-

1044 831 83 51 dum
1092 831 119 51 certum
1175 831 107 51 modum
1246 831 190 51 subsistendi,
1400 831 71 51 in
1435 831 107 51 Patre
1506 831 166 51 ,
1637 831 71 51 in
1672 831 107 51 Filio

1054 869 70 37 in
1089 869 140 37 Spiritus
1195 869 117 37 Sancto
1265 869 152 37 ,

1088 900 113 57 Proinde
1170 900 134 57 essentiae
1273 900 113 57 divinae
1356 900 83 57 alia
1407 900 72 57 est
1449 900 93 57 ratio
1511 900 62 57 in
1542 900 113 57 se;alia
1624 900 62 57 in
1655 900 113 57 persona
1738 900 134 57 qualibet;

1054 933 88 45 quum
1109 933 88 45 modi
1164 933 166 45 subsistendi
1297 933 99 45 valde
1363 933 99 45 inter
1429 933 66 45 se
1463 933 155 45 differant.

1086 959 110 46 Porro
1159 959 86 46 cum
1208 959 147 46 dicimus,
1319 959 159 46 essentiam
1441 959 135 46 divinam
1539 959 98 46 esse
1601 959 74 46 in
1638 959 110 46 Patre
1699 959 147 46 ,

1057 992 70 42 in
1092 992 104 42 Filio
1162 992 139 42 ,
1266 992 70 42 in
1301 992 128 42 Spiritu
1394 992 116 42 Sancto
1475 992 174 42 ,
1614 992 81 42 non
1661 992 81 42 hoc
1707 992 139 42 volumus,
1800 992 58 42 es-

1044 1037 126 39 sentiam
1135 1037 126 39 divinam
1227 1037 92 39 esse
1285 1037 69 39 in
1319 1037 103 39 Patre
1388 1037 161 39 ingenitam,
1514 1037 69 39 in
1549 1037 103 39 Filio
1617 1037 138 39 genitam,
1721 1037 69 39 in
1744 1037 103 39 Spiriti

1051 1063 114 39 Sancto
1130 1063 182 39 procedentem,
1279 1063 80 39 sic
1324 1063 91 39 enim
1381 1063 125 39 triplex
1473 1063 137 39 essentia
1575 1063 114 39 divina
1655 1063 182 39 statueretur:
1792 1063 57 39 sed

1047 1099 150 34 adverbiis
1163 1099 104 34 illis
1233 1099 139 34 duntaxat
1337 1099 104 34 modos
1406 1099 174 34 subsistendi
1545 1099 150 34 diversos,
1661 1099 116 34 quibus
1730 1099 116 34 essentia

1059 1127 116 42 divina
1140 1127 69 42 in
1175 1127 139 42 singulis
1279 1127 139 42 personis
1383 1127 162 42 subsistit,
1511 1127 162 42 indicamus,
1638 1127 104 42 nempe
1708 1127 93 42 quod
1765 1127 93 42 illa
1812 1127 46 42 in

1044 1160 113 41 Patre
1119 1160 88 41 non
1169 1160 88 41 sit
1219 1160 88 41 per
1269 1160 213 41 generationem,
1444 1160 75 41 in
1481 1160 113 41 Filio
1556 1160 88 41 per
1606 1160 200 41 generationem
1756 1160 100 41 commu-

1047 1196 120 38 nicata
1131 1196 60 38 a
1155 1196 120 38 Patre,
1239 1196 72 38 in
1275 1196 132 38 Spiritu
1371 1196 120 38 Sancto
1455 1196 84 38 per
1502 1196 192 38 processionem
1658 1196 84 38 seu
1694 1196 156 38 spirationem

1053 1224 176 40 communicata
1194 1224 59 40 a
1217 1224 105 40 Patre
1288 1224 59 40 &
1299 1224 94 40 Filioe

1092 1252 104 47 Eodem
1162 1252 127 47 prorsus
1254 1252 104 47 sensu
1323 1252 127 47 dicitur
1415 1252 138 47 essentia
1518 1252 115 47 divina
1599 1252 173 47 considerati
1737 1252 81 47 vel
1771 1252 81 47 indi-

1055 1278 106 52 stincte
1132 1278 67 52 vel
1161 1278 115 52 distincie.

1089 1322 193 43 Indistincte,
1246 1322 85 43 cum
1294 1322 145 43 secundum
1403 1322 193 43 perfectionem
1560 1322 97 43 suam
1620 1322 193 43 consideratur
1778 1322 72 43 in
1802 1322 48 43 se

1037 1345 138 45 absolute.

1080 1388 157 42 Distincte
1201 1388 109 42 vero,
1273 1388 84 42 cum
1321 1388 169 42 relationum
1454 1388 157 42 divinarum
1575 1388 133 42 adjectu
1671 1388 121 42 induit
1755 1388 121 42 ratio

1050 1415 84 45 nem
1086 1415 193 45 personalitatis

1087 1444 70 53 Ac
1122 1444 116 53 rursus
1203 1444 104 53 eodem
1273 1444 104 53 sensu
1343 1444 128 53 digitur
1435 1444 139 53 essentia
1540 1444 116 53 divina
1621 1444 174 53 considerati
1760 1444 81 53 vel
1795 1444 58 53 ab-

1069 1478 92 42 olute,
1133 1478 65 42 vel
1161 1478 83 42 relate.

1311 1546 269 49 APUT
1446 1546 134 49 VI

1262 1587 94 64 In
1309 1587 109 64 quo
1372 1587 94 64 de
1418 1587 203 64 nominibus
1559 1587 78 64 Dei

1077 1642 107 45 TIDEI
1148 1642 71 45 de
1184 1642 143 45 essentia
1291 1642 95 45 Dei,
1350 1642 95 45 duae
1410 1642 95 45 sunt
1469 1642 131 45 partes:
1564 1642 107 45 prima
1635 1642 71 45 de
1671 1642 166 45 attributis
1790 1642 71 45 Deii

1062 1674 147 64 Tsecunda
1172 1674 73 64 de
1209 1674 147 64 personis
1306 1674 135 64 Deitatis,

1148 1713 182 40 ATTRIBUTA
1288 1713 112 40 DEI,
1358 1713 112 40 sunt
1428 1713 112 40 quae
1498 1713 98 40 Deo
1554 1713 224 40 adscribuntur
1736 1713 84 40 in
1764 1713 98 40 Scri-

1072 1748 110 38 turis
1145 1748 147 38 Sanctis,
1256 1748 86 38 non
1305 1748 86 38 tam
1354 1748 74 38 ad
1390 1748 159 38 essentiam
1513 1748 172 38 naturamque
1648 1748 86 38 Dei
1685 1748 159 38 explicandam

1059 1784 97 40 quam
1119 1784 73 40 ad
1156 1784 182 40 declarandum
1301 1784 109 40 nobis
1374 1784 121 40 aliquo
1458 1784 97 40 modo
1519 1784 85 40 pro
1567 1784 121 40 nostro
1652 1784 109 40 captu
1725 1784 109 40 illud
1785 1784 73 40 quod

1063 1815 69 36 de
1097 1815 92 36 Ipso
1154 1815 57 36 a
1177 1815 103 36 nobis
1246 1815 137 36 cognosci
1349 1815 126 36 potest.
1440 1815 126 36 Quanqua
1532 1815 69 36 ex
1566 1815 103 36 illis
1635 1815 114 36 potius
1715 1815 92 36 quis
1772 1815 57 36 &
1783 1815 69 36 quos

1056 1845 94 37 modo
1115 1845 82 37 non
1162 1845 94 37 sit,
1220 1845 82 37 qua
1267 1845 94 37 quis
1326 1845 59 37 &
1349 1845 129 37 quomodo
1443 1845 152 37 qualisque
1560 1845 82 37 sit
1607 1845 59 37 a
1631 1845 105 37 nobis
1701 1845 188 37 cognoscatur.

1346 1885 205 45 eAxiomata:

1084 1918 68 42 I.
1118 1918 137 42 Quicquid
1220 1918 68 42 de
1254 1918 80 42 Deo
1300 1918 137 42 dicitur,
1402 1918 80 42 non
1448 1918 80 42 est
1494 1918 102 42 Deus,
1562 1918 91 42 quia
1619 1918 80 42 est
1653 1918 148 42 ineffabilis

1089 1957 84 36 II.
1137 1957 108 36 Nulla
1209 1957 156 36 attributa
1329 1957 120 36 divina
1413 1957 156 36 essentiam
1534 1957 168 36 naturamque
1666 1957 84 36 Dei
1702 1957 144 36 sufficient

1054 1991 77 37 ter
1098 1991 153 37 explicant:
1218 1991 87 37 quia
1273 1991 87 37 illa
1327 1991 77 37 est
1371 1991 142 37 infinita:
1480 1991 142 37 Infinitum
1590 1991 98 37 autem
1655 1991 77 37 per
1699 1991 66 37 id
1732 1991 87 37 quod
1775 1991 77 37 fini-

1064 2024 75 43 tum
1107 2024 86 43 est,
1161 2024 96 43 digne
1225 2024 107 43 satis,
1300 2024 128 43 pleneque
1396 2024 139 43 explicari
1503 2024 75 43 non
1535 2024 96 43 potest.

1094 2047 101 43 III.
1158 2047 164 43 Attributa
1284 2047 88 43 DEI
1334 2047 76 43 in
1372 2047 177 43 Scripturis
1511 2047 139 43 tradita
1612 2047 139 43 nostram
1713 2047 152 43 notitiam
1814 2047 51 43 de

1059 2083 93 39 Deo,
1117 2083 81 39 tum
1164 2083 127 39 insitam
1256 2083 81 39 tum
1303 2083 174 39 acquisitam,
1442 2083 116 39 juvant
1523 2083 58 39 &
1546 2083 162 39 perficiunt

1084 2116 157 39 Damascenus
1207 2116 101 39 libro
1275 2116 101 39 primo
1488 2116 124 39 g
1657 2116 90 39 cap.
1713 2116 67 39 1.
1747 2116 90 39 ait:
1792 2116 67 39 pon-

1385 2157 155 31 Ineffabile
1507 2157 78 31 est
1551 2157 122 31 divinum
1640 2157 100 31 numen
1707 2157 56 31 &
1718 2157 122 31 incompro-

1055 2183 151 39 hensibile.
1174 2183 76 39 Nam
1217 2183 130 39 essentia
1314 2183 76 39 Dei
1357 2183 86 39 quid
1411 2183 54 39 &
1433 2183 108 39 qualis
1508 2183 65 39 in
1541 2183 65 39 se
1573 2183 86 39 sit,
1627 2183 162 39 comprehendi
1757 2183 54 39 a
1767 2183 76 39 crea-

1066 2219 64 35 to
1098 2219 160 35 intillectu,
1226 2219 53 35 &
1247 2219 106 35 humano
1322 2219 117 35 sermone
1407 2219 117 35 efferri
1492 2219 74 35 non
1534 2219 117 35 potest:
1620 2219 85 35 ideo
1673 2219 128 35 Spiritus
1758 2219 85 35 Sanctu

1057 2250 126 40 demisit
1148 2250 69 40 se
1182 2250 69 40 ad
1217 2250 126 40 nostrum
1308 2250 126 40 captum,
1400 2250 57 40 &
1423 2250 160 40 attributis
1549 2250 149 40 quibusdam
1663 2250 149 40 essentiam
1766 2250 80 40 suam,

1063 2280 133 43 descripsit.

1097 2304 144 44 Attributa
1208 2304 111 44 divina
1285 2304 100 44 primo
1352 2304 77 44 vel
1396 2304 166 44 affirmativa
1529 2304 100 44 sunt,
1595 2304 77 44 vel
1628 2304 111 44 negativa

1098 2346 192 35 Affirmaciva,
1254 2346 96 35 sunt
1314 2346 96 35 quae
1374 2346 192 35 perfectionem
1531 2346 132 35 aliquam
1627 2346 72 35 in
1663 2346 84 35 Deo
1711 2346 132 35 ponunt,
1807 2346 72 35 ut

1052 2375 150 36 indicent
1164 2375 62 36 &
1189 2375 100 36 Deum
1251 2375 162 36 perfectum
1376 2375 100 36 esse
1438 2375 75 36 in
1475 2375 75 36 se
1513 2375 62 36 &
1537 2375 137 36 autorem
1637 2375 125 36 omnium
1712 2375 137 36 perfecti-

1064 2412 86 43 onum
1118 2412 65 43 in
1151 2412 151 43 creaturis:
1269 2412 65 43 ut
1302 2412 76 43 cum
1345 2412 119 43 dicitur
1431 2412 119 43 Iehova,
1518 2412 130 43 sapiens,
1615 2412 108 43 bonus,
1680 2412 97 43 potens.

1087 2445 157 39 Negativa,
1208 2445 97 39 sunt
1269 2445 97 39 quae
1329 2445 218 39 imperfectiones
1511 2445 182 39 creaturarum
1656 2445 61 39 a
1680 2445 85 39 Deo
1717 2445 133 39 removent.

1091 2476 91 42 quum
1147 2476 91 42 Deus
1204 2476 125 42 dicitur
1295 2476 159 42 infinitus,
1419 2476 147 42 immensus,
1533 2476 227 42 incorruptibilis,
1714 2476 136 42 immortalis

1105 2514 138 33 Attributa
1211 2514 106 33 divina
1285 2514 116 33 secundo
1370 2514 74 33 vel
1413 2514 116 33 propria
1497 2514 95 33 sunt,
1561 2514 74 33 vel
1593 2514 116 33 figurata.

1100 2541 147 31 Attributa
1212 2541 113 31 divina
1291 2541 135 31 propria,
1393 2541 90 31 sunt
1449 2541 90 31 quae
1506 2541 79 31 Deo
1551 2541 124 31 proprie
1641 2541 158 31 competunt,
1765 2541 68 31 ac
1787 2541 68 31 pro-

1067 2568 88 50 inde
1122 2568 99 50 etiam
1188 2568 121 50 proprie
1277 2568 66 50 de
1310 2568 77 50 Deo
1354 2568 143 50 dicuntur,
1464 2568 66 50 si
1497 2568 77 50 tem
1541 2568 176 50 significatam
1685 2568 154 50 inspicias;
1795 2568 66 50 exsi

1065 2604 170 38 improprie,
1198 2604 73 38 si
1235 2604 109 38 modum
1295 2604 170 38 significandi

1103 2633 137 45 Distingui
1209 2633 95 45 debet
1272 2633 74 45 vox
1314 2633 74 45 are
1356 2633 74 45 per
1398 2633 95 45 vocem
1461 2633 168 45 significata.
1598 2633 63 45 Si
1630 2633 95 45 voces
1693 2633 147 45 consideres
1798 2633 63 45 qui-

1066 2667 78 39 bus
1110 2667 144 39 attributa
1221 2667 78 39 Dei
1266 2667 166 39 efferuntur,
1399 2667 100 39 nulla
1465 2667 122 39 proprie
1554 2667 166 39 attribuitur
1687 2667 89 39 Deo:
1743 2667 89 39 Quia
1787 2667 78 39 nulla

1077 2701 101 40 omnino
1147 2701 71 40 vox
1188 2701 81 40 est,
1238 2701 81 40 quae
1289 2701 71 40 vel
1329 2701 71 40 rei
1369 2701 111 40 creatae
1450 2701 101 40 natura
1520 2701 91 40 plene
1581 2701 50 40 &
1601 2701 111 40 integre
1682 2701 151 40 significet:
1793 2701 60 40 muli

1080 2730 116 38 Ominus
1162 2730 128 38 divinam
1255 2730 128 38 naturam
1348 2730 93 38 o
1406 2730 139 38 exprimet
1510 2730 81 38 seu
1557 2730 163 38 describet.
1685 2730 81 38 Vox
1720 2730 139 38 quaelibet.

1080 2762 113 44 finita
1159 2762 79 44 est
1204 2762 57 44 &
1227 2762 113 44 humano
1307 2762 113 44 captui
1386 2762 170 44 accomodata:
1522 2762 148 44 quaelibet
1636 2762 102 44 autem
1704 2762 159 44 proprietas
1817 2762 57 44 Dei

1072 2803 159 41 essentialis
1200 2803 74 41 est
1242 2803 127 41 infinita
1337 2803 53 41 &
1358 2803 106 41 omnium
1433 2803 159 41 creaturarum
1560 2803 106 41 captum
1634 2803 117 41 prorsus
1719 2803 127 41 excedit.
1803 2803 64 41 Sine

1074 2826 80 48 vero
1124 2826 70 48 rem
1164 2826 120 48 spectes,
1254 2826 80 48 quae
1304 2826 80 48 voce
1354 2826 170 48 significatur,
1495 2826 80 48 illa
1545 2826 70 48 Deo
1585 2826 110 48 proprie
1665 2826 130 48 convenit.
1765 2826 80 48 Hinc
1805 2826 60 48 fit.

1076 2865 67 40 ut
1109 2865 111 40 nullum
1187 2865 156 40 attributum
1310 2865 67 40 de
1343 2865 78 40 Deo
1388 2865 167 40 affirmetur,
1522 2865 89 40 quod
1577 2865 67 40 de
1611 2865 100 40 eodem
1678 2865 78 40 non
1722 2865 111 40 possit
1789 2865 78 40 nega-

1082 2896 68 40 ci
1116 2896 79 40 suo
1161 2896 101 40 modo.
1228 2896 135 40 Videatur
1330 2896 101 40 Philo
1397 2896 124 40 Judaeus
1488 2896 101 40 libro
1555 2896 68 40 de
1589 2896 147 40 Abrahamo,
1702 2896 90 40 item
1758 2896 68 40 de
1781 2896 90 40 migra-

1073 2928 99 42 tione
1139 2928 143 42 Abrahami,
1249 2928 88 42 item
1303 2928 66 42 de
1336 2928 132 42 somniis,
1435 2928 55 42 &
1457 2928 99 42 libro
1523 2928 99 42 primo
1588 2928 66 42 de
1621 2928 88 42 vita
1665 2928 88 42 Mosit.

1099 2962 105 42 Eaque
1169 2962 82 42 non
1216 2962 93 42 sunt
1274 2962 151 42 u,
1391 2962 128 42 quamvis
1484 2962 82 42 rem
1530 2962 198 42 simplicissima
1694 2962 140 42 signent.
1787 2962 93 42 Ratio-

1072 2994 92 41 aunt
1130 2994 81 41 non
1176 2994 92 41 est,
1234 2994 92 41 quia
1291 2994 196 41 distinguantur
1453 2994 161 41 formaliter
1579 2994 138 41 secundum
1683 2994 115 41 natura
1764 2994 92 41 rei,
1810 2994 69 41 quod

1079 3028 97 41 falso
1144 3028 108 41 docuit
1219 3028 118 41 Scotus:
1305 3028 75 41 sed
1348 3028 86 41 quia
1402 3028 108 41 unicae
1477 3028 75 41 rei
1520 3028 161 41 multiplices
1649 3028 129 41 virtutes
1746 3028 54 41 &
1768 3028 140 41 operatio

1078 3066 97 36 nes,
1138 3066 85 36 nos
1187 3066 121 36 variis
1272 3066 182 36 conceptibus
1417 3066 182 36 effigiamus,
1562 3066 97 36 quum
1623 3066 85 36 uno
1672 3066 85 36 non
1708 3066 121 36 possimus

1107 3093 136 40 Quaedam
1205 3093 74 40 ex
1242 3093 111 40 illis
1316 3093 74 40 de
1353 3093 99 40 solo
1415 3093 86 40 DEO
1464 3093 185 40 enunciantur
1612 3093 62 40 &
1637 3093 111 40 nulli
1710 3093 160 40 creaturae
1821 3093 62 40 un-

1089 3126 94 45 quam
1148 3126 71 45 ne
1183 3126 153 45 analogice
1301 3126 118 45 quidem
1383 3126 141 45 attribui
1489 3126 141 45 possunt,
1595 3126 71 45 ut
1630 3126 106 45 nomen
1701 3126 141 45 Iehovae,
1795 3126 82 45 eique

1065 3162 184 55 equipollentia,
