2063 3367
181 156 97 52 19.
237 156 125 52 Etiam
320 156 167 52 rebelles
445 156 181 52 habitando
584 156 167 52 captivos
710 156 139 52 facis,
807 156 97 52 Iah
849 156 83 52 Deus

218 187 151 49 TERTIUM
328 187 123 49 nomen
410 187 178 49 essentiam
547 187 96 49 Dei
602 187 178 49 designans
738 187 96 49 est
793 187 137 49 Eheje,
875 187 96 49 PTPIN

187 231 85 38 quod
240 231 106 38 exstat
314 231 95 38 Exod.
378 231 64 38 3.
410 231 74 38 13,
452 231 74 38 14.
494 231 95 38 Dixit
558 231 95 38 Moses
622 231 85 38 Deo,
675 231 95 38 ecce,
738 231 64 38 me
770 231 127 38 veniente
865 231 64 38 ad
886 231 85 38 filios

190 258 139 47 Israelis;
298 258 86 47 quum
351 258 107 47 dixero
426 258 86 47 eis,
480 258 86 47 Deus
533 258 107 47 patrum
608 258 139 47 vestrorum
716 258 97 47 misit
780 258 64 47 me
812 258 64 47 ad
844 258 86 47 vos:
898 258 64 47 si
919 258 54 47 di-

185 298 108 39 cerent
261 298 97 39 mihi,
326 298 87 39 quod
380 298 76 39 est
423 298 97 39 nomen
488 298 97 39 ejus?
553 298 87 39 quid
607 298 119 39 dicerem
694 298 108 39 illis?
770 298 97 39 Dixit
834 298 108 39 itaque
899 298 87 39 Iehova

203 331 105 33 Moschi,
280 331 95 33 Cheie,
347 331 67 33 qui
385 331 76 33 sum:
432 331 115 33 dixitque
518 331 67 33 ita
557 331 86 33 dices
614 331 95 33 filiis
681 331 124 33 Israelis,
776 331 86 33 Eheie
833 331 86 33 misit
891 331 57 33 me
910 331 76 33 advos:

225 363 83 35 Hoc
273 363 107 35 etiam
344 363 107 35 nomen
415 363 59 35 a
439 363 119 35 radice
522 363 59 35 P
546 363 83 35 PTI
593 363 95 35 quae
652 363 166 35 significat
783 363 107 35 fuit,
854 363 83 35 est
890 363 83 35 dedus

192 389 107 41 ctum:
264 389 60 41 &
288 389 131 41 denotat
383 389 84 41 Dei
431 389 155 41 essentiam
550 389 72 41 ac
586 389 107 41 simul
658 389 155 41 essentiae
777 389 143 41 propria,
873 389 107 41 nimirum

192 424 185 41 aeternitatem
343 424 58 41 &
366 424 231 41 immutabilitatem,
562 424 81 41 hoc
608 424 92 41 est,
666 424 127 41 indicat
759 424 92 41 Deum
816 424 81 41 qui
862 424 69 41 ab
886 424 92 41 aeter-

202 454 68 41 no
236 454 68 41 in
269 454 147 41 aeternum,
382 454 56 41 &
405 454 169 41 immutabilem
540 454 79 41 tum
585 454 68 41 in
619 454 135 41 essentia
721 454 79 41 tum
766 454 68 41 in
800 454 158 41 promissis.
924 454 79 41 Er¬

197 493 78 45 go
236 493 91 45 hoc
288 493 117 45 nomen
366 493 104 45 idem
432 493 182 45 significat
575 493 91 45 cum
627 493 209 45 superioribus
797 493 143 45 duobus.
901 493 78 45 Ad
927 493 65 45 hoc

202 527 105 36 nomen
272 527 129 36 allusit
366 527 140 36 Christus
471 527 82 36 Joh
518 527 70 36 8.
553 527 70 36 v.
588 527 82 36 58.
635 527 105 36 Prius
705 527 94 36 quam
764 527 152 36 Abrahamus
869 527 117 36 exsiste-

199 554 89 39 ret,
255 554 78 39 ego
299 554 89 39 sum.
355 554 78 39 Hoc
400 554 168 39 testimonium
534 554 89 39 ergo
590 554 78 39 est
635 554 134 39 Deitatis
736 554 134 39 aeternae
836 554 134 39 Christi:
926 554 67 39 quia

216 589 83 47 qui
263 589 142 47 Abrahamo
370 589 142 47 apparuit
476 589 59 47 &
500 589 142 47 loquutus
607 589 95 47 est;
666 589 130 47 Angelus
760 589 130 47 Jehovae
855 589 83 47 seu
890 589 95 47 aeter-

209 620 79 42 nus
254 620 79 42 Dei
299 620 112 42 Filius
366 620 56 42 fut

241 652 104 52 Omnis
311 652 138 52 creatura
415 652 58 52 &
438 652 162 52 temporaria
565 652 81 52 est
611 652 58 52 &
634 652 162 52 mutabilis:
761 652 104 52 nulli
830 652 115 52 igitur
899 652 81 52 crea-

208 687 112 43 turae
282 687 87 43 hoc
332 687 112 43 nomen
394 687 136 43 competit.

243 711 120 51 Nomina
327 711 120 51 divina
411 711 72 51 in
448 711 120 51 Veteri
532 711 168 51 Testamento
664 711 193 51 occurrentia,
821 711 96 51 quae
869 711 132 51 designant

214 749 121 55 propria
302 749 77 55 Dei
346 749 155 55 essentiae,
468 749 99 55 sunt;
534 749 77 55 El,
578 749 121 55 Elohim,
667 749 144 55 Schaddai,
777 749 121 55 Adonai,
865 749 121 55 Helion,
943 749 55 55 &c.

248 781 86 40 QUA
297 781 98 40 RTUM
358 781 123 40 igitur
444 781 111 40 nomen
518 781 123 40 estE2,
604 781 74 40 yN
641 781 98 40 quod
702 781 184 40 significat,
850 781 147 40 δυνάτον,
948 781 49 40 i-

208 819 112 46 χυχον,
286 819 145 46 potentem,
398 819 123 46 fortem,
487 819 101 46 cujus
554 819 67 46 se
588 819 134 46 potentia
688 819 78 46 tam
733 819 101 46 longe
800 819 134 46 exserit,
900 819 67 46 ut
934 819 67 46 di
956 819 45 46 o-

219 848 95 45 mnia
279 848 95 45 suam
338 848 179 45 quamcunque.
481 848 119 45 habent
565 848 143 45 virtutem
672 848 60 45 &
696 848 155 45 potentiam
815 848 143 45 acceptam
911 848 83 45 ferre

219 886 143 38 debeant.
327 886 131 38 Proinde
422 886 96 38 Deus
482 886 72 38 PN
518 886 60 38 a
541 886 179 38 fortitudine
685 886 179 38 appellatur:
828 886 84 38 tum
876 886 96 38 quod
935 886 96 38 ipse

226 916 129 42 essentia
323 916 76 42 sua
366 916 76 42 sit
410 916 173 42 fortissimus,
550 916 86 42 atq;
604 916 86 42 adeo
658 916 86 42 ipsa
712 916 151 42 fortitudo:
830 916 76 42 tum
874 916 86 42 quod
917 916 86 42 forti-

213 951 130 34 tudinem
308 951 106 34 aliis
378 951 142 34 tribuat:
485 951 94 34 Unde
544 951 71 34 ab
579 951 153 34 Immanuele
697 951 153 34 Tremellio
815 951 59 34 &
839 951 153 34 Francisco
945 951 59 34 Iu-

215 981 78 40 nio
259 981 100 40 reddi
326 981 111 40 solet,
404 981 89 40 Deus
459 981 122 40 fortis:
548 981 167 40 quemadmodum
681 981 100 40 etiam
748 981 100 40 verti
814 981 100 40 debet
881 981 89 40 Jes.
936 981 67 40 9.
959 981 44 40 v.

230 1013 62 39 6.
261 1013 113 39 Quoniam
343 1013 82 39 puer
394 1013 92 39 natus
456 1013 72 39 est
497 1013 103 39 nobis:
569 1013 103 39 filius
641 1013 92 39 datus
702 1013 72 39 est
743 1013 103 39 nobis:
815 1013 51 39 &
836 1013 72 39 est
866 1013 134 39 principatus

228 1044 93 48 ipse
286 1044 104 48 super
356 1044 128 48 humerum
449 1044 104 48 eius:
518 1044 58 48 &
542 1044 139 48 vocabit,
646 1044 128 48 Inimuum
739 1044 128 48 Iehova)
832 1044 104 48 nomen
901 1044 93 48 eius
948 1044 46 48 ad

223 1081 172 36 mirabilem,
358 1081 209 36 consiliarium,
530 1081 74 36 Da
567 1081 86 36 PyN
616 1081 98 36 Deum
677 1081 123 36 forte,
763 1081 221 36 robustissimum,
936 1081 61 36 pa-

220 1117 93 38 trem
278 1117 197 38 aeternitatis,
441 1117 139 38 principe
546 1117 116 38 pacis.
627 1117 105 38 Verba
696 1117 93 38 illa
755 1117 197 38 TOPyNLutherus
905 1117 105 38 vertit,

230 1146 170 39 trasstipelo)
369 1146 53 39 &
390 1146 138 39 contendit
496 1146 74 39 ita
539 1146 85 39 esse
592 1146 149 39 vertendum.
709 1146 64 39 ac
741 1146 138 39 manifeste
847 1146 117 39 rejicit
922 1146 85 39 altera

222 1173 245 48 interpretationem,
432 1173 140 48 veriore.
537 1173 82 48 Sed
584 1173 140 48 versioni
689 1173 128 48 Lutheri
782 1173 140 48 repugnat
887 1173 105 48 primo
946 1173 58 48 si-

226 1212 164 42 gnificatio
355 1212 129 42 nominis
449 1212 82 42 7N,
496 1212 94 42 quod
555 1212 141 42 absolute
661 1212 141 42 potentem
766 1212 176 42 significat,
907 1212 59 42 &
919 1212 82 42 adje-

235 1243 123 36 ctivuum
325 1243 90 36 est:
381 1243 79 36 non
426 1243 90 36 ergo
482 1243 79 36 est
527 1243 180 36 substantivum
672 1243 123 36 trasst.
762 1243 112 36 Deinde
841 1243 146 36 Lutherus,
942 1243 67 36 con-

235 1277 91 37 mate
292 1277 159 37 distinguit
417 1277 114 37 trasst
496 1277 57 37 a
519 1277 137 37 sequenti
622 1277 102 37 heso)
690 1277 68 37 at
724 1277 68 37 in
758 1277 102 37 textu
827 1277 125 37 Hebraeo
906 1277 80 37 nome,

238 1309 111 40 nullum
315 1309 100 40 habet
382 1309 133 40 accentum
482 1309 55 40 e
504 1309 177 40 Syntacticis,
648 1309 78 40 qui
692 1309 89 40 soli
747 1309 144 40 orationem
858 1309 177 40 distinguunt:

223 1338 94 40 sed
276 1338 121 40 habet
357 1338 162 40 duntaxat
479 1338 216 40 Etymologicum
654 1338 162 40 accentum
775 1338 148 40 Munach,
883 1338 94 40 qui
924 1338 94 40 vocem

241 1373 80 37 acuit.

255 1380 170 61 QUiNTUM
378 1380 139 61 nomen
470 1380 108 61 est
532 1380 154 61 ELOHIM
640 1380 154 61 CPPPyN
748 1380 77 61 a
779 1380 200 61 singulari
918 1380 93 61 PHyN

235 1438 90 43 quod
291 1438 101 43 nomen
358 1438 79 43 est
403 1438 146 43 potentiae
516 1438 56 43 &
538 1438 180 43 fortitudinis
684 1438 169 43 magnarumque
819 1438 124 43 virium,
909 1438 101 43 sicut
965 1438 45 43 yN

231 1475 149 37 Mercerus
342 1475 112 37 tamen
417 1475 62 37 &
441 1475 186 37 Cevallerius
590 1475 136 37 docent,
690 1475 87 37 hoc
739 1475 112 37 nomen
814 1475 136 37 proprie
900 1475 112 37 judicem

244 1500 133 39 sonare.
340 1500 193 39 Tribuiturque
497 1500 133 39 proprie
593 1500 96 39 vero
654 1500 96 39 Deo:
714 1500 181 39 Angelisvero
858 1500 60 39 &
870 1500 145 39 hominibus.

232 1533 171 39 admitatione
368 1533 125 39 dignis,
460 1533 160 39 praesertim
585 1533 80 39 qui
630 1533 103 39 aliis
699 1533 148 39 praesunt,
813 1533 148 39 tribuitur
927 1533 80 39 per
961 1533 57 39 Me-

239 1573 151 34 taphoram
353 1573 139 34 propter
454 1573 202 34 communicatam
618 1573 63 34 a
643 1573 88 34 Deo
694 1573 164 34 potentiam
820 1573 114 34 atque
883 1573 126 34 officium

235 1600 101 40 aliis
302 1600 90 40 opem
359 1600 135 40 ferendi,
460 1600 113 40 eosque
539 1600 169 40 defendendi,
674 1600 180 40 sustentandi,
820 1600 135 40 fovendi,
910 1600 90 40 mundum

243 1634 100 37 regna,
313 1634 120 37 urbesque
403 1634 120 37 regendi,
493 1634 80 37 diis
543 1634 110 37 denique
623 1634 110 37 fictis,
702 1634 70 37 per
742 1634 160 37 κατριχρισιν,
872 1634 80 37 quod
922 1634 90 37 illis
972 1634 50 37 sui

246 1665 177 35 cultoresvim
388 1665 130 35 divinam
482 1665 153 35 tribuant.
600 1665 153 35 Singulare
717 1665 106 35 autem
788 1665 94 35 hoc.
847 1665 106 35 nomen
918 1665 94 35 raro
965 1665 47 35 u-

249 1694 150 37 surpatur,
365 1694 58 37 &
388 1694 69 37 de
423 1694 93 37 vero
481 1694 81 37 Deo
527 1694 127 37 dicitur
620 1694 127 37 Chabal.
712 1694 69 37 3.
747 1694 69 37 v.
782 1694 69 37 3.
816 1694 93 37 PPyN
874 1694 93 37 Deus
932 1694 69 37 ab
955 1694 58 37 Au-

251 1725 86 35 stro
305 1725 118 35 veniet.
391 1725 54 35 &
413 1725 86 35 Job.
467 1725 75 35 12.
510 1725 65 35 v.
542 1725 65 35 4.
574 1725 118 35 Clamans
661 1725 65 35 ad
693 1725 97 35 Deum.
757 1725 65 35 Et
790 1725 86 35 huic
844 1725 140 35 singulari
941 1725 75 35 etiam

244 1759 133 42 plurale
340 1759 109 42 nomen
413 1759 157 42 jungitur,
533 1759 72 42 ut
570 1759 97 42 Job.
630 1759 84 42 35.
678 1759 72 42 v.
714 1759 84 42 10.
763 1759 133 42 UOUPPyN
859 1759 97 42 TPN,
919 1759 84 42 ubi
956 1759 60 42 est

244 1797 99 35 Deus
306 1797 149 35 factores
417 1797 99 35 met?
480 1797 87 35 hoc
529 1797 149 35 pertinet
641 1797 75 35 ad
678 1797 174 35 denotandum
815 1797 161 35 mysterium
927 1797 99 35 Sancte

245 1823 135 35 Triados.
346 1823 169 35 Frequentius
481 1823 101 35 autem
549 1823 68 35 in
583 1823 124 35 plurali
673 1823 113 35 numero
752 1823 158 35 reperitur,
876 1823 101 35 idque
943 1823 68 35 ad
966 1823 56 35 de-

239 1857 193 35 monstrandam
393 1857 205 35 pluralitatem
560 1857 180 35 personarum
701 1857 77 35 in
740 1857 154 35 essentia
855 1857 103 35 Dei:
919 1857 90 35 Nam
958 1857 64 35 de-

240 1887 85 38 quo
289 1887 110 38 nomen
362 1887 134 38 plucale
460 1887 122 38 Elohim
545 1887 134 38 proprie
643 1887 73 38 ac
679 1887 85 38 non
728 1887 85 38 per
777 1887 122 38 tropum
862 1887 134 38 aliquem
948 1887 61 38 set

236 1926 125 32 figurate
329 1926 125 32 dicitur,
423 1926 62 32 in
454 1926 62 32 eo
485 1926 104 32 plures
558 1926 83 32 sint
610 1926 135 32 personae,
714 1926 83 32 quam
766 1926 83 32 una,
818 1926 114 32 necesse
902 1926 83 32 est.
943 1926 73 32 Inter

234 1954 76 38 dum
277 1954 97 38 autem
342 1954 86 38 tres
396 1954 130 38 personas
493 1954 130 38 Deitatis
591 1954 162 38 significat,
720 1954 76 38 ut,
764 1954 86 38 Gen.
818 1954 76 38 1v.
861 1954 65 38 1.
893 1954 119 38 Deuter,
969 1954 43 38 6.

243 1993 107 37 vers.
314 1993 71 37 4.
350 1993 142 37 Interdum
456 1993 107 37 duas,
527 1993 71 37 ut
563 1993 118 37 Genes1
646 1993 107 37 vers.
717 1993 71 37 2.
752 1993 118 37 [PPPyN
824 1993 190 37 PHPHEtSpiritus

240 2016 129 42 Elohim,
334 2016 71 42 id
370 2016 94 42 est,
428 2016 118 42 Patris
511 2016 59 42 &
534 2016 118 42 Filii.
616 2016 141 42 Interdum
722 2016 82 42 per
769 2016 176 42 Synecdochen
910 2016 106 42 etiam
969 2016 47 42 u-

241 2050 85 40 nam,
294 2050 74 40 sed
337 2050 85 40 quae
390 2050 74 40 non
433 2050 74 40 sit
475 2050 85 40 sola
528 2050 53 40 &
549 2050 64 40 ab
581 2050 96 40 aliis
645 2050 127 40 personis
741 2050 138 40 separata,
847 2050 64 40 ut
879 2050 106 40 Genes.
953 2050 64 40 1.
974 2050 32 40 1

248 2086 79 41 26.
293 2086 67 41 de
326 2086 101 41 Patre
394 2086 191 41 intelligitur.
551 2086 67 41 Et
585 2086 101 41 dixit
652 2086 101 41 Deus,
720 2086 135 41 Faciamus
821 2086 135 41 hominem,
922 2086 79 41 &c.
956 2086 56 41 Di-

233 2115 80 33 xit
278 2115 103 33 Deus,
347 2115 103 33 nempe
415 2115 103 33 Pater
484 2115 103 33 Filio
553 2115 57 33 &
576 2115 137 33 Spiritui
678 2115 126 33 Sancto,
770 2115 126 33 tanquam
861 2115 103 33 autor
930 2115 57 33 &
941 2115 69 33 fon-

234 2150 176 35 creationis,
375 2150 59 35 &
399 2150 118 35 omnium
481 2150 118 35 operum
563 2150 165 35 divinorum.
693 2150 106 35 Hosc.
763 2150 82 35 12.
810 2150 106 35 vers.
881 2150 71 35 4.
904 2150 106 35 dicitur

241 2183 94 43 quod
300 2183 129 43 Jacobus
394 2183 165 43 Patriarcha
524 2183 118 43 robore
606 2183 82 43 suo
653 2183 141 43 principe
759 2183 71 43 se
794 2183 141 43 gesserit
900 2183 106 43 DPPyN
959 2183 59 43 TIN

234 2219 81 34 cum
281 2219 93 34 Deo,
339 2219 69 34 id
373 2219 93 34 est,
431 2219 81 34 cum
478 2219 127 34 aeterno
570 2219 81 34 Dei
616 2219 116 34 Filio,
697 2219 81 34 qui
744 2219 81 34 mox
790 2219 104 34 etiam
848 2219 162 34 TNyOmaleaci,

237 2244 73 39 id
273 2244 98 39 est,
334 2244 134 39 Angelus
432 2244 146 39 dicitur.
542 2244 73 39 De
579 2244 98 39 Mose
640 2244 122 39 quidem
725 2244 110 39 nomen
798 2244 122 39 Elohim
884 2244 110 39 etiam
945 2244 73 39 plu-

232 2279 121 40 raliter
320 2279 121 40 dicitur
407 2279 99 40 Exod.
473 2279 66 40 4.
506 2279 66 40 v.
539 2279 77 40 16.
583 2279 66 40 Tu
616 2279 88 40 vero
670 2279 77 40 sis
714 2279 66 40 ei
747 2279 142 40 (Aharoni)
857 2279 88 40 vice
911 2279 121 40 Elohim,
988 2279 33 40 &

244 2311 86 36 cap.
298 2311 65 36 7.
331 2311 97 36 vers.
395 2311 65 36 4.
428 2311 97 36 Dixit
492 2311 108 36 Iehova
568 2311 97 36 Mosi,
633 2311 86 36 vide
686 2311 140 36 constitui
794 2311 65 36 te
827 2311 86 36 vice
881 2311 108 36 Elohim
945 2311 65 36 Pha-

244 2344 109 36 aoni.
317 2344 85 36 Sed
365 2344 158 36 improprie
487 2344 61 36 &
511 2344 134 36 tropice
608 2344 73 36 de
645 2344 97 36 Mose
705 2344 85 36 hoc
754 2344 109 36 nomen
827 2344 134 36 dicitur
912 2344 97 36 plura-

246 2376 103 43 iter:
314 2376 57 43 &
337 2376 115 43 subest
417 2376 80 43 hic
463 2376 103 43 etiam
532 2376 149 43 mysterium
646 2376 126 43 Sanctae
738 2376 137 43 Triados,
841 2376 92 43 quia
898 2376 115 43 Moses,
967 2376 46 43 ut

235 2405 153 49 legatus
346 2405 167 49 personam
471 2405 111 49 veri
541 2405 97 49 Dei
596 2405 153 49 Trinuni
708 2405 111 49 apud
777 2405 167 49 Aharonem
902 2405 69 49 &
916 2405 125 49 Pharao-

231 2443 84 37 nem
279 2443 133 37 gessit,
376 2443 145 37 exponens
484 2443 109 37 illis
557 2443 169 37 voluntatem
689 2443 121 37 illius
774 2443 133 37 Trinuni
870 2443 97 37 Dei.
919 2443 97 37 Proin-

231 2477 71 45 de
267 2477 83 45 hoc
314 2477 106 45 nomen
385 2477 106 45 etiam
456 2477 106 45 verbo
527 2477 83 45 vel
574 2477 118 45 nomini
657 2477 130 45 plurali
751 2477 142 45 interdum
857 2477 154 45 jungitur,
964 2477 47 45 ut

241 2506 200 46 ἐμφατκωτορωε,
406 2506 165 46 pluralitas
535 2506 165 46 personarum
664 2506 71 46 in
700 2506 129 46 divinis
794 2506 176 46 exprimatur.
923 2506 94 46 Genes.

240 2541 87 36 20.
289 2541 75 36 v.
327 2541 75 36 3.
364 2541 149 36 DPPPNPTN
476 2541 112 36 JXTTH
550 2541 124 36 errare
637 2541 87 36 vel
687 2541 124 36 vagari
774 2541 75 36 me
811 2541 149 36 fecerunt
923 2541 99 36 dii,
972 2541 50 36 id

231 2572 96 39 est,
291 2572 96 39 Deus
350 2572 72 39 me
386 2572 107 39 fecit
458 2572 131 39 errate,
553 2572 107 39 verha
625 2572 96 39 sunt
685 2572 155 39 Abrahami.
804 2572 84 39 Sic
852 2572 119 39 Genes.
935 2572 84 39 35.
971 2572 48 39 7.

232 2602 196 41 OPPPPNIHPyIa
391 2602 184 41 apparuerunt
538 2602 98 41 Dii,
599 2602 74 41 id
636 2602 98 41 est,
697 2602 147 41 apparuit
808 2602 110 41 Deus.
881 2602 86 41 Sic
930 2602 74 41 2.
955 2602 61 41 Sa-

241 2638 105 33 muel.
311 2638 70 33 7.
346 2638 70 33 v.
381 2638 82 33 23.
428 2638 117 33 [PPPyN
509 2638 186 33 PPyTHiverunt
661 2638 82 33 Di,
707 2638 70 33 id
742 2638 93 33 est,
801 2638 93 33 ivit
859 2638 93 33 Deus
917 2638 70 33 ad
940 2638 82 33 redi-

244 2670 83 39 nen
292 2670 83 39 sum
339 2670 95 39 sibi
399 2670 119 39 Gentem
482 2670 72 39 in
518 2670 143 39 populum.
626 2670 83 39 Sic
673 2670 107 39 Josu.
745 2670 83 39 24.
792 2670 72 39 v.
828 2670 83 39 19.
876 2670 83 39 3?T
924 2670 107 39 DUθεi

230 2692 147 58 DPPPyNP
336 2692 147 58 Quoniam
443 2692 80 58 di
483 2692 133 58 sancti
577 2692 120 58 ille.
657 2692 107 58 ser.
723 2692 80 58 10
763 2692 80 58 v.
803 2692 93 58 10.
857 2692 107 58 Dupt
910 2692 107 58 DPrPyR

238 2738 166 35 NITITIUN
363 2738 124 35 DHPPN
445 2738 138 35 PTITPI
542 2738 138 35 Iehova
639 2738 111 35 vero
708 2738 97 35 Dii
763 2738 193 35 veritatis,
915 2738 97 35 dii
957 2738 55 35 vi

247 2770 128 35 ventes.
340 2770 104 35 Licet
410 2770 139 35 interdum
514 2770 104 35 etiam
584 2770 185 35 singularibus
734 2770 128 35 verbis,
827 2770 151 35 nominibus
943 2770 58 35 &
954 2770 70 35 pro-

249 2807 131 42 hominibus
350 2807 131 42 jungatur,
450 2807 60 42 ut
480 2807 101 42 Genes.
551 2807 60 42 1.
581 2807 91 42 vers.
642 2807 60 42 1.
672 2807 91 42 Deut.
732 2807 60 42 6.
762 2807 60 42 v.
793 2807 60 42 4.
823 2807 81 42 Jos.
873 2807 70 42 24.
913 2807 91 42 vers.
964 2807 50 42 15.

277 2839 140 46 SEXTUM
375 2839 126 46 nomen
459 2839 98 46 est
515 2839 210 46 ScHAODAITQ,
682 2839 84 46 id
724 2839 112 46 est,
794 2839 210 46 omnipotens.
948 2839 70 46 Hoc

238 2870 114 46 nomine
317 2870 68 46 se
351 2870 91 46 Deus
408 2870 125 46 solitus
499 2870 80 46 est
545 2870 159 46 appellare,
670 2870 80 46 cum
716 2870 171 46 Patriarchas
852 2870 194 46 alloquebatur,

236 2909 83 38 ut
278 2909 111 38 Gen.
347 2909 97 38 17.
403 2909 83 38 v.
444 2909 83 38 1.
486 2909 139 38 inquit
583 2909 83 38 ad
625 2909 180 38 Abrahamum
763 2909 97 38 PIU
819 2909 83 38 γN
861 2909 97 38 PN,
916 2909 97 38 Ani
958 2909 69 38 El-

247 2935 150 49 Schaddai.
363 2935 81 49 Ego
409 2935 81 49 sum
455 2935 92 49 Deus
513 2935 115 49 fortis
593 2935 173 49 omnipotens,
732 2935 127 49 Graecis
824 2935 81 49 est
859 2935 161 49 παυτόκργτuρ.

236 2968 180 46 Significat
378 2968 116 46 autem
455 2968 219 46 omnipotentiam
636 2968 103 46 Dei,
700 2968 90 46 tum
751 2968 77 46 ad
790 2968 232 46 benefaciendum,
970 2968 52 46 ad

244 3005 187 38 protegendum,
396 3005 70 38 ad
431 3005 117 38 beatos
513 3005 187 38 efficiendum,
665 3005 70 38 ad
700 3005 175 38 praestandum
841 3005 152 38 promissa;
946 3005 70 38 unde

244 3037 111 36 plene
318 3037 161 36 persuasus
441 3037 99 36 fuit
503 3037 148 36 Abraham,
614 3037 87 36 eum
664 3037 111 36 posse
738 3037 124 36 facere
825 3037 99 36 quod
874 3037 136 36 promisera

245 3070 88 38 tum
296 3070 75 38 ad
333 3070 176 38 puniendum,
472 3070 163 38 perdendum
597 3070 63 38 &
622 3070 176 38 exequendum
761 3070 126 38 minas.
849 3070 138 38 Graecis
937 3070 75 38 eti-

245 3102 77 36 est,
293 3102 124 36 αυζιρκης,
389 3102 67 36 qui
427 3102 124 36 sufficit,
523 3102 67 36 qui
561 3102 134 36 sufficiens
667 3102 67 36 est
705 3102 86 36 sibi,
762 3102 48 36 &
782 3102 86 36 aliis
839 3102 163 36 sufficientiam
964 3102 57 36 tri-

243 3127 109 52 buit.
315 3127 97 52 Ideo
376 3127 85 52 hoc
424 3127 109 52 nomen
497 3127 72 52 ne
533 3127 121 52 quidem
617 3127 133 52 humanae
714 3127 133 52 Christi
811 3127 133 52 naturae
895 3127 133 52 competit,

1024 154 91 45 quia
1080 154 80 45 nec
1126 154 91 45 sibi
1183 154 91 45 ipsa
1240 154 159 45 sufficiens
1365 154 91 45 est,
1422 154 57 45 &
1444 154 102 45 omnem
1513 154 91 45 suam
1569 154 193 45 sufficientiam
1729 154 57 45 a
1740 154 91 45 divine

1032 188 135 42 natura
1126 188 135 42 habet.
1220 188 121 42 Nomen
1301 188 94 42 hoc
1355 188 148 42 nunquam
1463 188 108 42 apud
1531 188 175 42 Hebraeos,
1666 188 108 42 nisi
1733 188 81 42 de
1760 188 81 42 solo

1035 221 86 44 Deo
1084 221 160 44 usurpatur

1056 244 186 51 SEPTIMUM
1195 244 139 51 nomen
1287 244 108 51 est
1349 244 201 51 ADONAIPIN
1504 244 186 51 Dominus,
1643 244 124 51 quod
1705 244 139 51 proprie

1036 285 109 40 etiam
1109 285 97 40 soli
1169 285 85 40 Deo
1218 285 157 40 competit:
1339 285 157 40 Analogice
1460 285 97 40 vero
1520 285 170 40 creaturis.
1653 285 73 40 Et
1690 285 73 40 de
1726 285 97 40 vero
1774 285 61 40 Deo

1028 316 136 39 dicitur
1126 316 111 39 etiam
1200 316 136 39 plurali
1299 316 136 39 numero,
1397 316 74 39 ad
1434 316 160 39 mysterium
1558 316 74 39 S.
1595 316 136 39 Triados
1681 316 160 39 denotandum,

1072 348 156 40 Malach.
1185 348 85 40 1.
1227 348 127 40 vers.
1312 348 85 40 6.
1355 348 85 40 AN
1397 348 141 40 DPPPIN
1496 348 99 40 DN)
1553 348 71 40 &
1581 348 85 40 si
1624 348 141 40 Domini
1723 348 113 40 ego:
1779 348 71 40 ubi

1040 383 116 48 POPIN
1118 383 90 48 est
1169 383 142 48 plurale
1273 383 129 48 nomen?
1363 383 78 48 δN
1402 383 103 48 vero
1466 383 155 48 pronomen
1583 383 181 48 singulare.
1725 383 116 48 Dani.
1789 383 52 48 9.

1030 418 79 39 17.
1075 418 125 39 dicitur
1166 418 68 39 de
1200 418 125 39 Christo
1291 418 79 39 seu
1336 418 91 39 Rege
1393 418 125 39 Messia:
1483 418 79 39 Fac
1529 418 68 39 ut
1563 418 113 39 luceat
1642 418 113 39 facies
1722 418 79 39 tua
1756 418 79 39 supe-

1037 452 196 41 sanctuarium
1194 452 118 41 tuum,
1272 452 105 41 quod
1337 452 170 41 desolatum
1468 452 105 41 est.
1533 452 105 41 PPIN
1599 452 105 41 PPD)
1664 452 144 41 propter
1756 452 91 41 Domi-

1036 480 110 40 num.
1105 480 123 40 Nomen
1187 480 110 40 hoc?
1255 480 96 40 PIN
1310 480 151 40 quoties
1420 480 82 40 de
1461 480 96 40 Deo
1515 480 192 40 usurpatur,
1666 480 123 40 habet
1734 480 110 40 semper

1027 513 132 45 subNun
1119 513 146 45 vocalem
1225 513 146 45 Zamete.
1331 513 119 45 Porro
1411 513 119 45 nomen
1490 513 93 45 hoc
1543 513 132 45 Judaei
1636 513 146 45 vocant?
1741 513 79 45 TT
1768 513 66 45 hoc

1036 554 82 40 est
1083 554 153 40 confessum
1201 554 59 40 &
1224 554 129 40 certum:
1318 554 59 40 &
1342 554 94 40 134.
1400 554 70 40 in
1436 554 106 40 locis
1506 554 141 40 reperiri
1612 554 164 40 Massoretae
1729 554 106 40 tradunt

1073 580 149 38 OCTAVUM
1182 580 122 38 nomen
1263 580 95 38 Dei
1318 580 95 38 est
1372 580 136 38 HELJON
1467 580 122 38 PPPTI
1548 580 81 38 id
1589 580 109 38 est,
1657 580 163 38 Excelsus
1766 580 81 38 seu-

1034 621 158 31 Altissimus.
1161 621 158 31 ExstatPsal.
1287 621 63 31 3.
1319 621 63 31 9.
1350 621 116 31 Psallam
1435 621 105 31 nomini
1508 621 74 31 tuo
1551 621 126 31 Excelse.
1645 621 63 31 Et
1677 621 74 31 Ps.
1719 621 53 31 9
1740 621 63 31 1.
1772 621 63 31 9.
1793 621 42 31 Ex

1042 645 112 43 celsum
1120 645 146 43 statueris
1232 645 168 43 habitaculum
1367 645 101 43 tuum.
1434 645 67 43 Et
1468 645 101 43 Psal.
1535 645 79 43 92.
1580 645 67 43 9.
1614 645 67 43 Te
1647 645 101 43 autem
1715 645 56 43 o
1726 645 112 43 Excelse;

1042 680 67 35 in
1075 680 123 35 seculum
1165 680 89 35 esse
1221 680 134 35 Iehovam,
1321 680 89 35 Dan.
1377 680 67 35 4.
1411 680 67 35 v.
1444 680 78 35 17.
1489 680 67 35 Vt
1523 680 145 35 agnoscant
1635 680 145 35 viventes,
1735 680 112 35 dominae-

1042 713 65 38 ri
1075 713 130 38 Excelsum
1172 713 65 38 in
1205 713 98 38 regno
1270 713 130 38 hominum,
1368 713 65 38 Et
1401 713 65 38 v.
1433 713 76 38 24,
1477 713 76 38 25.
1520 713 87 38 Haec
1574 713 185 38 interpretatio
1726 713 76 38 est
1759 713 76 38 Regis

1044 745 59 41 &
1068 745 142 41 decretum
1174 745 130 41 Excelsi
1269 745 83 41 est
1317 745 95 41 quod
1376 745 201 41 superventurum
1542 745 83 41 est
1589 745 118 41 Domino
1672 745 83 41 meo
1720 745 107 41 Regi.
1779 745 59 41 Ni-

1046 781 66 34 te
1079 781 144 34 depellent
1190 781 121 34 homines
1278 781 55 34 a
1300 781 77 34 se,
1344 781 55 34 &
1366 781 77 34 cum
1410 781 121 34 bestiis
1499 781 88 34 agri
1554 781 110 34 futura
1631 781 77 34 est
1675 781 144 34 habitatio
1775 781 66 34 tua,

1042 810 143 42 herbamque
1152 810 66 42 ut
1185 810 99 42 bobus
1251 810 88 42 tibi
1306 810 143 42 gustandam
1416 810 121 42 dabunt,
1504 810 55 42 &
1526 810 88 42 rore
1581 810 99 42 caeli
1647 810 66 42 te
1680 810 154 42 intingent,
1790 810 44 42 se

1049 838 125 44 ptemque
1139 838 125 44 tempora
1230 838 182 44 praeteribunt
1378 838 136 44 te:usque
1480 838 79 44 dum
1525 838 113 44 noscas
1605 838 136 44 dominari
1707 838 136 44 Excelsam
1798 838 45 44 in

1043 875 101 41 regno
1110 875 134 41 hominum,
1210 875 56 41 &
1233 875 78 41 cui
1277 875 89 41 vult
1333 875 89 41 dare
1389 875 112 41 illud.
1467 875 67 41 Et
1501 875 67 41 v.
1534 875 78 41 34.
1579 875 123 41 Excelso
1668 875 145 41 benedixi.
1769 875 78 41 Idque

1047 907 81 40 Deo
1094 907 163 40 tribuitur,
1222 907 93 40 quod
1280 907 93 40 prae
1338 907 128 40 omnibus
1431 907 163 40 creaturis,
1559 907 105 40 etiam
1628 907 139 40 Angelis,
1733 907 70 40 ut
1768 907 70 40 in
1791 907 58 40 al-

1041 940 134 38 tissimo
1139 940 61 38 &
1163 940 134 38 supremo
1261 940 122 38 gradu,
1346 940 147 38 essentia
1456 940 61 38 &
1481 940 122 38 gloria
1566 940 110 38 omnem
1640 940 134 38 humanum
1725 940 110 38 sensur.

1056 975 139 39 xcedat,
1158 975 101 39 Huic
1221 975 127 39 nomini
1309 975 139 39 Hebraeo
1411 975 165 39 respondet
1537 975 139 39 Graecum
1639 975 139 39 ψψισος,
1740 975 76 39 id
1765 975 76 39 est,

1056 1006 174 38 Altissimus,
1196 1006 93 38 quod
1254 1006 128 38 usurpat
1347 1006 128 38 Angelus
1440 1006 139 38 Gahriei,
1544 1006 81 38 cum
1591 1006 93 38 Luc.
1649 1006 70 38 1.
1683 1006 70 38 v.
1718 1006 81 38 32.
1765 1006 70 38 ad
1788 1006 58 38 Ma-

1054 1042 91 40 tiam
1111 1042 80 40 ait
1156 1042 68 40 de
1190 1042 137 40 Christo,
1293 1042 57 40 &
1316 1042 80 40 deς
1361 1042 114 40 υψιστα
1441 1042 171 40 κληθεσετιι,
1578 1042 57 40 &
1601 1042 114 40 Filius
1680 1042 148 40 altissimi
1783 1042 57 40 vo-

1054 1075 113 39 cabitur.

1093 1100 164 46 Hactenus
1216 1100 164 46 pleraque
1340 1100 137 46 nomina
1435 1100 137 46 divina
1531 1100 82 46 in
1572 1100 137 46 Veteri
1654 1100 151 46 Testamen-

1360 1147 71 44 ro
1384 1147 166 44 occurrentia.

1090 1181 77 40 In
1129 1181 103 40 Novo
1193 1181 180 40 Testamento
1335 1181 232 40 frequentissima
1528 1181 103 40 sunt
1592 1181 103 40 Θeos
1656 1181 64 40 &
1669 1181 103 40 Rυριος

1083 1212 113 50 Nomen
1159 1212 113 50 Θeis,
1234 1212 113 50 DEus,
1310 1212 101 50 quum
1373 1212 189 50 simpliciter
1524 1212 63 50 &
1549 1212 151 50 absolute
1662 1212 151 50 ponitur,
1762 1212 101 50 signi-

1051 1248 106 47 ficat
1122 1248 106 47 ipsam
1192 1248 141 47 aeternam
1298 1248 153 47 essentiam
1416 1248 141 47 divinam,
1522 1248 59 47 &
1545 1248 106 47 nulli
1616 1248 153 47 creaturae
1734 1248 82 47 hoc
1769 1248 94 47 signi-

1064 1283 114 39 ficato
1144 1283 148 39 convenire
1258 1283 126 39 potest.
1349 1283 160 39 Institutum
1475 1283 80 39 est
1520 1283 91 39 enim
1577 1283 103 39 nomen
1646 1283 80 39 hoc
1692 1283 69 39 ad
1726 1283 126 39 aliquid
1806 1283 57 39 si-

1058 1315 190 45 gnificandum
1210 1315 114 45 super
1286 1315 114 45 omnia
1362 1315 165 45 exsistens
1489 1315 63 45 &
1515 1315 114 45 omnia
1591 1315 190 45 complectens
1743 1315 89 45 sua
1781 1315 63 45 po-

1060 1348 134 40 tentia:
1157 1348 85 40 hoc
1206 1348 158 40 intendunt
1327 1348 182 40 significare
1473 1348 170 40 nominantes
1606 1348 109 40 Deum.
1679 1348 134 40 Proinde
1764 1348 85 40 recte

1054 1380 103 39 dixit
1122 1380 161 39 Ambrosius,
1249 1380 103 39 nomen
1318 1380 80 39 Dei
1364 1380 92 39 esse
1421 1380 126 39 natura,
1513 1380 80 39 hoc
1559 1380 92 39 est,
1617 1380 126 39 naturam
1709 1380 80 39 seu
1743 1380 115 39 essenti-

1059 1414 71 37 am
1095 1414 130 37 divinam
1189 1414 188 37 significare;
1342 1414 82 37 non
1389 1414 106 37 autem
1460 1414 130 37 officii
1554 1414 130 37 proprie
1636 1414 118 37 loquendo

1090 1444 109 42 Porro
1163 1444 145 42 interdum
1272 1444 121 42 nomine
1356 1444 85 42 Dei
1405 1444 194 42 intelligitur
1562 1444 97 42 tota
1623 1444 182 42 Sacrosancta
1756 1444 97 42 Trini-

1062 1481 95 35 tas,
1121 1481 71 35 ut
1157 1481 118 35 Matth.
1240 1481 71 35 4.
1275 1481 71 35 v.
1311 1481 71 35 7.
1346 1481 83 35 Non
1393 1481 142 35 tentabis
1500 1481 130 35 Deminum
1595 1481 95 35 Deum
1654 1481 106 35 tuum.
1725 1481 71 35 Et
1760 1481 71 35 v.
1784 1481 59 35 10.

1059 1512 138 38 Dominum
1159 1512 100 38 Deum
1221 1512 100 38 tuum
1284 1512 163 38 adorabis,
1409 1512 63 38 &
1434 1512 113 38 illum
1509 1512 113 38 solum
1584 1512 125 38 coles.
1671 1512 150 38 Interdum
1771 1512 75 38 una-

1059 1544 116 44 persona
1144 1544 63 44 S.
1175 1544 158 44 Trinitatis,
1302 1544 63 44 ut
1334 1544 105 44 Pater.
1407 1544 63 44 1.
1439 1544 84 44 Tim.
1492 1544 63 44 2.
1523 1544 63 44 v.
1555 1544 63 44 5.
1586 1544 84 44 Unus
1639 1544 84 44 enim
1692 1544 74 44 est
1734 1544 95 44 Deus,
1787 1544 63 44 unus

1059 1582 104 32 etiam
1129 1582 138 32 mediator
1232 1582 81 32 Dei
1279 1582 58 32 &
1302 1582 127 32 hominum
1394 1582 92 32 homo
1451 1582 138 32 Christus
1555 1582 115 32 Iesus.
1636 1582 81 32 Vel
1682 1582 115 32 Filius
1763 1582 69 32 1.
1786 1582 69 32 Tim.

1070 1609 91 45 3.16.
1131 1609 81 45 Deus
1181 1609 142 45 conspicuus
1293 1609 71 45 est
1333 1609 61 45 in
1364 1609 101 45 carne,
1435 1609 162 45 justificatus
1566 1609 71 45 est
1607 1609 61 45 in
1637 1609 122 45 Spiritu,
1728 1609 71 45 &c.
1769 1609 71 45 Vel
1799 1609 51 45 Sp.

1066 1648 99 34 ritus
1132 1648 121 34 Sanctus
1220 1648 110 34 Actor.
1298 1648 66 34 5.
1331 1648 66 34 4.
1364 1648 77 34 non
1408 1648 66 34 es
1441 1648 132 34 mentitus
1540 1648 143 34 hominibus
1651 1648 77 34 sed
1684 1648 66 34 Deo,

1095 1667 127 47 Rυριος
1184 1667 89 47 cum
1235 1667 89 47 Deo
1286 1667 152 47 absolute
1400 1667 178 47 tribuitur,
1540 1667 165 47 rospondet
1667 1667 140 47 Hebraeo
1756 1667 114 47 nomini:

1069 1707 124 43 sehova,
1159 1707 90 43 Deus
1215 1707 102 43 autem
1283 1707 79 43 ita
1328 1707 79 43 est
1373 1707 135 43 Dominus,
1475 1707 68 43 ut
1509 1707 79 43 sit
1554 1707 169 43 αυτεκυριος,
1689 1707 79 43 hoc
1735 1707 90 43 est,
1791 1707 56 43 a
1802 1707 68 43 sci-

1068 1740 85 46 pso
1104 1740 121 46 Dominus.

1109 1765 143 41 Oecutrunt
1219 1765 99 41 etiam
1285 1765 99 41 ista:
1351 1765 121 41 ὕψισος,
1439 1765 154 41 Altissimus
1559 1765 77 41 seu
1603 1765 198 41 Excelsissimus.
1768 1765 88 41 Act.
1812 1765 44 41 7.

1069 1805 77 38 48.
1113 1805 187 38 Excelsissimus
1267 1805 88 38 ille
1321 1805 66 38 in
1354 1805 154 38 manufactis
1475 1805 121 38 templis
1563 1805 77 38 non
1607 1805 132 38 habitat.
1705 1805 99 38 Πaτης
1771 1805 77 38 τῶν
1804 1805 55 38 φω-

1059 1844 94 37 τον,
1118 1844 105 37 Pater
1188 1844 141 37 luminum.
1294 1844 94 37 Jac.
1352 1844 70 37 1.
1387 1844 82 37 17.
1434 1844 105 37 Omnis
1505 1844 129 37 donatio
1598 1844 105 37 bona,
1669 1844 59 37 &
1692 1844 94 37 omne
1739 1844 117 37 integrum

1062 1871 107 39 donum
1133 1871 83 39 est
1181 1871 143 39 superne,
1288 1871 166 39 descendens
1418 1871 59 39 a
1442 1871 107 39 Patre
1514 1871 143 39 luminum,
1620 1871 95 39 apud
1680 1871 95 39 quem
1739 1871 83 39 non
1775 1871 83 39 inest

1065 1905 205 33 transmutatio,
1234 1905 84 33 aut
1282 1905 193 33 conversionis
1439 1905 181 33 obumbratio.
1584 1905 84 33 Sic
1632 1905 109 33 autem
1704 1905 145 33 vocatur,
1801 1905 60 33 non

1064 1937 102 32 tantum
1135 1937 81 32 quia
1186 1937 81 32 ipse
1237 1937 122 32 essentia
1328 1937 71 32 sua
1369 1937 71 32 lux
1410 1937 71 32 est
1450 1937 61 32 1.
1481 1937 81 32 Joh.
1532 1937 61 32 1.
1562 1937 92 32 vers.
1623 1937 61 32 5.
1654 1937 51 32 &
1674 1937 61 32 in
1705 1937 81 32 luce
1755 1937 112 32 habitat

1067 1969 81 33 Dan.
1118 1969 61 33 2.
1148 1969 61 33 v.
1178 1969 71 33 22.
1219 1969 61 33 1.
1249 1969 81 33 Joh.
1300 1969 61 33 1.
1331 1969 61 33 v.
1361 1969 61 33 7.
1391 1969 91 33 eaque
1452 1969 142 33 inaccessa,
1564 1969 61 33 1.
1594 1969 81 33 Tim.
1645 1969 91 33 6.16.
1706 1969 71 33 sed
1746 1969 91 33 etiam
1797 1969 61 33 quia

1062 2001 105 34 autor
1133 2001 82 34 est
1179 2001 117 34 lucis,
1261 2001 82 34 seu
1308 2001 129 34 luminis
1402 2001 117 34 omnis,
1484 2001 82 34 tum
1531 2001 164 34 naturalis,
1660 2001 94 34 sive
1718 2001 70 34 in
1742 2001 117 34 communi-

1070 2033 126 38 natura,
1161 2033 92 38 sive
1218 2033 69 38 in
1253 2033 126 38 Angelis
1344 2033 57 38 &
1367 2033 160 38 hominibus,
1493 2033 92 38 quos
1550 2033 92 38 luce
1607 2033 137 38 rationis
1699 2033 160 38 illustravit:

1060 2067 76 35 tum
1103 2067 86 35 luci
1157 2067 130 35 gratiae,
1255 2067 86 35 quae
1309 2067 65 35 ad
1341 2067 97 35 lucem
1406 2067 119 35 naturae
1492 2067 140 35 singulari
1600 2067 140 35 beneficio
1709 2067 140 35 accessit,
1806 2067 43 35 in

1059 2100 129 37 Angelis
1153 2100 94 37 inde
1212 2100 71 37 ab
1247 2100 118 37 initio
1330 2100 165 37 creationis
1459 2100 129 37 ipsorum
1553 2100 176 37 constanter,
1694 2100 71 37 in
1718 2100 141 37 hominibus.

1059 2131 105 38 autem
1130 2131 117 38 partim
1211 2131 117 38 initio
1293 2131 164 38 creationis
1422 2131 94 38 ante
1481 2131 129 38 lapsum,
1574 2131 117 38 partim
1656 2131 94 38 post
1715 2131 117 38 lapsum
1785 2131 70 38 per-

1054 2169 211 34 regenerationem,
1232 2169 122 34 accensa
1321 2169 67 34 in
1354 2169 167 34 regeneratis
1487 2169 89 34 luce
1543 2169 111 34 fidei,
1621 2169 67 34 2.
1654 2169 89 34 Cor.
1710 2169 67 34 4.
1743 2169 89 34 luce
1787 2169 56 34 bo-

1061 2197 115 35 norum
1138 2197 140 35 operum,
1240 2197 102 35 quae
1304 2197 179 35 opponuntur
1444 2197 153 35 peccatis
1559 2197 140 35 tanquam
1661 2197 153 35 operibus
1764 2197 89 35 tene-

1054 2230 121 42 brarum,
1142 2230 88 42 Rom.
1197 2230 77 42 13.
1242 2230 66 42 v.
1275 2230 77 42 12.
1319 2230 88 42 luce
1374 2230 199 42 consolationis.
1540 2230 110 42 Psalm.
1617 2230 77 42 27.
1661 2230 66 42 v.
1694 2230 66 42 1.
1716 2230 144 42 praelucente

1055 2262 80 40 luce
1105 2262 90 40 verbi
1165 2262 80 40 Dei,
1215 2262 90 40 Psal.
1275 2262 80 40 119.
1325 2262 60 40 v.
1355 2262 80 40 105.
1405 2262 80 40 luce
1455 2262 140 40 Evangelii,
1565 2262 60 40 I.
1595 2262 80 40 Joh.
1645 2262 60 40 5.
1675 2262 60 40 v.
1705 2262 70 40 35.
1745 2262 60 40 2.
1775 2262 80 40 Cor.
1815 2262 40 40 4.

1057 2293 65 38 v.
1090 2293 65 38 6.
1122 2293 65 38 de
1154 2293 86 38 luce
1208 2293 86 38 illa
1263 2293 108 38 mundi,
1338 2293 97 38 nempe
1403 2293 130 38 Christo,
1500 2293 108 38 Matth.
1576 2293 65 38 v.
1608 2293 76 38 16.
1652 2293 97 38 Lucae
1716 2293 65 38 2.
1749 2293 86 38 vers
1792 2293 54 38 32.

1074 2325 101 36 Johan.
1144 2325 60 36 1.
1175 2325 91 36 vers.
1235 2325 60 36 4,
1265 2325 60 36 5,
1296 2325 50 36 9
1316 2325 50 36 &
1336 2325 81 36 cap.
1386 2325 60 36 3.
1417 2325 60 36 v.
1447 2325 71 36 19.
1487 2325 50 36 &
1507 2325 81 36 cap.
1558 2325 60 36 6.
1588 2325 60 36 v.
1618 2325 71 36 12.
1659 2325 91 36 cujus
1719 2325 101 36 itidem
1779 2325 71 36 prae-

1062 2360 124 42 cones,
1148 2360 87 42 imo
1198 2360 111 42 etiam
1272 2360 111 42 omnes
1346 2360 136 42 fideles
1445 2360 161 42 credentes
1569 2360 74 42 in
1606 2360 148 42 Christum
1717 2360 99 42 sunt
1766 2360 87 42 lux,-

1060 2389 106 45 Matth.
1135 2389 64 45 5.
1167 2389 74 45 14.
1209 2389 96 45 Ephes
1273 2389 64 45 5.
1294 2389 43 45 8.

1089 2420 194 43 Reperiuntur
1244 2420 78 43 in
1283 2420 103 43 Novo
1347 2420 181 43 Testamento
1490 2420 103 43 haec
1554 2420 116 43 etiam
1619 2420 116 43 nomina-

1084 2454 87 38 Eli.
1139 2454 98 38 Matt.
1204 2454 76 38 27.
1248 2454 76 38 46.
1292 2454 87 38 Eli,
1346 2454 87 38 Eli,
1401 2454 229 38 lama-sabachthani,
1598 2454 76 38 hoc
1641 2454 87 38 est,
1696 2454 87 38 Deus
1751 2454 76 38 mi,
1783 2454 66 38 Deus

1054 2488 77 35 mi,
1098 2488 77 35 cur
1142 2488 155 35 deseruisti
1264 2488 77 35 me?
1308 2488 88 35 Item
1364 2488 100 35 Eloi.
1430 2488 100 35 Marc.
1496 2488 77 35 15.
1540 2488 66 35 v.
1574 2488 77 35 34.
1618 2488 100 35 Eloi,
1684 2488 88 35 Eloi
1728 2488 122 35 lamma-

1062 2521 153 36 bachtani,
1180 2521 70 36 id
1215 2521 94 36 est,
1274 2521 94 36 Deus
1332 2521 94 36 mise
1391 2521 117 36 quibus
1473 2521 106 36 illud
1544 2521 164 36 Hebraicum,
1673 2521 82 36 hoc
1720 2521 94 36 vero
1767 2521 94 36 Syria-

1095 2555 51 37 n
1105 2555 61 37 est.

1089 2574 117 58 Abba,
1167 2574 104 58 quod
1232 2574 117 58 nomen
1310 2574 91 58 est
1362 2574 169 58 Syriacum,
1491 2574 65 58 &
1517 2574 104 58 idem
1582 2574 91 58 est
1634 2574 104 58 quod
1699 2574 130 58 Pater,
1777 2574 78 58 Rom.

1064 2619 49 46 8.
1080 2619 41 46 15.

1090 2645 122 41 Rήριος
1175 2645 134 41 σαρκωῳ,
1272 2645 134 41 Dominus
1370 2645 146 41 Sabaoth,
1479 2645 85 41 hoc
1528 2645 97 41 est,
1588 2645 182 41 exercituum,
1734 2645 85 41 Ro.
1783 2645 73 41 9.
1807 2645 49 41 v.

1063 2686 76 36 29.
1106 2686 86 36 Nisi
1160 2686 119 36 Dominus
1247 2686 119 36 Sabaoth
1333 2686 162 36 reliquisset
1463 2686 97 36 nobis
1528 2686 108 36 semen,
1603 2686 97 36 facti
1668 2686 140 36 fuissemus
1776 2686 65 36 ut
1798 2686 54 36 So-

1064 2719 97 40 doma,
1129 2719 54 40 &
1151 2719 140 40 Gomorrhae
1259 2719 119 40 similes
1345 2719 97 40 facti
1410 2719 151 40 fuissemus.
1529 2719 86 40 Jac.
1583 2719 65 40 5.
1615 2719 54 40 4
1637 2719 195 40 Vociferationes
1788 2719 65 40 eori

1075 2749 86 37 qui
1124 2749 185 37 messuerunt,
1272 2749 74 37 in
1308 2749 111 37 aures
1382 2749 123 37 Domini
1468 2749 135 37 Sabaoth
1567 2749 197 37 introierunt.
1727 2749 86 37 Hoc
1764 2749 98 37 nomine

1071 2781 110 37 summa
1144 2781 147 37 potentia
1255 2781 86 37 Deo
1304 2781 172 37 tribuitur:
1438 2781 159 37 exercitui
1561 2781 98 37 enim
1622 2781 123 37 nomine
1696 2781 159 37 intelligun-

1075 2820 76 30 tur
1118 2820 152 30 quaecunque
1238 2820 97 30 supra
1303 2820 119 30 caelum,
1389 2820 65 30 in
1422 2820 108 30 caelo,
1498 2820 54 30 &
1519 2820 87 30 inde
1573 2820 54 30 a
1595 2820 108 30 terrae
1671 2820 108 30 centro
1747 2820 65 30 ad
1768 2820 87 30 conve-

1063 2847 81 36 xam
1110 2847 104 36 usque
1179 2847 104 36 caeli
1248 2847 127 36 apsidem
1341 2847 139 36 ordinata
1445 2847 139 36 exstant,
1549 2847 116 36 quibus
1630 2847 127 36 omnibus
1722 2847 69 36 in
1757 2847 104 36 caelo
1814 2847 35 36 &

1069 2881 102 38 terra
1137 2881 181 38 cohonestatur
1284 2881 102 38 Deus,
1352 2881 113 38 sicuti
1431 2881 147 38 Imperator
1544 2881 147 38 numerosis
1658 2881 91 38 suis
1703 2881 147 38 exercitibus

1059 2913 123 37 Nomine
1145 2913 123 37 igitur
1232 2913 148 37 Sabaoth,
1343 2913 74 37 id
1380 2913 99 37 est,
1441 2913 173 37 exercituum
1577 2913 235 37 comprehenduntur
1763 2913 86 37 innu-

1069 2948 96 37 merae
1133 2948 127 37 legiones
1229 2948 149 37 Angelorum,
1345 2948 85 37 Gen.
1398 2948 74 37 32.
1441 2948 64 37 v.
1473 2948 64 37 1.
1505 2948 64 37 2.
1537 2948 96 37 Iacob
1600 2948 85 37 vero
1653 2948 96 37 abiit
1717 2948 117 37 itinere
1791 2948 64 37 suo,

1067 2978 165 33 veneruntque
1199 2978 66 33 ei
1232 2978 110 33 obviam
1309 2978 110 33 Angeli
1386 2978 88 33 Dei.
1441 2978 132 33 Dixitque
1540 2978 99 33 Iacob
1606 2978 77 33 cum
1650 2978 121 33 videret
1738 2978 88 33 eos,
1782 2978 77 33 acies

1063 3011 76 40 Dei
1107 3011 87 40 haec
1161 3011 87 40 est:
1215 3011 152 40 quapropter
1335 3011 120 40 vocavit
1422 3011 98 40 nomen
1487 3011 87 40 loci
1542 3011 109 40 illius
1618 3011 174 40 Machanajima.
1759 3011 65 40 2.
1781 3011 65 40 Reg.

1068 3042 61 32 0.
1098 3042 72 32 17.
1139 3042 61 32 Et
1170 3042 92 32 orans
1232 3042 113 32 Elisaus
1313 3042 102 32 dixit,
1385 3042 51 32 o
1406 3042 102 32 Iehova
1477 3042 92 32 aperi
1539 3042 102 32 quaeso
1610 3042 102 32 oculos
1682 3042 82 32 eius
1733 3042 61 32 ut
1764 3042 113 32 videat:

1060 3078 156 37 &aperiente
1182 3078 111 37 Iehova
1260 3078 111 37 oculos
1338 3078 100 37 pueri
1404 3078 111 37 illius
1482 3078 100 37 vidit
1549 3078 89 37 quod
1604 3078 89 37 ecce
1660 3078 89 37 mons
1716 3078 89 37 ille
1760 3078 89 37 plenu-

1070 3108 87 33 erat
1125 3108 98 33 equis
1190 3108 55 33 &
1212 3108 131 33 curribus
1310 3108 109 33 igneis
1387 3108 98 33 circa
1452 3108 142 33 Elisaeum.
1561 3108 87 33 Dan.
1616 3108 65 33 7.
1649 3108 65 33 v.
1681 3108 76 33 10.
1725 3108 109 33 Acuius
1791 3108 65 33 con-

1054 3135 122 44 spectus
1142 3135 111 44 flumus
1220 3135 100 44 ignis
1286 3135 122 44 manabat
1375 3135 144 44 prodiens,
1485 3135 77 44 cui
1529 3135 122 44 milliis
1618 3135 100 44 mille
1684 3135 188 44 ministrabant,
1828 3135 33 44 &
