2063 3490
440 177 103 57 III.
492 177 180 57 ἐπανδζρασις.

177 223 74 44 Ne
214 223 111 44 simus
288 223 136 44 duplici
387 223 111 44 animo
461 223 62 44 &
486 223 124 44 corde;
573 223 74 44 ne
610 223 111 44 simus
684 223 186 44 simulatores
833 223 62 44 &
845 223 99 44 dissi-

135 257 108 49 mula:
207 257 108 49 ores,
279 257 96 49 quia
339 257 96 49 Deus
399 257 120 49 noster
482 257 84 49 est
518 257 204 49 simplicissimus.

452 301 99 54 IV.
494 301 141 54 Παδlεία,

176 341 86 44 Cum
225 341 98 44 Deus
286 341 86 44 sit
335 341 233 44 simplicissimus;
532 341 160 44 studeamus
654 341 61 44 &
679 341 86 44 nos
728 341 110 44 verae
789 341 172 44 simplicitati

147 380 58 38 &
171 380 186 38 sinceritati:
322 380 70 38 ad
357 380 93 38 quam
415 380 81 38 nos
462 380 140 38 hortatur
566 380 140 38 Christus
671 380 116 38 Matth.
753 380 81 38 10.
799 380 70 38 v.
834 380 81 38 16.
869 380 93 38 Estote

146 417 152 37 prudentes
263 417 70 37 ut
298 417 163 37 terpentes,
427 417 58 37 &
450 417 152 37 simplices
567 417 70 37 ut
602 417 152 37 columbae.
718 417 70 37 Et
754 417 152 37 Apostolus
859 417 93 37 Paulus

148 453 113 34 Ephes.
227 453 68 34 6.
261 453 68 34 5.
295 453 102 34 Servi
363 453 159 34 auscultate
488 453 79 34 iis
533 453 79 34 qui
578 453 113 34 vestri
658 453 113 34 Domini
737 453 91 34 sunt
794 453 136 34 secundum
884 453 57 34 ca-

148 484 91 38 nem,
205 484 80 38 cum
250 484 114 38 timore
330 484 68 38 ac
364 484 137 38 tremore,
467 484 80 38 cum
513 484 182 38 simplicitate
661 484 114 38 cordis
741 484 114 38 vestri
821 484 68 38 ut
843 484 103 38 Christo

148 518 171 43 quemadmodum
284 518 114 43 Paulus
364 518 103 43 etiam
433 518 68 43 de
467 518 68 43 se
501 518 114 43 inquit
581 518 68 43 2.
615 518 91 43 Cor.
672 518 68 43 1.
706 518 68 43 v.
741 518 80 43 12.
786 518 91 43 Haec
843 518 80 43 est
878 518 68 43 glo-

157 553 110 42 riatio
234 553 88 42 mea,
289 553 165 42 testimonium
422 553 132 42 scilicet
521 553 165 42 constantiae
653 553 99 42 meae,
719 553 88 42 quod
775 553 66 42 in
797 553 165 42 simplicitate.

157 585 82 33 Dei
204 585 140 33 versatus
309 585 82 33 sum
356 585 70 33 in
391 585 105 33 mundo
461 585 58 33 &
484 585 105 33 inter
543 585 70 33 vos:

472 617 81 57 V.
498 617 175 57 Πaρακλήσις.

184 663 99 54 Quia
246 663 99 54 Deus
308 663 87 54 est
357 663 236 54 simplicissimus;
556 663 99 54 ergo
618 663 62 54 &
643 663 87 54 nos
693 663 75 54 in
730 663 124 54 futura
817 663 99 54 vita
867 663 99 54 fiemus

153 698 200 50 simplicissimi
318 698 118 50 corde,
400 698 106 50 verbo
471 698 59 50 &
483 698 94 50 opere.

247 733 161 70 Hactenus
367 733 80 70 de
408 733 215 70 simplicitate
582 733 107 70 Dei:
649 733 161 70 sequitur
770 733 80 70 de
797 733 80 70 per-

467 783 166 52 fectione
578 783 69 52 Dei

393 860 277 51 CAPUT
547 860 154 51 IX.

367 903 86 65 In
410 903 101 65 quo
467 903 86 65 de
510 903 216 65 perfectione
669 903 86 65 Dei.

216 955 154 53 ERTECTIO
332 955 103 53 DEI,
396 955 90 53 est
447 955 193 53 essentialis
601 955 90 53 Dei
653 955 193 53 proprietas,
807 955 90 53 per
858 955 103 53 quam
910 955 51 53 in

238 1001 166 41 telligitur,
371 1001 144 41 essentiae
482 1001 122 41 divinae
571 1001 100 41 nihil
637 1001 100 41 plane
704 1001 122 41 deesse,
793 1001 78 41 sed
837 1001 100 41 omnia
892 1001 78 41 ipsam

237 1033 190 40 integerrimo
389 1033 101 40 modo
452 1033 76 40 ab
490 1033 139 40 aeteruo
591 1033 76 40 in
629 1033 152 40 aeternum
743 1033 114 40 atque
819 1033 114 40 etiam
882 1033 76 40 per-

154 1061 161 49 fectiones
277 1061 124 49 omnium
364 1061 111 49 rerum
438 1061 74 49 in
475 1061 74 49 se
512 1061 136 49 habere,
611 1061 111 49 atque
686 1061 111 49 aliis
760 1061 99 49 esse
822 1061 148 49 exemplar
921 1061 49 49 ad

165 1102 123 37 causam
251 1102 110 37 omnis
324 1102 208 37 perfectionis,
496 1102 135 37 Naturae
594 1102 61 37 &
606 1102 110 37 Gratiae

322 1137 121 48 Dicitur
410 1137 154 48 ἀυταρκεια,
531 1137 66 48 id
564 1137 88 48 est,
618 1137 176 48 Sufficientia
750 1137 66 48 Dei.

195 1181 155 39 Perfectum
314 1181 72 39 id
350 1181 143 39 dicitur,
457 1181 83 39 cui
505 1181 107 39 nihil
577 1181 119 39 deest.
660 1181 95 39 Quod
720 1181 119 39 potest
803 1181 83 39 vel
839 1181 131 39 privative

166 1221 79 39 vel
211 1221 136 39 negative
313 1221 159 39 intelligi.
438 1221 113 39 Priori
517 1221 91 39 modo
573 1221 125 39 dicitur
664 1221 159 39 perfectum,
789 1221 79 39 cui
834 1221 102 39 nihil
891 1221 79 39 deest

158 1260 101 35 quod
222 1260 76 35 ei
259 1260 139 35 debitum
361 1260 88 35 sit
411 1260 126 35 natura
500 1260 88 35 sua
550 1260 76 35 ad
588 1260 101 35 suam
651 1260 215 35 integritatem:
828 1260 63 35 &
853 1260 88 35 hoc
891 1260 76 35 modo

158 1290 110 34 multa
231 1290 98 34 sunt
292 1290 147 34 perfecta
402 1290 73 34 in
439 1290 98 34 suis
500 1290 159 34 speciebus
622 1290 86 34 vel
671 1290 171 34 generibus,
805 1290 86 34 non
854 1290 110 34 tamen
915 1290 49 34 su

172 1320 137 39 perfecta
274 1320 182 39 simpliciter.
422 1320 159 39 Posteriori
547 1320 91 39 modo
604 1320 125 39 dicitur
695 1320 159 39 perfectum,
820 1320 80 39 cui
854 1320 114 39 absolute

157 1359 114 39 nihil
233 1359 202 39 perfectionis
397 1359 126 39 deest.
485 1359 114 39 Atque
561 1359 88 39 hoc
612 1359 101 39 modo
675 1359 101 39 Deus
738 1359 164 39 perfectus
851 1359 114 39 dicitur

163 1386 148 47 absolute,
276 1386 91 47 quia
333 1386 102 47 nulla
402 1386 114 47 omnino
481 1386 68 47 ei
516 1386 102 47 deest
584 1386 159 47 perfectio,
709 1386 80 47 nec
755 1386 114 47 deesse
834 1386 125 47 potest,
914 1386 57 47 nec

153 1419 159 55 privative
275 1419 86 55 nec
312 1419 122 55 negative

192 1456 97 38 Unde
253 1456 97 38 ipse
314 1456 85 38 est
362 1456 97 38 Deus
423 1456 73 38 in
460 1456 73 38 se
496 1456 158 38 perfectus
618 1456 73 38 ab
654 1456 134 38 aeterno
752 1456 73 38 in
788 1456 158 38 aeternum,
910 1456 61 38 &
922 1456 49 38 o-

162 1488 115 40 mnium
239 1488 77 40 in
278 1488 115 40 aliis
355 1488 115 40 rebus
431 1488 205 40 perfectionum
598 1488 128 40 causa.
688 1488 90 40 Nam
739 1488 167 40 perfectio
867 1488 90 40 Dei
906 1488 64 40 non

154 1528 72 35 in
190 1528 72 35 eo
226 1528 119 35 tantum
309 1528 95 35 est,
369 1528 95 35 quod
428 1528 95 35 ipse
488 1528 107 35 nulla
560 1528 72 35 re
595 1528 95 35 opus
655 1528 131 35 habeat,
750 1528 83 35 sed
798 1528 107 35 etiam
870 1528 72 35 in
905 1528 83 35 hoc

162 1562 97 36 quod
223 1562 122 36 potest
308 1562 134 36 seipsum
405 1562 194 36 communicare,
563 1562 61 36 &
587 1562 97 36 alia
648 1562 97 36 sibi
709 1562 134 36 similia
806 1562 134 36 facere.
891 1562 73 36 Eoe-

158 1585 92 48 nim
210 1585 184 48 perfectius
355 1585 144 48 aliquid
460 1585 105 48 est,
525 1585 92 48 quo
578 1585 118 48 magis
656 1585 131 48 potest
748 1585 105 48 sibi
814 1585 131 48 simile
892 1585 79 48 pro

147 1628 111 37 creare.

199 1650 112 48 Omnes
273 1650 211 48 perfectiones,
447 1650 99 48 quae
509 1650 74 48 in
546 1650 112 48 rebus
621 1650 62 48 a
645 1650 87 48 Deo
695 1650 149 48 conditis
794 1650 174 48 reperiuntur.

166 1686 70 45 in
201 1686 82 45 Deo
248 1686 105 45 prius
318 1686 128 45 fuerunt
411 1686 222 45 perfectissimae,
598 1686 128 45 modoque
680 1686 175 45 perfectissimo

202 1718 95 44 Deum
262 1718 72 44 in
297 1718 72 44 se
333 1718 155 44 perfectum
452 1718 107 44 esse,
524 1718 83 44 cum
572 1718 167 44 testimonia
703 1718 167 44 Scripturae
834 1718 167 44 ostendunt,

165 1757 85 42 tum
214 1757 98 42 alia
262 1757 147 42 argumenta.

211 1788 159 42 Testimonia
335 1788 91 42 haec
392 1788 102 42 sunt,
460 1788 91 42 Job.
517 1788 79 42 37.
562 1788 68 42 v.
596 1788 79 42 15.
641 1788 125 42 Nostine
732 1788 68 42 de
766 1788 170 42 libramentis
891 1788 79 42 dense

163 1820 106 40 nubis,
238 1820 138 40 mirabilia
344 1820 74 40 Dei
386 1820 127 40 perfecti
482 1820 148 40 scientiis?
598 1820 106 40 Matth.
672 1820 64 40 5.
704 1820 64 40 v.
736 1820 85 40 ult.
789 1820 106 40 Estote
863 1820 106 40 igitur
927 1820 53 40 vos

165 1854 121 48 perfecti,
258 1854 56 48 ut
286 1854 84 48 Pater
342 1854 93 48 vester
407 1854 84 48 ille,
463 1854 65 48 qui
500 1854 65 48 est
537 1854 56 48 in
565 1854 102 48 caelis,
639 1854 121 48 perfectus
723 1854 56 48 est;

382 1894 196 54 Argumenta
532 1894 120 54 alia
608 1894 120 54 haec
668 1894 105 54 sunt:

192 1948 73 47 I.
228 1948 146 47 Quicquid
337 1948 133 47 necesse
434 1948 85 47 est
483 1948 121 47 maxime
568 1948 73 47 in
604 1948 97 47 actu
665 1948 109 47 esse,
738 1948 73 47 id
774 1948 121 47 maxime
859 1948 85 47 est
895 1948 73 47 per

151 1984 130 43 fectum:

193 2004 75 50 At
230 2004 100 50 Deum
292 2004 137 50 necesse
392 2004 87 50 est
442 2004 125 50 maxime
529 2004 75 50 in
567 2004 100 50 actu
617 2004 87 50 esse:

203 2046 101 50 Ergo
267 2046 101 50 Deus
330 2046 89 50 est
381 2046 127 50 maxime
457 2046 139 50 perfectus

198 2069 85 53 II.
247 2069 85 53 Cui
295 2069 122 53 nullum
381 2069 110 53 deest
454 2069 122 53 bonum,
540 2069 73 53 is
576 2069 85 53 est
613 2069 134 53 perfectus

203 2113 94 38 Deo
256 2113 134 38 nullum
350 2113 121 38 deest
417 2113 107 38 bonum.

194 2147 104 47 Ergo
259 2147 104 47 Deus
324 2147 91 47 est
363 2147 143 47 perfectus

207 2171 100 53 III.
269 2171 149 53 Quicquid
381 2171 100 53 unum
443 2171 87 53 est
493 2171 62 53 &
518 2171 237 53 simplicissimum,
717 2171 75 53 id
754 2171 112 53 certe
829 2171 87 53 est
866 2171 100 53 perfe-

171 2210 121 42 ctum.
251 2210 94 42 Nam
305 2210 94 42 quo
359 2210 108 42 quid
426 2210 94 42 est
480 2210 121 42 magis
561 2210 108 42 unum
628 2210 67 42 &
655 2210 202 42 simplicius,
817 2210 81 42 eo
857 2210 94 42 est
897 2210 81 42 per

149 2252 129 38 fectius:

209 2269 70 53 At
244 2269 94 53 Deus
303 2269 82 53 est
350 2269 94 53 unus
409 2269 59 53 &
432 2269 223 53 simplicissimus:
620 2269 94 53 Ergo
679 2269 82 53 est
714 2269 141 53 perfectus.

371 2308 359 41 OBIECTIONES

197 2333 66 53 I.
230 2333 77 53 Qui
274 2333 100 53 omnia
341 2333 100 53 fecit
407 2333 122 53 propter
496 2333 166 53 semetipsum,
628 2333 66 53 is
661 2333 77 53 non
706 2333 77 53 est
750 2333 66 53 in
783 2333 66 53 se
805 2333 133 53 perfectus:

195 2380 95 44 Deus
254 2380 107 44 omnia
326 2380 107 44 fecit
397 2380 130 44 propter
480 2380 154 44 semetipsum:

212 2412 83 50 Ergo
263 2412 73 50 non
305 2412 73 50 est
346 2412 62 50 in
377 2412 62 50 se
398 2412 114 50 perfectus

201 2436 104 54 RESP.
271 2436 81 54 per
317 2436 207 54 distinctionem:
490 2436 81 54 Qui
536 2436 104 54 omnia
605 2436 104 54 fecit
674 2436 127 54 propter
766 2436 173 54 semetipsum,
904 2436 81 54 sed

164 2468 74 57 li
201 2468 74 57 et
237 2468 148 57 juvandum
348 2468 86 57 vel
397 2468 148 57 augendum
508 2468 74 57 re
545 2468 111 57 ulla,
619 2468 74 57 is
656 2468 98 57 ante
717 2468 86 57 non
766 2468 98 57 fuit
828 2468 172 57 perfectus.
951 2468 49 57 At

175 2508 96 43 Deus
235 2508 108 43 fecit
307 2508 108 43 omnia
379 2508 132 43 propter
475 2508 168 43 semetipsum
608 2508 108 43 scil.
680 2508 84 43 non
728 2508 144 43 juvandum
836 2508 84 43 vel
872 2508 96 43 augen-

177 2539 89 49 dum
228 2539 76 49 re
266 2539 114 49 ulla,
343 2539 89 49 sed
393 2539 140 49 propter
495 2539 76 49 se
533 2539 216 49 communicandum
711 2539 127 49 potius
800 2539 64 49 &
813 2539 165 49 patefacien-

172 2575 92 48 cium
230 2575 150 48 creaturis
346 2575 104 48 suis,
415 2575 81 48 cum
461 2575 92 48 haec
519 2575 116 48 natura
600 2575 92 48 boni
658 2575 92 48 sit,
716 2575 69 48 ut
750 2575 81 48 non
797 2575 116 48 tantum
878 2575 69 48 se
901 2575 69 48 con-

173 2613 125 53 servet,
264 2613 80 53 sed
309 2613 103 53 etiam
378 2613 103 53 aliis
446 2613 68 53 se
469 2613 148 53 communicet.

214 2633 78 55 II.
259 2633 78 55 Qui
303 2633 112 55 utitur
381 2633 101 55 opera
449 2633 134 55 aliorum,
549 2633 67 55 is
583 2633 78 55 non
627 2633 78 55 est
661 2633 134 55 perfectus:

221 2684 90 36 Deus
277 2684 113 36 utitur
356 2684 102 36 opera
424 2684 135 36 aliorum:
525 2684 102 36 Ergo,
582 2684 56 36 &c.

211 2708 98 48 RESP
272 2708 86 48 per
321 2708 221 48 distinctionem:
505 2708 86 48 Qui
554 2708 123 48 utitur
640 2708 110 48 opera
713 2708 147 48 aliorum,
824 2708 135 48 nimirum
910 2708 61 48 co-

182 2740 101 51 actus
249 2740 112 51 aliqua
327 2740 168 51 necessitate
462 2740 78 51 vel
507 2740 168 51 impotentia,
641 2740 67 51 is
675 2740 78 51 non
719 2740 78 51 est
764 2740 157 51 perfectus.
887 2740 67 51 At
910 2740 67 51 Deus

181 2774 108 45 opera
253 2774 180 45 creaturarum
397 2774 72 45 in
433 2774 144 45 operibus
541 2774 96 45 suis
602 2774 192 45 perficiendis
758 2774 120 45 utitur
842 2774 84 45 non
878 2774 96 45 coactu

184 2815 126 48 tiliqua
275 2815 172 48 necessitate
413 2815 80 48 vel
459 2815 172 48 impotentia,
596 2815 80 48 sed
642 2815 80 48 pro
688 2815 149 48 liberrima
803 2815 149 48 voluntate
917 2815 57 48 &
929 2815 57 48 bo-

182 2848 119 39 fetate
265 2848 95 39 sua,
324 2848 71 39 ut
360 2848 142 39 ostendat
467 2848 71 39 se
502 2848 131 39 utroque
597 2848 95 39 modo
657 2848 131 39 nimirum
752 2848 59 39 &
775 2848 95 39 sine
835 2848 107 39 illis
906 2848 59 39 &
918 2848 59 39 pe-

176 2882 108 42 illes
248 2882 108 42 posse
320 2882 168 42 quaecunque
452 2882 96 42 vult
512 2882 156 42 efficere:
631 2882 72 42 se
667 2882 120 42 omnium
751 2882 108 42 rerum
823 2882 60 42 &
847 2882 96 42 jure
907 2882 60 42 &
919 2882 60 42 po-

178 2909 133 43 testate
274 2909 96 43 ess:
335 2909 145 43 Dominum,
443 2909 145 43 posseque
551 2909 133 43 omnibus
648 2909 84 43 uti
696 2909 84 43 pro
744 2909 157 43 arbitrio:
865 2909 108 43 seque
925 2909 60 43 hoc

185 2950 118 40 eriam
263 2950 131 40 eximio
355 2950 65 40 &
381 2950 157 40 gratuito
499 2950 131 40 honore
590 2950 170 40 creaturas
721 2950 105 40 suas
786 2950 157 40 dignari,
904 2950 78 40 ut
930 2950 65 40 eas

189 2974 206 51 benesicentiae
359 2974 97 51 suae
419 2974 121 51 organa
504 2974 61 51 &
528 2974 121 51 operum
613 2974 158 51 divinorum
734 2974 182 51 administros
880 2974 133 51 faciat:

186 3019 61 40 2.
216 3019 81 40 Cor.
257 3019 30 40 3

217 3037 104 47 III.
282 3037 91 47 Qui
334 3037 155 47 requirit
450 3037 65 47 a
476 3037 117 47 nobis
554 3037 129 47 cultum
644 3037 65 47 &
670 3037 155 47 honorem,
787 3037 78 47 is
826 3037 91 47 non
877 3037 91 47 est
916 3037 78 47 per

173 3082 99 56 fectus

222 3101 96 58 Deus
282 3101 144 58 requirit
390 3101 60 58 a
414 3101 108 58 nobis
487 3101 120 58 cultum
571 3101 60 58 &
583 3101 120 58 honorem.

218 3149 92 48 Ergo
275 3149 92 48 Deus
332 3149 80 48 non
378 3149 80 48 est
413 3149 126 48 perfectus

218 3172 103 54 RESP
282 3172 90 54 per
334 3172 231 54 distinctionem.
526 3172 90 54 Qui
577 3172 154 54 requirit
692 3172 64 54 a
718 3172 115 54 nobis
795 3172 128 54 cultum
884 3172 64 54 &
897 3172 90 54 hono-

178 3215 91 53 rem,
235 3215 102 53 nempe
303 3215 68 53 ut
337 3215 91 53 ipsi
394 3215 125 53 aliquid
485 3215 91 53 inde
542 3215 137 53 accedat,
644 3215 68 53 is
679 3215 80 53 non
724 3215 80 53 est
770 3215 159 53 perfictus.
895 3215 68 53 At
918 3215 68 53 Deus

996 181 147 45 requirit
1106 181 61 45 a
1130 181 110 45 nobis
1204 181 122 45 cultum
1290 181 61 45 &
1314 181 147 45 honorem,
1424 181 86 45 non
1473 181 73 45 ut
1510 181 98 45 ipsi
1571 181 86 45 Deo
1620 181 122 45 alique
1706 181 122 45 iduris

1012 217 96 35 dat,
1072 217 84 35 sed
1120 217 72 35 ut
1156 217 84 35 nos
1204 217 132 35 doceat,
1299 217 96 35 quid
1359 217 72 35 in
1395 217 108 35 nobis
1467 217 96 35 boni
1527 217 96 35 esse
1587 217 132 35 debeat.
1682 217 120 35 Sicii:
1754 217 48 35 1-

1010 253 216 35 inobedientia
1185 253 68 35 &
1212 253 189 35 contumelia
1361 253 81 35 in
1401 253 122 35 Deum,
1482 253 95 35 non
1536 253 122 35 Deum,
1617 253 95 35 sed
1658 253 149 35 creaturas

1010 282 116 40 facit
1088 282 194 40 miseriorem:
1242 282 90 40 sic
1294 282 181 40 obedientia
1436 282 103 40 erga
1500 282 116 40 Deum,
1578 282 103 40 quae
1642 282 90 40 est
1694 282 90 40 cum
1733 282 77 40 egii

999 314 108 40 mente
1071 314 120 40 divina
1155 314 192 40 conformitas,
1311 314 84 40 non
1359 314 96 40 Dei,
1420 314 84 40 sed
1468 314 156 40 creaturae
1588 314 168 40 rationalis
1708 314 108 40 bonuta.

1007 348 57 40 &
1029 348 149 40 beatitudo
1133 348 57 40 est

1028 373 180 45 INSTANTIA:
1170 373 116 45 Atqui
1247 373 180 45 obedientia
1389 373 90 45 Deo
1440 373 180 45 tribuitur.

1033 410 114 41 RESP.
1109 410 89 41 Non
1160 410 102 41 quod
1224 410 102 41 Deus
1287 410 76 41 ea
1325 410 152 41 indigeat
1439 410 89 41 vel
1490 410 152 41 juvetur,
1604 410 89 41 sed
1655 410 102 41 quia
1706 410 114 41 honans.

1011 445 116 35 debent
1093 445 81 35 eam
1139 445 81 35 Deo
1185 445 151 35 praestare
1301 445 116 35 ordine
1382 445 162 35 justitiae,
1510 445 70 35 ut
1544 445 127 35 doretur
1637 445 104 35 Psal.
1707 445 70 35 16
1741 445 70 35 2.
1765 445 46 35 7.

1009 481 93 37 Ioho
1068 481 93 37 vae,
1126 481 128 37 Dominus
1219 481 93 37 meus
1277 481 82 37 es:
1324 481 105 37 bonum
1394 481 93 37 meum
1452 481 82 37 non
1499 481 93 37 tibi
1557 481 152 37 proderit.
1674 481 70 37 Et
1709 481 82 37 Ps.
1744 481 58 37 56.

1008 514 59 35 &
1032 514 178 35 sequentibus
1175 514 107 35 usque
1246 514 71 35 ad
1282 514 71 35 v.
1317 514 83 35 14.
1365 514 83 35 Non
1413 514 131 35 propter
1508 514 167 35 sacrificia
1639 514 83 35 tua
1686 514 119 35 arguum
1758 514 59 35 ii-

1005 549 164 37 holocausta
1134 549 82 37 tua
1181 549 94 37 sint
1239 549 105 37 coram
1310 549 70 37 me
1345 549 140 37 jugiter.
1450 549 82 37 Non
1497 549 140 37 accipiam
1602 549 59 37 e
1626 549 94 37 domo
1684 549 82 37 tua
1731 549 82 37 jus
1766 549 47 37 at

1009 587 90 31 cum,
1065 587 56 31 e
1087 587 112 31 caulis
1166 587 90 31 tuis
1222 587 123 31 hircos:
1312 587 90 31 Quum
1368 587 79 31 mea
1413 587 79 31 sit
1458 587 101 31 omnis
1525 587 112 31 bestia
1604 587 67 31 sy
1637 587 135 31 vestris,
1727 587 90 31 fueius

1008 615 70 35 in
1043 615 141 35 montibus
1149 615 117 35 mille.
1231 615 141 35 Agnoscam
1337 615 106 35 omnes
1408 615 141 35 uolucres
1513 615 141 35 montium,
1619 615 70 35 de
1654 615 106 35 nique
1713 615 94 35 ani

1009 647 77 35 lia
1053 647 132 35 agrestia
1152 647 88 35 sint
1207 647 99 35 penes
1273 647 77 35 me.
1317 647 66 35 Si
1350 647 143 35 esurirem,
1459 647 77 35 non
1503 647 121 35 dicerem
1591 647 99 35 tibi:
1657 647 77 35 nam
1701 647 77 35 mea
1745 647 77 35 est
1778 647 33 35 1

1008 681 68 35 ra
1042 681 180 35 habitabilis,
1188 681 56 35 &
1210 681 146 35 plenitudo
1323 681 101 35 ejus.
1390 681 68 35 An
1424 681 113 35 vescor
1503 681 101 35 carne
1571 681 158 35 robustorum
1694 681 101 35 juver
1751 681 56 35 co-

1006 713 90 35 rum,
1062 713 78 35 aut
1107 713 146 35 sanguinem
1219 713 135 35 hircorum
1320 713 101 35 bibo?
1387 713 67 35 Et
1421 713 90 35 Job.
1477 713 78 35 35.
1522 713 67 35 7.
1555 713 67 35 Si
1589 713 112 35 justus
1667 713 78 35 es,
1712 713 90 35 quid
1757 713 56 35 du-

1003 748 141 35 illitaut
1109 748 106 35 quide
1179 748 94 35 manu
1238 748 82 35 tua
1285 748 141 35 accipit?
1390 748 70 35 Et
1425 748 94 35 Luc.
1484 748 82 35 17.
1531 748 82 35 10.
1578 748 94 35 Quum
1636 748 152 35 feceritis
1742 748 82 35 omnia

1016 779 88 42 quae
1071 779 142 42 praecepta
1180 779 88 42 sunt
1235 779 110 42 vobis,
1312 779 121 42 dicite,
1400 779 99 42 servi
1465 779 132 42 inutiles
1564 779 110 42 sumus:
1641 779 77 42 nam
1685 779 88 42 quod
1728 779 88 42 debui-

994 810 84 49 mus
1042 810 133 49 facere,
1127 810 121 49 fecimus.

1043 837 165 54 INSTANTIA
1170 837 114 54 ALIA:
1247 837 127 54 Gloria
1336 837 140 54 spectat
1438 837 114 54 tamen
1514 837 76 54 ad
1552 837 127 54 illius
1641 837 191 54 felicitatem
1781 837 38 54 &

1006 878 192 47 perfectionem,
1164 878 79 47 cui
1198 878 124 47 tribuitur

1049 913 86 43 Ergo
1103 913 75 43 Deo
1146 913 118 43 aliquid
1232 913 129 43 accedit.

1044 935 111 43 RESP.
1118 935 173 43 Ambiguitas
1253 935 86 43 est
1302 935 74 43 in
1339 935 123 43 nomine
1426 935 136 43 gloriae
1524 935 99 43 Dei.
1586 935 86 43 Nam
1635 935 123 43 Gloria
1721 935 86 43 Dei
1758 935 62 43 in-

1016 980 113 34 terdum
1095 980 158 34 significat
1219 980 135 34 virtutes
1320 980 68 34 in
1354 980 90 34 ipso
1410 980 79 34 Deo
1455 980 158 34 existentes
1579 980 56 34 &
1602 980 101 34 opera
1669 980 124 34 divina,
1760 980 79 34 eo¬

1014 1016 118 37 rumque
1097 1016 141 37 intuitum
1202 1016 59 37 &
1226 1016 200 37 approbationem
1391 1016 71 37 in
1426 1016 94 37 Deo.
1485 1016 106 37 atque
1555 1016 82 37 sic
1602 1016 94 37 illi
1661 1016 59 37 a
1685 1016 118 37 nemine
1755 1016 59 37 da-

1015 1051 68 30 ri
1049 1051 125 30 gloria,
1139 1051 79 30 nec
1185 1051 113 30 minui,
1264 1051 136 30 augerive
1366 1051 125 30 potest,
1456 1051 79 30 sed
1502 1051 68 30 in
1536 1051 91 30 ipso
1592 1051 91 30 fuit
1649 1051 57 30 &
1672 1051 102 30 manet
1728 1051 91 30 semper

1011 1077 118 37 eadem,
1094 1077 106 37 juxta
1165 1077 118 37 dictum
1248 1077 95 37 Joh.
1307 1077 83 37 17.
1354 1077 71 37 5.
1390 1077 154 37 Glorifiia
1508 1077 71 37 me
1543 1077 106 37 Pater
1614 1077 118 37 gloria
1697 1077 95 37 quam
1756 1077 71 37 in
1780 1077 47 37 e-

1011 1108 83 40 bui
1058 1108 94 40 apud
1117 1108 83 40 te,
1164 1108 141 40 antequam
1271 1108 118 40 mundus
1353 1108 130 40 fieret.
1447 1108 141 40 Interdum
1554 1108 94 40 vero
1613 1108 165 40 significat
1730 1108 83 40 igni-

1005 1147 129 32 tionem
1096 1147 65 32 &
1121 1147 220 32 celebrationem
1302 1147 168 32 bonitatis
1431 1147 65 32 &
1457 1147 129 32 operum
1548 1147 103 32 Dei,
1612 1147 90 32 non
1664 1147 78 32 in
1703 1147 103 32 Deo,
1754 1147 65 32 sud

1005 1178 69 41 in
1039 1178 149 41 creaturis
1153 1178 183 41 rationalibus
1302 1178 183 41 exsistentem:
1450 1178 126 41 ideoque
1542 1178 103 41 minor
1610 1178 57 41 &
1633 1178 103 41 major
1702 1178 103 41 fieti
1759 1178 57 41 po-

1021 1213 109 44 test,
1093 1213 60 44 &
1117 1213 181 44 amplificata
1262 1213 84 44 vel
1310 1213 157 44 imminuta,
1431 1213 84 44 non
1479 1213 96 44 Dei,
1540 1213 84 44 sed
1588 1213 157 44 creaturae
1696 1213 133 44 bonuatem,

1011 1244 180 37 felicitatem
1155 1244 60 37 &
1179 1244 192 37 perfectionem
1336 1244 108 37 auget
1408 1244 84 37 vel
1444 1244 132 37 imminuit.

1042 1276 78 47 IV.
1087 1276 78 47 Cui
1131 1276 157 47 celebratio
1255 1276 56 47 &
1277 1276 157 47 obedientia
1400 1276 112 47 aostra
1479 1276 134 47 prodest,
1580 1276 67 47 is
1613 1276 78 47 non
1658 1276 78 47 est
1703 1276 67 47 in
1736 1276 67 47 se
1759 1276 67 47 per

998 1301 108 53 fectus:

1048 1324 67 62 At
1081 1324 78 62 qui
1126 1324 78 62 Deo
1171 1324 156 62 celebratio
1294 1324 56 62 &
1316 1324 156 62 obedientia
1439 1324 112 62 rostra
1517 1324 134 62 prodest:
1617 1324 101 62 Ergo,
1673 1324 56 62 &c.

1046 1378 115 42 RESP.
1123 1378 115 42 Minor
1199 1378 89 42 est
1250 1378 127 42 falsa:
1339 1378 89 42 Nam
1390 1378 89 42 Deo
1441 1378 115 42 neque
1518 1378 166 42 commodare
1645 1378 115 42 neque
1709 1378 102 42 incom-

1019 1409 128 34 modare
1109 1409 154 34 quisquam
1224 1409 141 34 potest:
1327 1409 64 34 &
1352 1409 102 34 vera
1416 1409 90 34 Dei
1467 1409 141 34 agnitio
1570 1409 64 34 &
1595 1409 192 34 celebrario,
1736 1409 90 34 quem-

1017 1447 131 42 admodum
1112 1447 95 42 tota
1172 1447 83 42 cum
1219 1447 95 42 ipso
1278 1447 178 42 conformitas
1421 1447 83 42 non
1469 1447 131 42 illius,
1564 1447 83 42 sed
1611 1447 154 42 ercaturae
1730 1447 83 42 est
1766 1447 59 42 fe-

1020 1476 113 46 dicitas
1102 1476 51 46 &
1112 1476 123 46 perfectio-

1051 1500 66 53 V.
1084 1500 77 53 Cui
1128 1500 121 53 debetur
1217 1500 166 53 obedientia,
1349 1500 66 53 is
1382 1500 66 53 in
1415 1500 66 53 se
1448 1500 77 53 non
1492 1500 77 53 est
1526 1500 132 53 perfectus:

1047 1540 69 46 At
1082 1540 81 46 Deo
1128 1540 127 46 debetur
1221 1540 173 46 obedientia.
1359 1540 104 46 Ergo,
1417 1540 58 46 &c.

1057 1574 110 39 RESP.
1130 1574 86 39 per
1179 1574 220 39 distinctionem.
1363 1574 86 39 Cui
1412 1574 135 39 debetur
1510 1574 184 39 obedientia,
1657 1574 135 39 nimirum
1743 1574 73 39 quui

1019 1610 88 40 ipse
1074 1610 77 40 hac
1118 1610 142 40 indigeat,
1227 1610 77 40 vel
1271 1610 66 40 ei
1304 1610 132 40 quicquam
1403 1610 77 40 per
1446 1610 77 40 eam
1490 1610 132 40 accedat,
1589 1610 66 40 is
1622 1610 77 40 non
1666 1610 77 40 est
1709 1610 66 40 in
1731 1610 88 40 super-

1030 1646 126 32 jectus:
1121 1646 68 32 At
1155 1646 80 32 Deo
1201 1646 126 32 debetur
1292 1646 171 32 obedientia,
1429 1646 80 32 non
1475 1646 91 32 quod
1532 1646 91 32 ipse
1589 1646 80 32 hac
1634 1646 148 32 indigeat,
1749 1646 80 32 vel
1783 1646 34 32 e

1030 1678 140 40 quicquam
1136 1678 82 40 per
1182 1678 82 40 eam
1229 1678 140 40 accedat,
1335 1678 82 40 sed
1381 1678 129 40 ratione
1475 1678 164 40 justitiae.
1604 1678 82 40 Non
1650 1678 94 40 enim
1709 1678 105 40 ille,
1767 1678 59 40 sed

1025 1713 84 37 nos
1073 1713 60 37 a
1097 1713 179 37 perfectione
1240 1713 191 37 excideremus,
1395 1713 72 37 si
1431 1713 179 37 obedientiam
1574 1713 72 37 ei
1610 1713 84 37 non
1646 1713 179 37 praestaremus.

1056 1744 75 39 VI.
1099 1744 75 39 Cui
1142 1744 117 39 aliquid
1227 1744 117 39 accedit
1312 1744 64 39 ex
1344 1744 107 39 nostra
1419 1744 149 39 obedietia,
1536 1744 64 39 is
1568 1744 75 39 non
1610 1744 75 39 est
1653 1744 64 39 in
1685 1744 64 39 se
1706 1744 128 39 perfectus:

1063 1776 77 44 Deo
1107 1776 121 44 aliquid
1195 1776 121 44 accedit
1282 1776 66 44 ex
1315 1776 110 44 nostra
1392 1776 164 44 obedientia:
1523 1776 99 44 Ergo,
1578 1776 55 44 &c.

1058 1808 98 47 Minor
1124 1808 142 47 probatur:
1233 1808 76 47 Qui
1276 1808 87 47 boni
1331 1808 120 47 aliquid
1418 1808 131 47 percipit
1516 1808 65 47 ex
1549 1808 109 47 nostra
1626 1808 164 47 obedientia,
1757 1808 65 47 ei
1778 1808 44 47 a-

1017 1837 112 54 liquid
1095 1837 90 54 inde
1140 1837 112 54 accedit:

1057 1871 89 43 Deus
1112 1871 89 43 boni
1168 1871 122 43 aliquid
1257 1871 133 43 percipit
1357 1871 67 43 ex
1390 1871 111 43 nostra
1457 1871 144 43 obedientia:

1058 1907 90 42 Ergo
1114 1907 79 42 Deo
1159 1907 124 42 aliquid
1250 1907 90 42 inde
1295 1907 90 42 accedi

1053 1941 108 41 Hujus
1125 1941 205 41 prosyllogismi
1294 1941 108 41 minor
1366 1941 84 41 sic
1402 1941 133 41 probatur:

1054 1974 76 49 Qui
1097 1974 119 49 letatur
1184 1974 108 49 nostra
1260 1974 162 49 obedientia,
1390 1974 65 49 is
1422 1974 119 49 aliquid
1509 1974 87 49 boni
1563 1974 65 49 ex
1595 1974 65 49 ea
1617 1974 119 49 percipit:

1055 2004 67 45 At
1088 2004 89 45 Deus
1144 2004 123 45 letatur
1234 2004 112 45 nostra
1312 2004 168 45 obedientia.
1446 2004 101 45 Ergo,
1502 2004 56 45 &c.

1050 2039 108 46 RESP.
1122 2039 84 46 per
1170 2039 216 46 distinctionem.
1350 2039 84 46 Qui
1398 2039 132 46 letatur
1493 2039 120 46 nostra
1577 2039 180 46 obedientia:
1721 2039 108 46 nempe
1781 2039 48 46 ut

1022 2072 96 42 eausa
1086 2072 138 42 laetitiae
1193 2072 64 42 in
1225 2072 96 42 ipso,
1289 2072 64 42 is
1321 2072 117 42 aliquid
1406 2072 85 42 boni
1459 2072 64 42 ex
1491 2072 64 42 ea
1523 2072 138 42 percipit.
1629 2072 75 42 Jam
1672 2072 85 42 Deus
1715 2072 106 42 laetatur

1011 2115 115 34 nostra
1092 2115 173 34 obidientia,
1231 2115 69 34 at
1265 2115 81 34 non
1312 2115 69 34 ut
1346 2115 104 34 causa
1415 2115 150 34 laetitiae
1531 2115 69 34 in
1566 2115 104 34 ipso.
1635 2115 81 34 Non
1681 2115 92 34 enim
1727 2115 104 34 nostrae

1012 2142 139 36 virtutes
1117 2142 151 36 laetitiam
1232 2142 69 36 in
1267 2142 81 36 Deo
1313 2142 139 36 gignunt,
1418 2142 81 36 sed
1464 2142 127 36 latitia
1557 2142 93 36 sive
1615 2142 162 36 approbatio
1730 2142 93 36 divina

1013 2172 115 39 causa
1090 2172 90 39 est
1141 2172 141 39 bonorum
1243 2172 141 39 operum,
1346 2172 102 39 quae
1410 2172 102 39 sunt
1474 2172 77 39 in
1512 2172 179 39 hominibus,
1653 2172 115 39 juxta
1717 2172 102 39 dictum

1012 2206 113 36 Matth.
1091 2206 79 36 11.
1136 2206 79 36 25.
1181 2206 124 36 Gratias
1272 2206 79 36 ago
1317 2206 90 36 tibi
1373 2206 102 36 Pater
1441 2206 113 36 Domine
1520 2206 102 36 caeli
1588 2206 56 36 &
1610 2206 124 36 terrae,
1701 2206 90 36 quod
1746 2206 79 36 reve-

1018 2236 116 44 laveris
1103 2236 84 44 haec
1155 2236 158 44 infantibus:
1282 2236 95 44 etiam
1345 2236 105 44 Pater,
1419 2236 84 44 quia
1471 2236 74 44 ita
1514 2236 116 44 placuit
1587 2236 74 44 tibi.

1050 2271 89 42 VII.
1106 2271 78 42 Cui
1150 2271 123 42 aliquid
1239 2271 145 42 accessit,
1351 2271 67 42 is
1384 2271 78 42 non
1429 2271 89 42 fuit
1484 2271 111 42 semper
1551 2271 134 42 perfectus:

1057 2302 75 46 Deo
1100 2302 118 46 aliquid
1175 2302 107 46 accesst.

1048 2332 91 45 Ergo
1105 2332 91 45 Deus
1162 2332 80 45 non
1207 2332 91 45 fuit
1264 2332 114 45 semper
1332 2332 137 45 perfectus.

1047 2374 140 42 Minoris
1136 2374 216 42 prosyllogismus:

1060 2398 75 50 Qui
1103 2398 97 50 certo
1168 2398 118 50 tempore
1254 2398 108 50 factus
1329 2398 75 50 est
1372 2398 86 50 quod
1426 2398 86 50 ante
1480 2398 75 50 non
1523 2398 97 50 erat,
1587 2398 65 50 ei
1619 2398 118 50 aliquid
1695 2398 118 50 accessit:

1058 2439 86 33 Deus
1112 2439 96 33 certo
1176 2439 118 33 tempore
1262 2439 107 33 factus
1337 2439 86 33 est,
1390 2439 86 33 quod
1444 2439 96 33 antea
1508 2439 75 33 non
1551 2439 96 33 erat:
1615 2439 96 33 Ergo,
1668 2439 54 33 &c.

1050 2468 106 40 Minor
1121 2468 200 40 prosyllogismi
1285 2468 82 40 sic
1332 2468 153 40 probatur:
1450 2468 94 40 quia
1509 2468 94 40 post
1567 2468 165 40 creationem
1697 2468 106 40 demum
1755 2468 71 40 Deus

1020 2502 117 40 factus
1102 2502 82 40 est
1149 2502 129 40 Dominus
1243 2502 105 40 rerum
1313 2502 164 40 creatarum,
1442 2502 94 40 quod
1501 2502 94 40 ante
1559 2502 82 40 non
1606 2502 129 40 fuerat,
1700 2502 117 40 nullis
1770 2502 59 40 ad-

1024 2535 75 43 huc
1067 2535 138 43 creaturis
1163 2535 170 43 exsistentibus.

1050 2564 114 43 RESP.
1126 2564 76 43 ad
1164 2564 139 43 maiorem
1265 2564 214 43 propositionem
1442 2564 214 43 prosyllogismi
1618 2564 88 43 per
1656 2564 164 43 distinctio-

1031 2609 85 37 nem;
1084 2609 74 37 Qui
1127 2609 96 37 certo
1191 2609 117 37 tempore
1276 2609 106 37 factus
1350 2609 74 37 est
1393 2609 85 37 quod
1446 2609 85 37 ante
1499 2609 74 37 non
1541 2609 96 37 erat,
1605 2609 64 37 ei
1637 2609 117 37 aliquid
1711 2609 117 37 accessit,

1019 2640 103 34 nempe
1087 2640 69 34 si
1122 2640 69 34 id
1156 2640 92 34 quod
1213 2640 126 34 dicitur
1305 2640 115 34 factus
1385 2640 80 34 vel
1431 2640 149 34 absolutum
1546 2640 80 34 sit
1591 2640 57 34 &
1614 2640 137 34 absolute
1717 2640 69 34 ei
1740 2640 92 34 inesse

1024 2673 117 38 coepit:
1110 2673 75 38 vel
1152 2673 106 38 realis
1227 2673 117 38 relatio
1312 2673 85 38 sit,
1365 2673 85 38 quae
1418 2673 128 38 realiter
1514 2673 85 38 ipsi
1567 2673 138 38 inhaerere
1674 2673 96 38 certo
1727 2673 96 38 tempore

1033 2705 138 41 coepit.
1134 2705 88 41 Ssc
1184 2705 138 41 accepta
1285 2705 113 41 major
1361 2705 176 41 conceditur
1499 2705 88 41 Jam
1549 2705 75 41 ad
1587 2705 138 41 minorem
1675 2705 151 41 respondeo:

1028 2735 85 38 Deum
1082 2735 96 38 certo
1146 2735 117 38 tempore
1231 2735 107 38 factum
1306 2735 96 38 esse,
1370 2735 85 38 quod
1423 2735 85 38 ante
1477 2735 75 38 non
1519 2735 96 38 erat,
1583 2735 85 38 nepe
1637 2735 75 38 sic
1680 2735 64 38 ut
1712 2735 64 38 ei
1733 2735 96 38 inesset

1028 2766 127 40 coeperit
1124 2766 116 40 aliquid
1208 2766 95 40 novi,
1272 2766 85 40 sive
1324 2766 137 40 absolutum
1430 2766 74 40 sit
1473 2766 127 40 aliquid,
1568 2766 85 40 sive
1621 2766 116 40 relatio
1705 2766 116 40 realis,
1779 2766 53 40 ne-

1033 2807 105 41 gatur
1103 2807 93 41 Quod
1162 2807 93 41 vero
1220 2807 70 41 ad
1255 2807 175 41 probationem
1395 2807 128 41 minoris
1488 2807 117 41 istius
1570 2807 140 41 attinet,
1674 2807 93 41 illa
1721 2807 105 41 prorsus

1033 2844 85 31 est
1081 2844 133 31 aliena;
1178 2844 85 31 nam
1227 2844 97 31 etsi
1287 2844 97 31 post
1348 2844 170 31 creationem
1481 2844 109 31 demum
1554 2844 145 31 coeperit
1662 2844 97 31 Deus
1723 2844 97 31 esse
1771 2844 61 31 aut

1039 2869 100 39 dici
1101 2869 137 39 Dominus
1200 2869 112 39 rerum
1275 2869 174 39 creatarum:
1412 2869 112 39 tamen
1487 2869 87 39 Deo
1536 2869 112 39 nihil
1611 2869 100 39 novi
1673 2869 100 39 inde
1735 2869 124 39 acces¬

1033 2902 93 40 sit,
1092 2902 82 40 aut
1138 2902 93 40 ulla
1197 2902 105 40 facta
1267 2902 82 40 est
1313 2902 70 40 in
1348 2902 70 40 eo
1383 2902 140 40 mutatio;
1489 2902 93 40 quia
1547 2902 82 40 est
1594 2902 105 40 nomen
1664 2902 93 40 quod
1710 2902 117 40 relatio-

1035 2940 84 38 nem
1083 2940 108 38 inter
1155 2940 96 38 Deum
1215 2940 60 38 &
1239 2940 84 38 res
1286 2940 132 38 creatas
1382 2940 144 38 indicat,
1490 2940 72 38 ac
1526 2940 132 38 proinde
1622 2940 108 38 licet
1693 2940 72 38 in
1717 2940 108 38 tempore

1039 2980 86 30 non
1088 2980 111 30 autem
1162 2980 74 30 ab
1199 2980 136 30 aeterno
1298 2980 185 30 praedicetur
1446 2980 74 30 de
1483 2980 99 30 Deo,
1545 2980 123 30 nullam
1631 2980 111 30 tamen
1705 2980 86 30 rei
1742 2980 99 30 alicu-

1044 3007 73 39 us
1080 3007 109 39 novae
1153 3007 194 39 accessionem,
1310 3007 157 39 nullamque
1431 3007 170 39 mutationem
1565 3007 73 39 in
1601 3007 73 39 eo
1637 3007 121 39 ponit.
1710 3007 121 39 Quaecung

1039 3034 165 38 relationem
1169 3034 177 38 significant
1310 3034 106 38 inter
1381 3034 94 38 Deum
1440 3034 59 38 &
1463 3034 165 38 creaturas,
1593 3034 71 38 ea
1628 3034 118 38 quidem
1710 3034 82 38 non
1758 3034 71 38 ab
1781 3034 59 38 ae-

1031 3075 110 38 terno,
1108 3075 77 38 sed
1152 3075 66 38 in
1186 3075 121 38 tempore
1274 3075 66 38 de
1307 3075 77 38 Deo
1351 3075 144 38 dicuntur:
1462 3075 121 38 nullius
1550 3075 99 38 tamen
1616 3075 99 38 novae
1682 3075 77 38 rei
1716 3075 121 38 accessio.

1035 3106 82 40 nem
1082 3106 152 40 nullamque
1199 3106 164 40 mutationem
1328 3106 117 40 ponunt
1410 3106 70 40 in
1446 3106 94 40 Deo,
1504 3106 82 40 sed
1551 3106 117 40 tantum
1633 3106 70 40 in
1668 3106 164 40 creaturis.
1785 3106 59 40 Ra-

1030 3145 84 35 tio
1078 3145 96 35 est,
1138 3145 96 35 quia
1199 3145 157 35 creaturae
1319 3145 121 35 realem
1404 3145 121 35 habent
1488 3145 72 35 ad
1524 3145 96 35 Deum
1585 3145 181 35 relationem:
1729 3145 96 35 Deus
1778 3145 60 35 au-

1032 3176 87 35 tem
1081 3176 125 35 nullam
1169 3176 75 35 ad
1206 3176 162 35 creaturas
1331 3176 137 35 realem,
1431 3176 87 35 sed
1481 3176 150 35 rationis
1593 3176 150 35 duntaxat
1693 3176 150 35 relationem

1041 3208 133 42 nabet,
1134 3208 107 42 idem
1201 3208 133 42 semper
1294 3208 147 42 manens,
1401 3208 67 42 &
1427 3208 120 42 extra
1508 3208 147 42 ordinem
1614 3208 200 42 creaturarum
1761 3208 80 42 sem
