2063 3376
178 201 125 53 pariter
269 201 159 53 haereticos
394 201 114 53 statim
474 201 171 53 extinxisse;
610 201 80 53 non
656 201 102 53 tamen
724 201 91 53 quia
781 201 125 53 potuit,
872 201 148 53 extinxit.

184 231 156 44 Cportebat
304 231 96 44 enim
364 231 60 44 &
388 231 120 44 milvos
472 231 96 44 esse
532 231 180 44 haereticos:
677 231 156 44 oportebat
797 231 60 44 &
821 231 120 44 Patrem
893 231 96 44 cruci-

187 262 101 48 figi.
254 262 79 48 Hac
299 262 124 48 ratione
389 262 90 48 erit
446 262 124 48 aliquid
536 262 56 48 &
558 262 146 48 difficile
671 262 90 48 Deo,
727 262 68 48 id
761 262 135 48 scilicet
851 262 135 48 quodcunque

196 296 77 43 non
240 296 132 43 fecerit,
339 296 77 43 non
383 296 88 43 quia
438 296 77 43 non
482 296 143 43 potuerit,
592 296 77 43 sed
636 296 88 43 quia
691 296 143 43 noluerit.
801 296 77 43 Dei
845 296 88 43 enim
889 296 88 43 posse.

193 336 100 33 velle
259 336 89 33 est:
315 336 55 33 &
337 336 78 33 non
382 336 111 33 posse,
459 336 111 33 nolle:
537 336 89 33 quod
592 336 100 33 autem
659 336 122 33 voluit,
748 336 55 33 &
770 336 111 33 potuit
848 336 55 33 &
870 336 144 33 ostendit.

188 364 151 41 Praeclava
305 364 82 41 est
351 364 58 41 &
375 364 163 41 Theodoret:
503 364 163 41 seutentia,
631 364 93 41 quae
689 364 116 41 exstat
771 364 128 41 Dialog.
864 364 70 41 2.
887 364 105 41 Dominus

194 399 90 41 Deus
250 399 101 41 nihil
317 399 90 41 vult
373 399 112 41 eorum,
452 399 90 41 quae
508 399 79 41 non
553 399 90 41 sibi
609 399 112 41 suapte
688 399 112 41 natura
767 399 124 41 insunt:
856 399 112 41 potest
924 399 56 41 au-

189 432 81 42 tem
236 432 162 42 quaecunque
363 432 104 42 vult:
432 432 93 42 vult
490 432 104 42 autem
560 432 93 42 quae
618 432 93 42 sunt
676 432 127 42 naturae
768 432 93 42 suae
826 432 93 42 apta
884 432 58 42 &
895 432 93 42 conve

188 468 115 38 nientia.

233 485 101 53 VIII.
300 485 68 53 Si
334 485 113 53 corpus
413 485 124 53 Christi
503 485 79 53 est
548 485 113 53 ubique
627 485 68 53 in
661 485 124 53 terris,
751 485 79 53 ubi
796 485 68 53 in
830 485 101 53 Saera
898 485 101 53 Coena
954 485 45 53 e-

190 533 109 44 ditur:
266 533 76 44 est
310 533 87 44 ergo
365 533 120 44 ubique.
452 533 76 44 Sed
496 533 98 44 prius
561 533 87 44 est:
616 533 87 44 Ergo
670 533 55 44 &
681 533 131 44 posterius.

233 560 108 39 RESP.
305 560 144 39 Assumtio
412 560 84 39 est
448 560 96 39 falsa-

224 583 80 48 Eam
269 583 80 48 sic
315 583 137 48 probant:
417 583 137 48 Quicquid
520 583 57 48 a
542 583 148 48 fidelibus
656 583 114 48 editur
736 583 68 48 in
770 583 125 48 terris,
861 583 68 48 id
884 583 114 48 praesens

198 629 64 45 est
234 629 55 45 in
253 629 82 45 terris.

238 652 65 45 At
271 652 108 45 corpus
346 652 119 45 Christi
433 652 54 45 a
454 652 141 45 fidelibus
562 652 108 45 editur
638 652 65 45 in
660 652 97 45 terris:

228 693 85 40 Ergo
281 693 106 40 corpus
355 693 116 40 Christi
440 693 74 40 est
483 693 64 40 in
504 693 95 40 terris.

248 720 140 44 RESPON.
350 720 114 44 Primo
426 720 89 44 est
477 720 76 44 in
515 720 89 44 hac
566 720 178 44 probatione
706 720 178 44 amphibolia
846 720 76 44 ex
871 720 127 44 fallacia

194 754 190 40 compositionis
350 754 56 40 &
373 754 168 40 divisionis.
507 754 78 40 Nam
552 754 67 40 si
585 754 101 40 illud
652 754 67 40 in
686 754 123 40 terris,
775 754 145 40 referatur
887 754 67 40 ad
910 754 78 40 fide-

196 788 87 39 les,
250 788 54 39 &
272 788 174 39 intelligatur
413 788 65 39 de
446 788 141 39 fidelibus
555 788 185 39 exsistentibus
707 788 87 39 suis
761 788 152 39 corporibus
880 788 65 39 in
902 788 87 39 terris

199 828 91 34 vera
255 828 91 34 erit
312 828 147 34 assumtio:
425 828 79 34 Nam
471 828 113 34 corpus
550 828 125 34 Christi
641 828 113 34 editur
720 828 57 34 a
743 828 159 34 fidelibus,
867 828 79 34 qui
901 828 91 34 corpo-

205 851 101 45 ribus
272 851 90 45 suis
328 851 67 45 in
362 851 112 45 terris
440 851 157 45 exsistunt.
563 851 67 45 At
597 851 78 45 si,
642 851 168 45 quemadmodum
776 851 78 45 sit
821 851 67 45 ab
843 851 146 45 adversariis

197 893 148 33 veritatis,
314 893 138 33 referatur
420 893 74 33 vel
462 893 64 33 ad
494 893 106 33 corpus
568 893 127 33 Christi,
664 893 95 33 quasi
727 893 95 33 illud
791 893 64 33 in
822 893 106 33 terris
886 893 106 33 exsiste-

205 919 90 40 ret:
261 919 78 40 vel
306 919 67 40 ad
339 919 112 40 verbum
417 919 123 40 editur,
507 919 101 40 quasi
574 919 157 40 manducatio
697 919 134 40 corporis
798 919 112 40 fieret
876 919 67 40 in
898 919 90 40 terris

199 958 99 34 falsa
265 958 88 34 erit
320 958 143 34 assumtio.
429 958 77 34 Nam
473 958 66 34 in
506 958 77 34 usu
550 958 110 34 Sacrae
627 958 110 34 Coenae
704 958 77 34 nec
748 958 110 34 corpus
824 958 121 34 Christi
912 958 77 34 est
945 958 55 34 in-

204 992 115 32 terris,
287 992 84 32 quia
340 992 73 32 non
382 992 73 32 est
424 992 73 32 res
466 992 126 32 terrena:
560 992 73 32 sed
602 992 63 32 in
634 992 105 32 coelo,
707 992 84 32 quia
760 992 73 32 est
802 992 73 32 res
844 992 147 32 coelestis:
949 992 52 32 nec

200 1025 160 33 manducatur
325 1025 68 33 in
359 1025 125 33 terris,
451 1025 80 33 sed
496 1025 68 33 in
530 1025 125 33 coelis.
622 1025 68 33 Ut
656 1025 91 33 enim
713 1025 114 33 duplex
793 1025 80 33 est
838 1025 80 33 res
884 1025 68 33 in
918 1025 68 33 S.
941 1025 57 33 Eu-

205 1056 156 35 charistia,
328 1056 123 35 terrena
417 1056 56 35 &
439 1056 156 35 coelestis:
562 1056 78 35 ita
607 1056 156 35 manducatio
729 1056 112 35 quoque
807 1056 123 35 duplex,
886 1056 100 35 terrena

207 1085 145 39 coelestis.
321 1085 83 39 Illa
372 1085 72 39 est
414 1085 72 39 rei
455 1085 135 39 terrenae,
559 1085 93 39 nempe
621 1085 104 39 panis,
693 1085 52 39 &
714 1085 72 39 fit
755 1085 62 39 in
787 1085 114 39 terris:
869 1085 83 39 haec
921 1085 72 39 est
952 1085 52 39 rei

220 1117 152 35 coelestis,
339 1117 119 35 nimirum
426 1117 130 35 corporis
523 1117 130 35 Christi,
621 1117 54 35 &
642 1117 76 35 fit
686 1117 65 35 in
718 1117 108 35 coelis
794 1117 87 35 fide
848 1117 87 35 vera
902 1117 65 35 ac
924 1117 65 35 viva

216 1150 93 39 Vere
275 1150 128 39 fideles
368 1150 93 39 etii
426 1150 163 39 corporibus
554 1150 93 39 sint
612 1150 70 39 in
647 1150 116 39 terra,
728 1150 105 39 tamen
902 1150 105 39 ipsorum

220 1184 61 42 est
255 1184 52 42 in
272 1184 78 42 coelis.

242 1222 124 35 Secundo
332 1222 158 35 amphibolia
456 1222 79 35 est
502 1222 68 35 in
536 1222 124 35 phrasi,
626 1222 102 35 edere
694 1222 113 35 corpus
773 1222 136 35 Christi.
875 1222 79 35 Nam
920 1222 68 35 si
942 1222 57 35 in-

219 1250 179 38 telligatur,
362 1250 84 38 ore
410 1250 143 38 corporis
518 1250 119 38 sumere
601 1250 60 38 &
625 1250 143 38 dentibus
732 1250 167 38 comminuere
864 1250 60 38 &
876 1250 119 38 masticat

221 1287 75 35 re,
264 1287 54 35 &
286 1287 118 35 denique
372 1287 64 35 de
404 1287 118 35 glutire
490 1287 54 35 &
511 1287 64 35 in
544 1287 161 35 ventriculum
673 1287 150 35 demittere,
791 1287 150 35 falsissima
909 1287 75 35 est
941 1287 54 35 as-

228 1315 103 40 umtio.
300 1315 83 40 Ergo
352 1315 62 40 ut
383 1315 83 40 vera
434 1315 83 40 sit,
486 1315 114 40 necesse
569 1315 72 40 est
610 1315 83 40 alio
661 1315 93 40 sensu
723 1315 103 40 accipi
796 1315 114 40 phrasin
878 1315 93 40 edere
930 1315 62 40 cor-

226 1347 71 42 us
262 1347 142 42 Christi:
368 1347 83 42 Est
415 1347 106 42 autem
486 1347 106 42 nihil
557 1347 118 42 aliud,
640 1347 95 42 quam
699 1347 166 42 participem
830 1347 106 42 fieri
889 1347 118 42 corporis

223 1380 129 36 Christi
317 1380 211 36 spiritualiter,
493 1380 129 36 propter
587 1380 152 36 Christum,
704 1380 82 36 qui
751 1380 117 36 corpus
833 1380 94 36 suum
892 1380 70 36 in
915 1380 94 36 mortem

213 1412 81 43 pro
260 1412 104 43 nobis
329 1412 150 43 tradidit,
445 1412 139 43 accipere
549 1412 174 43 remissionem
688 1412 162 43 peccatorum
815 1412 58 43 &
838 1412 162 43 justitiam,
954 1412 46 43 ad

216 1446 163 36 regenerati
344 1446 70 36 ad
379 1446 105 36 vitam
449 1446 151 36 aeternam,
565 1446 93 36 unde
623 1446 93 36 unio
681 1446 116 36 nostri
763 1446 81 36 cum
809 1446 128 36 Christo
890 1446 105 36 arctis-

209 1475 96 34 sima
269 1475 155 34 probatur.
388 1475 84 34 Jam
436 1475 72 34 ut
472 1475 167 34 accipiamus
604 1475 179 34 remissionem
747 1475 179 34 peccatorum,
879 1475 132 34 justitiae

216 1507 124 39 donum,
302 1507 223 39 regenerationis
489 1507 223 39 benedictionem,
675 1507 74 39 ac
712 1507 186 39 spiritualem
861 1507 87 39 cum
898 1507 112 39 Christo

217 1539 134 47 unionem:
317 1539 78 47 non
362 1539 78 47 est
407 1539 89 47 opus
463 1539 145 47 corporali
575 1539 157 47 praesentia
698 1539 134 47 corporis
798 1539 134 47 Christi,
899 1539 78 47 sed
933 1539 78 47 fide.

249 1573 143 37 Instant:
356 1573 131 37 Fideles
451 1573 107 37 Sacra
523 1573 107 37 Coena
594 1573 131 37 utentes
689 1573 166 37 corporibus
820 1573 59 37 &
844 1573 143 37 animabus
939 1573 71 37 suis

221 1605 73 45 non
262 1605 84 45 sunt
315 1605 63 45 in
336 1605 73 45 coelo

253 1629 93 45 Ergo
312 1629 82 45 non
358 1629 151 45 manducant
475 1629 116 45 corpus
556 1629 128 45 Christi
649 1629 70 45 in
673 1629 82 45 coelo

253 1662 133 44 RESPON.
350 1662 109 44 Primo
507 1662 85 44 est
556 1662 121 44 omissa
641 1662 182 44 propositio:
786 1662 73 44 Si
822 1662 133 44 sideles
907 1662 97 44 corpo-

217 1706 106 33 ribus
288 1706 59 33 &
311 1706 141 33 animabus
417 1706 94 33 suis
476 1706 82 33 non
523 1706 94 33 sunt
581 1706 70 33 in
617 1706 117 33 coelo,
699 1706 70 33 no
734 1706 153 33 manducant
851 1706 117 33 corpus
922 1706 82 33 Chri-

209 1735 82 45 sti
256 1735 71 45 in
292 1735 118 45 coelo.
374 1735 82 45 Nam
421 1735 165 45 antecedens
551 1735 177 45 simpliciter
692 1735 200 45 intelligitur,
857 1735 82 45 cum
892 1735 118 45 secundum

210 1772 94 37 quid
269 1772 177 37 accipiendum
410 1772 94 37 sit:
469 1772 130 37 Fideles
564 1772 165 37 corporibus
693 1772 59 37 &
717 1772 118 37 animis
799 1772 94 37 suis
858 1772 82 37 non
905 1772 94 37 sunt
952 1772 59 37 in-

207 1801 118 36 coelo,
290 1801 130 36 nimirum
384 1801 106 36 quoad
455 1801 106 36 eorum
526 1801 165 36 essentiam:
656 1801 83 36 sed
703 1801 94 36 sunt
762 1801 71 36 in
797 1801 106 36 coelo
868 1801 106 36 animi
927 1801 83 36 fide-

207 1834 107 37 lium,
278 1834 107 37 quoad
349 1834 178 37 spiritualem
492 1834 166 37 facultatem
622 1834 118 37 fidei,
705 1834 59 37 &
728 1834 83 37 vim
776 1834 178 37 charitatis,
906 1834 95 37 quibu-

213 1867 141 36 tanquam
316 1867 102 36 alis
380 1867 128 36 animae
469 1867 166 36 elevantur
597 1867 77 36 in
636 1867 128 36 coelum
725 1867 77 36 ad
764 1867 218 36 communicandum
930 1867 77 36 cor-

214 1903 95 37 pori
274 1903 143 37 Christi:
381 1903 143 37 secundum
488 1903 95 37 quam
547 1903 178 37 spiritualem
690 1903 107 37 fidei
761 1903 166 37 facultatem
892 1903 59 37 &
904 1903 95 37 chari-

209 1932 103 38 tatis
277 1932 80 38 vim
323 1932 103 38 etiam
392 1932 172 38 conversatio
529 1932 114 38 nostra
609 1932 80 38 est
655 1932 69 38 in
689 1932 126 38 coelis,
781 1932 92 38 unde
838 1932 57 38 &
849 1932 149 38 exspectamus

208 1964 168 34 Servatorem.
343 1964 79 34 Sic
387 1964 157 34 Augustinus
511 1964 79 34 ait
556 1964 168 34 enarratione
691 1964 67 34 in
724 1964 101 34 Psal.
792 1964 79 34 85.
837 1964 101 34 Stans
904 1964 67 34 in
927 1964 67 34 ter-

211 1997 76 39 ra,
254 1997 65 39 in
287 1997 97 39 coelo
352 1997 76 39 es,
395 1997 65 39 si
427 1997 119 39 diligas
514 1997 97 39 Deum.
578 1997 76 39 Non
622 1997 86 39 enim
676 1997 76 39 sic
719 1997 119 39 levatur
805 1997 86 39 cor,
859 1997 119 39 quomodo
935 1997 54 39 lo-

208 2036 107 33 vatur
279 2036 131 33 corpus.
374 2036 119 33 Corpus
458 2036 71 33 ut
493 2036 143 33 levetur,
600 2036 107 33 locum
671 2036 119 33 mutat,
754 2036 83 33 cor
802 2036 71 33 ut
838 2036 154 33 elevetur,
944 2036 48 33 ve

203 2060 154 42 luntatem
319 2060 116 42 mtot.
396 2060 90 42 Sic
447 2060 116 42 monet
524 2060 116 42 Canon
601 2060 128 42 Niceni
691 2060 154 42 Cocilij:
806 2060 77 42 In
845 2060 128 42 divina
922 2060 77 42 men-

210 2093 73 39 sa
246 2093 73 39 ne
283 2093 158 39 humiliter
404 2093 133 39 intenti
501 2093 109 39 simus
574 2093 73 39 ad
610 2093 170 39 propositum
743 2093 109 39 panem
816 2093 61 39 &
840 2093 145 39 poculum,
949 2093 85 39 sed

205 2131 138 39 exaltata
309 2131 104 39 mente
378 2131 92 39 fide
436 2131 184 39 consideremus
586 2131 81 39 seu
632 2131 184 39 contemplemur
782 2131 104 39 situm
851 2131 92 39 esse
909 2131 69 39 in
932 2131 69 39 san-

208 2157 85 45 cta
257 2157 98 45 illa
318 2157 110 45 mensa
391 2157 110 45 Agnum
464 2157 85 45 Dei
513 2157 158 45 tollentem
634 2157 134 45 peccata
732 2157 122 45 mundi.
817 2157 85 45 Sic
854 2157 146 45 Augustinus

209 2193 86 34 ait
258 2193 110 34 libro
331 2193 74 34 de
368 2193 98 34 vera
430 2193 172 34 religione:
564 2193 147 34 Quotidie
675 2193 86 34 per
724 2193 159 34 universum
847 2193 123 34 orbem,
920 2193 86 34 huma-

207 2225 83 41 num
255 2225 119 41 genus,
338 2225 83 41 una
386 2225 95 41 pene
446 2225 95 41 voce
505 2225 167 41 respondet,
636 2225 119 41 Sursum
720 2225 107 41 corda
791 2225 72 41 se
827 2225 119 41 habere
911 2225 72 41 ad
934 2225 60 41 Do-

211 2259 122 31 minum.
296 2259 73 31 Et
333 2259 122 31 epist.
419 2259 98 31 146.
480 2259 73 31 ad
517 2259 135 31 Probam:
615 2259 232 31 AnimaChristiana
810 2259 86 31 non
859 2259 135 31 frustra
945 2259 61 31 au-

201 2291 93 35 dit,
259 2291 116 35 Sursum
341 2291 116 35 corda:
422 2291 81 35 nec
469 2291 128 35 frustra
562 2291 163 35 respondet,
689 2291 70 35 se
724 2291 116 35 habere
806 2291 70 35 ad
840 2291 139 35 Dominum.
933 2291 70 35 Sic-

208 2326 150 42 Chrysost.
324 2326 69 42 in
358 2326 69 42 1.
393 2326 138 42 Corinth.
497 2326 115 42 homil.
577 2326 81 42 24.
624 2326 127 42 Aquilas
716 2326 150 42 appellat,
831 2326 69 42 ut
866 2326 138 42 ostendat
958 2326 46 42 ad

211 2357 92 36 alta
269 2357 81 36 eum
315 2357 138 36 oportere
419 2357 173 36 contendere,
557 2357 81 36 qui
603 2357 69 36 ad
638 2357 81 36 hoc
684 2357 115 36 corpus
765 2357 138 36 accedit,
869 2357 58 36 &
892 2357 104 36 nihil
949 2357 58 36 cum

213 2385 98 48 terra
279 2385 109 48 debere
355 2385 65 48 ei
388 2385 87 48 esse
442 2385 131 48 commune,
540 2385 98 48 neque
606 2385 65 48 ad
638 2385 142 48 inferiora
747 2385 98 48 trahi
813 2385 65 48 ac
845 2385 120 48 repere:
933 2385 76 48 sed
965 2385 44 48 ad

211 2420 146 42 superiora
323 2420 112 42 semper
402 2420 124 42 volare,
492 2420 56 42 &
514 2420 67 42 in
548 2420 101 42 Solem
616 2420 146 42 justitiae
728 2420 135 42 intueri,
829 2420 146 42 mentisque
931 2420 67 42 ocu-

213 2448 94 49 lum
266 2448 202 49 acutissimum
428 2448 148 49 habere.
536 2448 175 49 Aquilarum
670 2448 121 49 enim,
751 2448 94 49 non
805 2448 188 49 graculorum
939 2448 81 49 haec

212 2483 104 40 mensa
269 2483 69 40 est.

238 2510 127 54 Instant
331 2510 173 54 adversarij:
470 2510 116 54 Corpus
550 2510 127 54 Christi
643 2510 81 54 est
689 2510 81 54 jam
735 2510 196 54 glorificatum:
897 2510 92 54 Ergo
943 2510 58 54 po-

202 2557 87 38 test
256 2557 87 38 esse
311 2557 108 38 ubique
387 2557 65 38 in
419 2557 119 38 terris,
506 2557 76 38 ubi
549 2557 98 38 Saera
614 2557 98 38 Coena
668 2557 174 38 administratur:

234 2586 112 41 RESP.
308 2586 87 41 Per
358 2586 199 41 retorsionem:
519 2586 87 41 Imo
569 2586 99 41 quia
631 2586 87 41 est
681 2586 87 41 jam
731 2586 211 41 glorificatum,
905 2586 87 41 non
942 2586 62 41 est

204 2613 65 41 in
237 2613 108 41 terris
312 2613 119 41 usquam,
399 2613 76 41 sed
442 2613 65 41 in
474 2613 108 41 coelo,
550 2613 86 41 quod
604 2613 97 41 sedes
668 2613 76 41 est
712 2613 119 41 gloriae
798 2613 119 41 ipsius,
884 2613 65 41 de
917 2613 76 41 qua
949 2613 54 41 ne-

214 2653 129 40 quaquam
308 2653 82 40 est
355 2653 175 40 detranendum
495 2653 70 40 in
530 2653 82 40 has
577 2653 164 40 miserrimas
706 2653 117 40 terras
787 2653 58 40 &
811 2653 70 40 in
846 2653 129 40 terrena
928 2653 70 40 hae-

214 2686 151 34 elementa.
330 2686 116 34 Deinde
412 2686 116 34 corpus
493 2686 128 34 Christi
586 2686 139 34 praesens
690 2686 81 34 est
737 2686 151 34 fidelibus
853 2686 70 34 in
887 2686 116 34 Coena,
957 2686 58 34 non

220 2720 142 37 quatenus
327 2720 201 37 glorificatum,
492 2720 83 37 sed
540 2720 142 37 quatenus
646 2720 71 37 in
682 2720 118 37 mortem
765 2720 142 37 traditum
871 2720 95 37 est,
930 2720 107 37 sicut

207 2752 107 40 verba
278 2752 130 40 Christi
373 2752 71 40 id
409 2752 83 40 nos
456 2752 130 40 docent,
551 2752 83 40 cum
598 2752 95 40 ait:
657 2752 83 40 Hoc
705 2752 83 40 est
752 2752 118 40 corpus
835 2752 95 40 meum
894 2752 95 40 quod
942 2752 59 40 pro

216 2782 106 36 vobis
287 2782 153 36 traditur.
405 2782 94 36 Ergo
464 2782 130 36 fideles
558 2782 200 36 contemplantur
723 2782 59 36 &
747 2782 165 36 percipiunt
876 2782 71 36 in
912 2782 83 36 usu
947 2782 59 36 Sa-

203 2814 91 31 crae
260 2814 114 31 Coenae
340 2814 126 31 corpus,
431 2814 80 31 non
477 2814 194 31 glorificatum,
637 2814 80 31 sed
683 2814 126 31 passum,
774 2814 80 31 sed
820 2814 172 31 crucifixum,
946 2814 57 31 sed

211 2845 143 38 mortuum,
318 2845 83 38 non
366 2845 119 38 aliter
449 2845 71 38 ac
485 2845 71 38 si
521 2845 95 38 ante
580 2845 119 38 oculos
664 2845 131 38 ipsorum
759 2845 107 38 esset
830 2845 119 38 corpus
902 2845 107 38 Christi

219 2882 89 39 pro
270 2882 115 39 ipsis
347 2882 128 39 passum
436 2882 64 39 &
462 2882 153 39 mortuum:
577 2882 115 39 Sicut
653 2882 64 39 &
679 2882 115 39 canon
756 2882 153 39 Concilij
871 2882 128 39 Niceni
947 2882 64 39 mo-

217 2910 92 37 net,
275 2910 104 37 nuper
344 2910 138 37 citatus.
448 2910 127 37 Tertio,
540 2910 115 37 corpus
621 2910 127 37 Christi
713 2910 81 37 non
759 2910 115 37 editur
840 2910 115 37 vivum,
921 2910 81 37 sed
955 2910 58 37 ma-

218 2938 113 43 ctatum
297 2938 113 43 nostra
376 2938 102 43 causa
444 2938 56 43 &
466 2938 135 43 mortuum,
568 2938 102 43 sicut
635 2938 135 43 Christus
737 2938 102 43 docet
805 2938 90 43 Joh.
861 2938 68 43 6.
895 2938 79 43 51.
929 2938 79 43 Panis

210 2973 92 38 quem
268 2973 81 38 ego
314 2973 104 38 dabo,
383 2973 92 38 caro
441 2973 81 38 mea
487 2973 92 38 est,
545 2973 92 38 quam
602 2973 81 38 ego
649 2973 92 38 dabo
706 2973 81 38 pro
752 2973 104 38 mundi
822 2973 104 38 vita.
891 2973 69 38 Et
925 2973 69 38 in
948 2973 58 38 in-

207 3010 163 41 stitutione
335 3010 128 41 Coenae:
428 3010 81 41 Hoc
475 3010 81 41 est
521 3010 116 41 corpus
602 3010 105 41 meum,
672 3010 93 41 quod
730 3010 81 41 pro
777 3010 105 41 vobis
846 3010 151 41 traditur.
963 3010 70 41 Et

220 3034 109 42 finis
293 3034 206 42 celebrationis
463 3034 121 42 Sacrae
548 3034 121 42 Coenae
633 3034 97 42 est,
693 3034 73 42 ut
730 3034 121 42 mortem
803 3034 194 42 DOMINIannuncio

210 3074 94 54 mus.
269 3074 176 54 Abominabile
409 3074 94 54 est,
468 3074 94 54 vivi
527 3074 152 54 animantis
644 3074 117 54 carnes
726 3074 117 54 edere;
808 3074 129 54 quantum
890 3074 105 54 flagit:

221 3104 68 34 um
255 3104 90 34 erit
311 3104 90 34 vivi
367 3104 124 34 hominis
457 3104 101 34 carne
514 3104 90 34 vesci:

255 3138 70 50 ta
290 3138 176 50 refutavimus
431 3138 164 50 praecinuas
560 3138 106 50 etiam
631 3138 176 50 ratiunculas
771 3138 211 50 adversariorum,
947 3138 82 50 qui

207 3173 82 45 bus
254 3173 152 45 ddstruere
371 3173 152 45 conantur,
488 3173 117 45 corpus
570 3173 129 45 Cheisti
664 3173 94 45 esse
722 3173 129 45 ubique:
816 3173 70 45 ex
851 3173 117 45 quarum
921 3173 82 45 resus

1024 174 137 60 tatione
1123 174 150 60 constat,
1235 174 112 60 verum
1310 174 100 60 esse
1372 174 199 60 ,
1534 174 150 60 Deitatis
1647 174 125 60 solius
1721 174 125 60 proprium

1036 222 88 52 isse,
1095 222 59 52 ut
1124 222 69 52 sit
1154 222 88 52 ubique,

1175 245 118 64 Nunc
1249 245 133 64 hujus
1337 245 192 64 attributi
1485 245 118 64 usum
1544 245 162 64 videamus.

1336 291 181 44 As-

1063 320 75 57 I.
1101 320 100 57 Deus
1164 320 113 57 supra
1239 320 113 57 omnes
1314 320 163 57 creaturas
1439 320 75 57 in
1477 320 163 57 infinitum
1602 320 138 57 eminet:
1702 320 100 57 quia
1764 320 88 57 est
1802 320 50 57 u

1071 393 83 41 Hoc
1119 393 142 41 firmiter
1225 393 83 41 est
1273 393 154 41 tenendum,
1391 393 71 41 ne
1426 393 95 41 ulli
1486 393 154 41 creaturae
1604 393 166 41 Ubiquitate
1723 393 118 41 tributa-

1036 428 111 46 Filij
1110 428 86 46 Dei
1159 428 62 46 &
1184 428 148 46 Spiritus
1295 428 123 46 Sancti
1381 428 148 46 Deitatem
1492 428 136 46 negandi
1590 428 99 46 ansa
1652 428 123 46 pravis
1726 428 111 46 homini-

1029 463 82 45 bus
1064 463 140 45 praebentur

1068 484 72 53 2.
1104 484 97 53 Deus
1165 484 133 53 noster,
1261 484 97 53 quem
1322 484 145 53 colimus,
1430 484 85 53 est
1479 484 109 53 verus
1551 484 109 53 Deus:
1624 484 97 53 quia
1684 484 85 53 est
1720 484 109 53 ubique.

1068 521 73 45 3.
1104 521 97 45 Deus
1165 521 157 45 unicuique
1286 521 133 45 nostrum
1383 521 85 45 est
1431 521 97 45 vere
1492 521 157 45 praesens;
1613 521 109 45 omnia
1686 521 121 45 videt,
1758 521 85 45 omnia

1034 557 113 43 audit,
1113 557 102 43 etiam
1181 557 125 43 intimis
1272 557 204 43 cogitationibus
1442 557 125 43 nostris
1533 557 170 43 intervenit:
1669 557 91 43 quia
1725 557 79 43 sua
1759 557 91 43 essen-

1045 592 71 37 ia
1081 592 83 37 est
1128 592 130 37 ubique.
1223 592 83 37 Hoc
1270 592 154 37 praeclare
1388 592 142 37 exposuit
1495 592 178 37 Athenagoras
1637 592 71 37 in
1672 592 154 37 Legatione
1779 592 71 37 pro-

1049 625 172 40 Christianis:
1480 625 140 40 ,
1631 625 129 40 ,
1814 625 32 40 &

1245 657 124 42 ,
1549 657 101 42 ,

1029 691 108 39 .
1101 691 84 39 Nos
1149 691 96 39 vero
1209 691 132 39 omnibus
1305 691 96 39 (non
1365 691 96 39 modo
1425 691 120 39 factis
1508 691 84 39 sed
1556 691 108 39 etiam
1628 691 228 39 Jcogitationibus
1808 691 36 39 &

1044 723 165 38 sermonibus
1174 723 141 38 nostris,
1280 723 83 38 tum
1327 723 106 38 noctu
1398 723 83 38 tum
1445 723 153 38 interdiu,
1563 723 83 38 Deu
1610 723 118 38 adesse
1693 723 130 38 scimus:
1775 723 71 38 eum.

1042 755 79 49 que
1087 755 57 49 &
1110 755 102 49 totum
1178 755 91 49 esse
1234 755 113 49 lumen,
1313 755 57 49 &
1336 755 91 49 quae
1393 755 68 49 in
1427 755 136 49 cordibus
1529 755 125 49 nostris
1619 755 113 49 latent
1687 755 102 49 videre.

1379 790 115 44 E

1064 820 68 41 I.
1098 820 91 41 Deus
1155 820 102 41 nulli
1223 820 91 41 loco
1280 820 125 41 includi
1370 820 80 41 vel
1416 820 136 41 alligari
1518 820 125 41 potest,
1609 820 102 41 quasi
1677 820 80 41 uno
1723 820 68 41 in
1757 820 91 41 loco
1802 820 57 41 sit

1036 856 142 49 praesens,
1145 856 98 49 alibi
1211 856 76 49 non
1254 856 87 49 sit,
1309 856 76 49 aut
1353 856 98 49 quasi
1418 856 76 49 uno
1462 856 66 49 in
1495 856 87 49 loco
1549 856 98 49 magis
1615 856 76 49 sit
1658 856 142 49 praesens,
1768 856 87 49 quam
1811 856 44 49 in

1046 889 112 41 aliis.
1124 889 78 41 Hoc
1169 889 123 41 Salomon
1258 889 168 41 considerans
1392 889 101 41 dixit
1460 889 67 41 1.
1493 889 89 41 Reg.
1549 889 67 41 8.
1582 889 67 41 v.
1616 889 78 41 27.
1661 889 56 41 &
1683 889 67 41 2.
1717 889 112 41 Chron.
1795 889 67 41 6.
1817 889 45 41 v.

1045 921 80 43 18.
1090 921 69 43 An
1125 921 115 43 revera
1205 921 149 43 habitaret
1320 921 92 43 Deus
1378 921 69 43 in
1412 921 161 43 terrarecce
1538 921 103 43 coeli
1607 921 92 43 ipsi
1665 921 57 43 &
1688 921 103 43 coeli
1745 921 115 43 coelorum

1043 964 89 31 non
1094 964 140 31 capiunt
1196 964 89 31 te,
1247 964 127 31 quanto
1336 964 115 31 minus
1413 964 115 31 domus
1489 964 102 31 haec
1553 964 102 31 quam
1617 964 191 31 aedificavi?
1770 964 89 31 Sic
1808 964 51 31 2.

1044 991 117 40 Chron.
1126 991 70 40 2.
1161 991 93 40 ver.
1219 991 70 40 6.
1254 991 93 40 Quis
1313 991 140 40 obtinent
1418 991 82 40 vim
1464 991 175 40 aedificandi
1604 991 70 40 ei
1639 991 117 40 domum,
1721 991 93 40 quum
1767 991 82 40 coel-

1048 1020 91 47 ipsi
1104 1020 57 47 &
1127 1020 102 47 coeli
1195 1020 136 47 coelorum
1298 1020 80 47 non
1343 1020 125 47 capiant
1434 1020 91 47 eum?
1491 1020 102 47 Jesa.
1559 1020 80 47 66.
1605 1020 68 47 v.
1639 1020 68 47 1.
1673 1020 80 47 Sic
1719 1020 80 47 ait
1753 1020 102 47 Iehova,

1049 1061 130 37 coelum
1140 1061 117 37 ipsum
1217 1061 130 37 solium
1308 1061 104 37 meum
1373 1061 104 37 est,
1438 1061 65 37 &
1463 1061 117 37 terra
1541 1061 168 37 scabellum
1671 1061 117 37 pedum
1735 1061 117 37 meorum:

1047 1091 122 39 ubinam
1132 1091 110 39 esset
1206 1091 110 39 domus
1279 1091 98 39 quam
1341 1091 208 39 aedificaretis
1512 1091 110 39 mihi?
1586 1091 61 39 &
1610 1091 122 39 ubinam
1696 1091 110 39 locus
1757 1091 98 39 quieti

1048 1119 94 38 meas
1107 1119 94 38 Idem
1165 1119 152 38 repetitur
1282 1119 94 38 Act.
1341 1119 70 38 7.
1376 1119 70 38 48
1411 1119 199 38 Excelsissimus
1574 1119 94 38 ille
1633 1119 70 38 in
1668 1119 164 38 manufactis
1785 1119 70 38 tem-

1051 1154 91 38 piis
1108 1154 80 38 nen
1153 1154 137 38 habitat,
1256 1154 103 38 sicut
1325 1154 137 38 Propheta
1428 1154 114 38 dicit,
1508 1154 114 38 Coelum
1588 1154 91 38 mihi
1645 1154 126 38 thronus
1736 1154 91 38 est,
1782 1154 80 38 terra

1040 1189 107 39 autem
1111 1189 95 39 scac
1171 1189 107 39 ellum
1242 1189 107 39 pedum
1313 1189 131 39 meorum.
1408 1189 95 39 Quam
1467 1189 107 39 aedem
1539 1189 202 39 aedificabitis
1705 1189 107 39 mihi,
1776 1189 107 39 dicit

1050 1218 132 40 Dominus?
1149 1218 77 40 aut
1193 1218 88 40 quis
1248 1218 77 40 est
1293 1218 99 40 locus
1359 1218 121 40 quietis
1447 1218 99 40 meae?
1513 1218 66 40 Et
1546 1218 88 40 cap.
1601 1218 77 40 17.
1645 1218 88 40 ver.
1701 1218 77 40 24.
1745 1218 88 40 Deus
1789 1218 66 40 ille

1043 1249 87 45 qui
1092 1249 112 45 jecit
1167 1249 124 45 mundum
1254 1249 62 45 &
1279 1249 112 45 omnia
1353 1249 99 45 quae
1415 1249 75 45 in
1453 1249 75 45 eo
1490 1249 112 45 sunt,
1565 1249 99 45 quum
1627 1249 87 45 sit
1677 1249 112 45 coeli
1751 1249 62 45 &
1764 1249 99 45 terrae

1047 1288 144 35 Lominus,
1155 1288 72 35 in
1191 1288 168 35 manufactis
1323 1288 132 35 templis
1418 1288 84 35 non
1466 1288 144 35 habitat.

1070 1310 78 44 2.
1109 1310 91 44 Dei
1161 1310 117 44 manum
1239 1310 65 44 &
1265 1310 156 44 judicium
1382 1310 104 44 nemo
1447 1310 130 44 potest
1537 1310 169 44 effugere:
1667 1310 104 44 quia
1732 1310 104 44 Deus
1784 1310 65 44 est

1051 1350 124 36 ubique.
1141 1350 101 36 Sicut
1208 1350 124 36 dicitur
1298 1350 90 36 Amos
1354 1350 67 36 9.
1388 1350 67 36 1,
1422 1350 67 36 2,
1456 1350 67 36 3.
1489 1350 67 36 4.
1523 1350 90 36 Quod
1579 1350 90 36 post
1635 1350 101 36 ipsos
1703 1350 135 36 (nimirum
1793 1350 56 36 po-

1058 1382 87 40 ste,
1113 1382 120 40 templi)
1200 1382 87 40 ese,
1255 1382 109 40 gladio
1331 1382 175 40 interficiam:
1473 1382 76 40 non
1517 1382 131 40 effugiet
1615 1382 65 40 ex
1648 1382 76 40 eis
1691 1382 142 40 profugus,
1789 1382 55 40 nec

1057 1416 97 38 liber
1122 1416 86 38 abit
1175 1416 64 38 se
1207 1416 64 38 ex
1240 1416 75 38 eis
1283 1416 75 38 qui
1326 1416 139 38 evaserit.
1433 1416 64 38 Si
1465 1416 129 38 foderent
1562 1416 139 38 latitatum
1669 1416 64 38 in
1701 1416 139 38 sepulcro,
1798 1416 64 38 inde

1056 1453 104 36 manus
1126 1453 81 36 mea
1172 1453 127 36 caperet
1265 1453 93 36 eos;
1323 1453 58 36 &
1346 1453 69 36 si
1380 1453 185 36 adscenderent
1531 1453 69 36 in
1566 1453 127 36 coelum,
1658 1453 116 36 illinc
1728 1453 127 36 deducerem

1052 1487 90 34 eos:
1108 1487 67 34 Et
1142 1487 67 34 si
1175 1487 135 34 abderent
1277 1487 67 34 se
1310 1487 67 34 in
1344 1487 124 34 vertice
1434 1487 135 34 Carmeli,
1535 1487 90 34 inde
1591 1487 146 34 scratatus
1704 1487 124 34 caperem
1783 1487 67 34 eos.

1059 1514 59 39 &
1083 1514 71 39 si
1118 1514 176 39 occultarent
1259 1514 71 39 se
1294 1514 59 39 a
1318 1514 153 39 conspectu
1436 1514 141 39 oculorum
1541 1514 118 39 meorum
1624 1514 71 39 in
1659 1514 106 39 fundo
1730 1514 118 39 maris,
1800 1514 59 39 in-

1054 1555 67 32 de
1087 1555 167 32 praeciperem
1221 1555 134 32 serpenti
1321 1555 67 32 ut
1354 1555 122 32 mordens
1443 1555 134 32 tolleret
1543 1555 89 32 eos.
1599 1555 89 32 Quod
1655 1555 67 32 si
1688 1555 122 32 abirent
1777 1555 67 32 in
1799 1555 56 32 ca-

1060 1581 159 47 ptivitatem
1185 1581 102 47 coram
1253 1581 137 47 inimicis
1355 1581 102 47 suis,
1424 1581 91 47 inde
1481 1581 171 47 praeciperem
1617 1581 114 47 gladio
1697 1581 68 47 ut
1719 1581 137 47 interfici-

1055 1612 72 39 ens
1096 1612 123 39 tolleret
1178 1612 41 39 eo

1077 1644 72 40 3.
1113 1644 96 40 Deum
1173 1644 96 40 nemo
1233 1644 144 40 fallere,
1342 1644 96 40 sese
1402 1644 168 40 occultando
1534 1644 132 40 potest:
1630 1644 96 40 quia
1691 1644 96 40 Deus
1751 1644 84 40 est
1787 1644 72 40 ubi-

1072 1679 86 38 que:
1126 1679 97 38 Sicut
1190 1679 118 38 dicitur
1276 1679 97 38 Psal.
1341 1679 86 38 13:.
1394 1679 64 38 7.
1427 1679 75 38 &c.
1470 1679 75 38 Quo
1512 1679 86 38 irem
1566 1679 54 38 a
1588 1679 118 38 spiritu
1673 1679 86 38 tuo?
1727 1679 75 38 aut
1770 1679 75 38 quo
1802 1679 54 38 ad-

1060 1711 103 37 facie
1128 1711 80 37 tua
1174 1711 137 37 fugerem?
1277 1711 69 37 Si
1311 1711 148 37 scanderem
1425 1711 126 37 coelos,
1516 1711 103 37 illic
1585 1711 80 37 es;
1631 1711 80 37 aut
1676 1711 126 37 stratum
1756 1711 103 37 ponerem

1049 1751 67 31 in
1082 1751 145 31 sepulero,
1194 1751 89 31 ecce
1250 1751 101 31 ades.
1317 1751 67 31 Si
1351 1751 145 31 assumerem
1463 1751 89 31 alas
1518 1751 134 31 aurorae,
1619 1751 168 31 habitaturus
1753 1751 67 31 in
1776 1751 89 31 extre-

1052 1777 125 42 mitate
1139 1777 125 42 maris?
1226 1777 112 42 Etiam
1301 1777 112 42 illuc
1376 1777 112 42 manus
1451 1777 87 42 tua
1500 1777 162 42 deduceret
1625 1777 87 42 me,
1675 1777 62 42 &
1687 1777 175 42 pronenderet.

1037 1811 78 39 me
1076 1811 143 39 dextera
1167 1811 78 39 tua.

1087 1830 57 51 .
1109 1830 92 51 Deum
1167 1830 103 51 plane
1235 1830 103 51 nihil
1304 1830 114 51 latere
1384 1830 126 51 potest,
1476 1830 103 51 licet
1544 1830 103 51 illud
1613 1830 69 51 in
1647 1830 137 51 latebris
1739 1830 114 51 abditis-

1053 1870 93 42 simis
1115 1870 72 42 sit
1156 1870 72 42 vel
1197 1870 124 42 geratur:
1290 1870 82 42 quia
1341 1870 82 42 ipse
1393 1870 72 42 est
1434 1870 113 42 ubique.
1516 1870 72 42 Hoc
1558 1870 124 42 traditur
1650 1870 82 42 Jer.
1702 1870 72 42 23.
1743 1870 72 42 23.
1784 1870 62 42 1.
1805 1870 41 42 2.

1047 1915 72 33 An
1083 1915 96 33 Deus
1143 1915 60 33 e
1167 1915 156 33 propinquo
1287 1915 84 33 sum
1335 1915 96 33 ego?
1395 1915 120 33 dictum
1478 1915 144 33 Iehovae:
1586 1915 72 33 ac
1622 1915 84 33 nen
1670 1915 96 33 Deus
1730 1915 60 33 e
1742 1915 108 33 longens

1050 1947 94 38 quo?
1109 1947 71 38 An
1145 1947 177 38 delitescere
1286 1947 118 38 potest
1369 1947 141 38 quisquam
1475 1947 71 38 in
1510 1947 153 38 latelris,
1628 1947 71 38 ut
1663 1947 83 38 ego
1711 1947 83 38 non
1746 1947 106 38 videan-

1046 1979 127 38 ipsum;
1135 1979 127 38 dictum
1224 1979 152 38 Iehovae:
1338 1979 114 38 annon
1414 1979 127 38 coelos
1503 1979 63 38 &
1528 1979 127 38 terram
1617 1979 89 38 ego
1668 1979 140 38 impleo?
1757 1979 101 38 dictum

1040 2005 114 45 Iehovae.

1362 2028 205 50 Ed.

1083 2072 73 42 I.
1119 2072 134 42 Nullibi
1217 2072 170 42 peccandum,
1351 2072 134 42 nullibi
1448 2072 158 42 flagitiis
1570 2072 195 42 indulgendum;
1728 2072 73 42 ne
1753 2072 97 42 quidem

1047 2094 72 50 in
1083 2094 96 50 loco
1143 2094 205 50 occultissimo:
1312 2094 96 50 quia
1372 2094 96 50 Deus
1432 2094 120 50 ubique
1516 2094 84 50 est
1564 2094 156 50 praesens,
1685 2094 60 50 &
1709 2094 96 50 quid
1757 2094 108 50 geratus

1035 2137 77 42 videi:

1075 2171 73 45 2.
1111 2171 85 45 Non
1160 2171 85 45 est
1209 2171 158 45 alliganda
1330 2171 85 45 per
1379 2171 219 45 superstitionem
1561 2171 170 45 praesentia
1695 2171 85 45 Dei
1743 2171 109 45 certo
1804 2171 61 45 lo-

1053 2203 83 45 co:
1101 2203 95 45 quia
1160 2203 95 45 Deus
1219 2203 83 45 est
1254 2203 107 45 ubique.

1077 2227 73 55 3.
1113 2227 86 55 Non
1162 2227 86 55 est
1211 2227 159 55 usurpanda
1333 2227 98 55 ulla
1394 2227 171 55 hypocrysis
1529 2227 61 55 &
1553 2227 171 55 simulatio;
1688 2227 98 55 quia
1749 2227 98 55 Deus
1810 2227 86 55 qui

1061 2262 76 51 qua
1105 2262 131 51 essentia
1203 2262 109 51 ubique
1279 2262 87 51 est,
1334 2262 98 51 etiam
1399 2262 65 51 in
1432 2262 131 51 cordibus
1530 2262 120 51 nostris
1606 2262 55 51 est

1074 2301 73 43 I.
1110 2301 97 43 Quum
1171 2301 85 43 est
1219 2301 146 43 orandum,
1329 2301 85 43 non
1377 2301 85 43 est
1426 2301 133 43 necesse
1523 2301 85 43 huc
1571 2301 109 43 atque
1644 2301 109 43 illuc
1717 2301 133 43 vagari,
1801 2301 61 43 in-

1054 2332 173 39 tercessores
1193 2332 81 39 hos
1239 2332 81 39 vel
1285 2332 104 39 illos
1354 2332 127 39 sanctos
1446 2332 81 39 vel
1492 2332 127 39 sanctas
1584 2332 138 39 Paradisi
1688 2332 150 39 quaerere,
1792 2332 69 39 quas

1053 2365 95 45 Deus
1112 2365 106 45 longe
1183 2365 142 45 abesset:
1290 2365 95 45 quia
1349 2365 118 45 ubique
1431 2365 106 45 adest
1502 2365 71 45 ac
1538 2365 130 45 proinde
1632 2365 95 45 tibi
1679 2365 95 45 etiam.

1383 2397 134 41 .

1083 2420 75 48 I.
1120 2420 125 48 Ubique
1207 2420 137 48 locorum
1307 2420 137 48 sincero
1407 2420 125 48 timore
1494 2420 137 48 siliali
1594 2420 62 48 &
1619 2420 87 48 non
1669 2420 125 48 fucata
1743 2420 125 48 reveron-

1053 2462 87 37 tia
1102 2462 87 37 Dei
1152 2462 87 37 nos
1202 2462 100 37 duci
1264 2462 87 37 par
1314 2462 100 37 est,
1376 2462 75 37 ut
1413 2462 112 37 vitam
1488 2462 174 37 praesentia
1625 2462 87 37 Dei
1674 2462 124 37 dignam
1749 2462 112 37 ducamus

1047 2496 93 39 quia
1106 2496 93 39 Deus
1164 2496 82 39 est
1211 2496 105 39 nobis
1281 2496 117 39 ubique
1363 2496 152 39 praesens.
1479 2496 82 39 Sic
1526 2496 152 39 praecipit
1643 2496 93 39 Deus
1701 2496 93 39 ipse
1748 2496 105 39 Abraha-

1050 2529 71 37 mo
1086 2529 95 37 Gen.
1145 2529 83 37 17.
1193 2529 71 37 v.
1229 2529 71 37 1.
1265 2529 119 37 Ambula
1348 2529 107 37 coram
1419 2529 71 37 me
1455 2529 71 37 &n
1491 2529 95 37 esto
1550 2529 167 37 perfectus,
1681 2529 83 37 hoc
1729 2529 95 37 est,
1789 2529 83 37 Ita
1824 2529 60 37 vi-

1054 2563 82 38 tam
1101 2563 152 38 institue,
1218 2563 70 38 ut
1253 2563 117 38 sempur
1335 2563 129 38 cogites
1428 2563 70 38 te
1463 2563 93 38 esse
1522 2563 105 38 coran
1592 2563 105 38 facie
1662 2563 93 38 mea,
1720 2563 70 38 ut
1755 2563 117 38 revera
1826 2563 58 38 es,

1057 2596 72 38 ac
1093 2596 132 38 proinde
1189 2596 144 38 sincerus
1297 2596 108 38 esto,
1369 2596 60 38 &
1393 2596 132 38 alienus
1488 2596 72 38 ab
1524 2596 96 38 omni
1584 2596 156 38 hypocrisi
1704 2596 60 38 &
1716 2596 168 38 simulatione.

1074 2633 76 42 2.
1112 2633 102 42 Omni
1176 2633 76 42 in
1214 2633 115 42 locoa
1291 2633 115 42 nobis
1367 2633 115 42 manus
1444 2633 115 42 purae
1520 2633 76 42 ad
1558 2633 102 42 Deum
1622 2633 191 42 attollendae
1775 2633 64 42 &
1788 2633 76 42 pre-

1046 2664 88 42 ces
1097 2664 214 42 concipiendae:
1273 2664 101 42 quia
1336 2664 101 42 Deus
1399 2664 88 42 est
1437 2664 88 42 ubiqu

1371 2687 124 51 :

1084 2715 72 53 I.
1120 2715 109 53 Nihil
1193 2715 145 53 poterunt
1301 2715 109 53 impij
1373 2715 145 53 adversus
1482 2715 97 53 pios
1542 2715 133 53 etiamsi
1639 2715 121 53 ubique
1723 2715 133 53 cocant,
1808 2715 48 53 fe

1050 2756 97 38 dera
1110 2756 133 38 ineant,
1207 2756 145 38 consilia
1316 2756 133 38 occulta
1413 2756 182 38 concludant,
1558 2756 133 38 plurima
1655 2756 97 38 clam
1716 2756 169 38 moliantur,
1837 2756 36 38 &

1045 2797 126 44 omnem
1129 2797 154 44 lapidem
1241 2797 154 44 moveant
1353 2797 84 44 ad
1395 2797 224 44 subvertendam
1576 2797 196 44 Ecclesiam:
1730 2797 112 44 quia
1786 2797 84 44 Deus

1055 2825 93 41 est
1094 2825 93 41 ubiqu

1089 2862 70 35 2.
1124 2862 105 35 Nihil
1195 2862 94 35 mali
1253 2862 152 35 timeamus,
1370 2862 152 35 uhicunque
1488 2862 117 35 simus,
1569 2862 94 35 sive
1628 2862 105 35 inter
1698 2862 117 35 hostes
1769 2862 105 35 medios,

1054 2885 92 44 sive
1111 2885 69 44 in
1145 2885 161 44 carceribus
1271 2885 206 44 obscurissimis,
1444 2885 92 44 sive
1501 2885 69 44 in
1535 2885 206 44 solitudinibus,
1707 2885 92 44 sive
1765 2885 69 44 in
1788 2885 80 44 medio

1063 2930 114 33 umbrae
1143 2930 126 33 mortis;
1234 2930 91 33 quia
1291 2930 91 33 Deus
1348 2930 114 33 noster
1428 2930 80 33 est
1474 2930 114 33 ubique
1554 2930 137 33 praesens
1657 2930 114 33 nobis.
1737 2930 80 33 Sic
1771 2930 103 33 confir-

1054 2955 81 38 mat
1100 2955 92 38 Deus
1157 2955 115 38 Jesuam
1238 2955 81 38 ca.
1284 2955 69 38 1.
1318 2955 69 38 v.
1353 2955 69 38 9.
1387 2955 161 38 Confirmare
1514 2955 58 38 &
1537 2955 115 38 fortis
1617 2955 104 38 esto,
1686 2955 69 38 ne
1709 2955 161 38 expavescito,

1063 2988 105 42 neque
1133 2988 198 42 consternator:
1296 2988 93 42 quia
1354 2988 105 42 tecum
1424 2988 81 42 est
1470 2988 116 42 Iehova
1551 2988 93 42 Deus
1609 2988 93 42 tuus
1668 2988 151 42 quocunque
1772 2988 93 42 iveris

1061 3021 77 37 Sic
1105 3021 154 37 consolatur
1226 3021 99 37 omnes
1293 3021 121 37 fideles
1381 3021 99 37 Jesa.
1447 3021 77 37 43.
1491 3021 66 37 v.
1524 3021 66 37 1,
1557 3021 66 37 2.
1590 3021 88 37 Nunc
1645 3021 88 37 vero
1701 3021 77 37 sic
1745 3021 77 37 ait
1778 3021 88 37 Iehova

1063 3051 126 41 creator
1154 3051 91 41 tuus
1211 3051 57 41 o
1234 3051 114 41 lacob,
1314 3051 57 41 &
1337 3051 137 41 formator
1440 3051 91 41 tuus
1497 3051 57 41 o
1520 3051 126 41 Israel:
1611 3051 69 41 ne
1646 3051 126 41 timeto,
1737 3051 80 41 nam
1772 3051 91 41 vindi-

1054 3087 89 38 cavi
1110 3087 78 38 te,
1154 3087 112 38 vocavi
1233 3087 67 38 te
1266 3087 112 38 nomine
1345 3087 89 38 meo,
1400 3087 89 38 meus
1456 3087 78 38 es.
1501 3087 89 38 Quii
1557 3087 123 38 transis
1646 3087 78 38 per
1691 3087 112 38 aquas,
1769 3087 89 38 tibi
1814 3087 56 38 ad-

1056 3119 102 39 sum;
1120 3119 64 39 &
1146 3119 89 39 per
1197 3119 153 39 flumina,
1312 3119 77 39 ne
1350 3119 153 39 inundent
1465 3119 89 39 te:
1516 3119 102 39 quum
1580 3119 141 39 ambulas
1682 3119 89 39 per
1733 3119 128 39 ignem,
1810 3119 64 39 non

1062 3152 125 32 ureris
1149 3152 62 32 &
1174 3152 125 32 flamma
1261 3152 87 32 non
1311 3152 150 32 incendit
1424 3152 87 32 te.
1474 3152 112 32 Eodem
1549 3152 162 32 argumento
1674 3152 137 32 solatur
1774 3152 75 32 se
1799 3152 62 32 Da-

1060 3183 80 42 vid
1105 3183 126 42 Psalin.
1197 3183 92 42 118.
1255 3183 69 42 6,
1289 3183 69 42 7.
1323 3183 115 42 Iehova
1404 3183 103 42 adest
1473 3183 103 42 mihi,
1541 3183 80 42 non
1587 3183 126 42 timebo,
1679 3183 92 42 quid
1736 3183 115 42 feciat
1805 3183 69 42 mihi
