2063 3425
161 165 79 66 non
206 165 102 66 tamen
274 165 90 66 ipsi
330 165 158 66 substantia
454 165 79 66 Dei
500 165 147 66 accidisse
613 165 124 66 aliquid
703 165 192 66 intelligatur,
861 165 79 66 sed
906 165 90 66 illi

157 220 152 42 crenturae
274 220 70 42 ad
309 220 94 42 quam
368 220 140 42 dicitur.
473 220 129 42 Domine,
566 220 129 42 inquit,
660 220 140 42 refugium
765 220 117 42 factus
847 220 70 42 es
870 220 94 42 nobis.

162 253 143 44 Refugium
270 253 96 44 ergo
329 253 131 44 nostrum
425 253 96 44 Deus
484 253 143 44 relative
592 253 143 44 dicitur,
699 253 72 44 ad
735 253 84 44 nos
783 253 96 44 enim
831 253 131 44 refertur.

167 291 63 39 &
193 291 101 39 tunc
256 291 151 39 refugium
369 291 139 39 nostrum
470 291 101 39 sit,
533 291 88 39 cum
584 291 76 39 ad
621 291 88 39 eum
672 291 177 39 refugimus.
811 291 139 39 Nunquid
899 291 63 39 tum

167 323 89 38 sit
218 323 139 38 aliquid
319 323 101 38 ejus
383 323 139 38 natura,
484 323 101 38 quod
547 323 152 38 antequam
661 323 76 38 ad
699 323 89 38 eum
750 323 203 38 refugeremus,
902 323 63 38 non

160 357 109 39 erat?
232 357 72 39 In
268 357 109 39 nobis
341 357 84 39 sit
389 357 121 39 aliqua
474 357 265 39 mutatio(deteriores
703 357 96 39 enim
763 357 121 39 fuimus
835 357 133 39 antequam.

169 386 69 36 ad
204 386 81 36 cum
250 386 185 36 resugeremus,
401 386 58 36 &
424 386 150 36 efficimur
540 386 69 36 ad
575 386 81 36 eum
621 386 162 36 refugiendo
748 386 150 36 meliores)
864 386 69 36 in
887 386 81 36 ille-

167 413 100 44 autem
234 413 112 44 nulla.
312 413 78 44 Sic
357 413 56 44 &
379 413 100 44 pater
446 413 112 44 noster
524 413 89 44 esse
580 413 134 44 incipit,
680 413 78 44 cum
725 413 78 44 per
769 413 89 44 ejus
825 413 123 44 gratiam
903 413 56 44 re-

178 453 161 40 generamur,
304 453 126 40 quoniam
396 453 103 40 dedit
465 453 103 40 nobis
534 453 161 40 potestatem
660 453 115 40 filies
740 453 80 40 Dei
786 453 115 40 fieri.
855 453 115 40 Substan-

170 483 79 40 tia
215 483 113 40 itaque
294 483 113 40 nostra
373 483 124 40 mutatur
463 483 68 40 in
497 483 124 40 melius,
587 483 79 40 cum
632 483 102 40 filij
700 483 90 40 ejus
757 483 158 40 efficimur,
881 483 102 40 simul
937 483 34 40 &

177 519 92 36 ille
235 519 104 36 Pater
304 519 115 36 noster
385 519 92 36 esse
443 519 138 36 incipit,
547 519 81 36 sed
593 519 104 36 nulla
662 519 150 36 mutatione
777 519 92 36 suae
824 519 138 36 substantia

165 545 95 47 Quod
224 545 95 47 ergo
284 545 189 47 temporaliter
437 545 95 47 dici
497 545 130 47 incipit
591 545 95 47 Deus
650 545 95 47 quod
710 545 107 47 antea
781 545 83 47 non
828 545 166 47 dicebatur:

170 586 180 33 manifestum
312 586 90 33 est
363 586 154 33 relative
479 586 116 33 dici:
556 586 90 33 non
607 586 116 33 tamen
684 586 154 33 secundum
800 586 154 33 accidens
903 586 64 33 Dei

178 613 91 42 quod
235 613 68 42 ex
269 613 125 42 aliquid
360 613 159 42 acciderit,
485 613 80 42 sed
531 613 103 42 plane
599 613 137 42 secundum
702 613 137 42 accidens
804 613 103 42 ejus,
872 613 68 42 ad
907 613 91 42 quod

178 652 91 34 dici
235 652 125 34 aliquid
326 652 91 34 Deus
383 652 125 34 incipit
474 652 148 34 relative.
588 652 68 34 Et
622 652 80 34 qui
668 652 114 34 amicus
747 652 80 34 Dei
793 652 114 34 justus
873 652 91 34 esse
918 652 46 34 in

169 674 118 42 cipit,
252 674 95 42 ipse
311 674 142 42 mutatur,
418 674 95 42 Deus
477 674 107 42 autem
548 674 107 42 absit
619 674 71 42 ut
654 674 189 42 temporaliter
808 674 154 42 aliquando
915 674 59 42 di-

176 711 110 38 ligat;
253 711 99 38 quasi
318 711 88 38 nova
373 711 164 38 dilectione,
505 711 88 38 quae
560 711 66 38 in
592 711 88 38 illo
647 711 88 38 ante
702 711 77 38 non
746 711 99 38 erat,
812 711 88 38 apud
866 711 88 38 quem
910 711 55 38 ne-

177 746 165 40 praeterita
307 746 189 40 transierunt,
460 746 59 40 &
484 746 118 40 futura
567 746 83 40 jam
614 746 106 40 facta
685 746 106 40 sunt.
756 746 118 40 Itaque
838 746 106 40 omnes
897 746 71 40 san-

181 773 88 40 ctos
236 773 88 40 suos
291 773 88 40 ante
346 773 99 40 mundi
411 773 197 40 constitutionem
576 773 132 40 dilexit,
675 773 99 40 sicut
741 773 208 40 praedestinavit:
905 773 66 40 Sed-

172 810 84 41 cum
220 810 192 41 convertuntur
376 810 60 41 &
399 810 156 41 inveniunt
519 810 120 41 illum,
603 810 96 41 tunc
663 810 144 41 incipere
771 810 72 41 ab
806 810 72 41 eo
842 810 120 41 diligi
914 810 60 41 di-

172 841 129 41 cuntur,
266 841 70 41 ut
301 841 70 41 eo
336 841 94 41 modo
395 841 140 41 dicatur,
500 841 82 41 quo
547 841 117 41 potest
629 841 117 41 humano
711 841 129 41 affectu
804 841 94 41 capi
863 841 94 41 quod
909 841 59 41 di-

181 879 113 35 citur.
260 879 79 35 Sic
305 879 102 35 etiam
373 879 79 35 cum
418 879 113 35 iratus
497 879 102 35 malis
565 879 135 35 dicitur,
666 879 56 35 &
689 879 135 35 placidus
790 879 113 35 bonis,
869 879 90 35 illi
915 879 56 35 mu-

181 907 118 42 tantur,
267 907 75 42 non
310 907 96 42 ipse.
374 907 96 42 Sicut
438 907 75 42 lux
481 907 128 42 infirmis
577 907 96 42 oculs
641 907 118 42 aspera,
726 907 107 42 firmis
801 907 96 42 lenis
865 907 86 42 est,
908 907 75 42 ipso-

182 936 81 43 rum
229 936 139 43 scilicet
333 936 162 43 mutatione,
461 936 81 43 non
495 936 70 43 sua;

206 959 167 53 INSTANTIA
334 959 77 53 V.
373 959 90 53 Qui
424 959 103 53 modo
488 959 179 53 irascitur,
629 959 103 53 modo
693 959 154 53 placatur
808 959 128 53 nobis,
898 959 77 53 is
924 959 51 53 ex

171 1005 154 45 mutabilis:

277 1022 99 60 Deus
339 1022 99 60 modo
401 1022 173 60 irascitur,
537 1022 99 60 modo
599 1022 149 60 placatur
698 1022 99 60 nobis:

268 1068 92 45 Ergo
325 1068 80 45 est
359 1068 138 45 mutabilis.

215 1093 141 52 RESPON.
318 1093 90 52 Qui
369 1093 103 52 modo
433 1093 179 52 irascitur,
574 1093 103 52 modo
638 1093 154 52 placatur
753 1093 128 52 nobis,
843 1093 90 52 sic
894 1093 77 52 ut
920 1093 64 52 nov

190 1133 124 45 aliquid
280 1133 67 45 ei
313 1133 135 45 accidat,
415 1133 67 45 is
448 1133 79 45 est
493 1133 157 45 mutabilis.
617 1133 67 45 At
651 1133 90 45 Deum
707 1133 79 45 sic
752 1133 112 45 irasci
831 1133 56 45 &
853 1133 124 45 placari
932 1133 56 45 ho-

186 1165 141 38 minibus,
292 1165 71 38 ut
328 1165 94 38 ipsi
387 1165 130 38 aliquid
481 1165 94 38 novi
540 1165 141 38 accidat,
646 1165 141 38 negatur.
752 1165 83 38 Nam
799 1165 94 38 sive
858 1165 94 38 Deus
905 1165 83 38 nobis

191 1203 168 38 firascatur,
325 1203 90 38 sive
381 1203 146 38 placetur,
493 1203 101 38 nulla
561 1203 67 38 in
594 1203 90 38 ipso
650 1203 78 38 Deo
695 1203 78 38 sit
740 1203 135 38 mutatio,
841 1203 78 38 sed
886 1203 112 38 tantum
953 1203 45 38 in

181 1237 92 38 nobis

227 1253 176 49 INSTANTIA
363 1253 95 49 VI.
417 1253 95 49 Qui
471 1253 108 49 modo
539 1253 108 49 vult
607 1253 163 49 aliquid,
729 1253 108 49 modo
796 1253 108 49 idem
864 1253 95 49 non
905 1253 81 49 vult

189 1300 65 46 is
222 1300 75 46 est
254 1300 129 46 mutabilis.

275 1325 101 46 Deus
338 1325 101 46 modo
401 1325 101 46 vult
464 1325 151 46 aliquid,
578 1325 101 46 modo
641 1325 101 46 idem
704 1325 88 46 non
742 1325 88 46 vult:

279 1363 89 45 Ergo
335 1363 78 45 est
379 1363 145 45 mutabilis

225 1389 111 45 Minor
299 1389 161 45 probatur:
423 1389 87 45 Nam
472 1389 124 45 uoluit
559 1389 136 45 Nineven
658 1389 149 45 perdere,
769 1389 99 45 post
831 1389 99 45 dies
881 1389 111 45 quadra-

213 1433 103 32 cinta,
285 1433 62 32 ut
316 1433 113 32 legitur
398 1433 93 32 Ionae
460 1433 62 32 3.
491 1433 62 32 v.
522 1433 62 32 5.
552 1433 51 32 &
573 1433 82 32 idem
624 1433 93 32 paulo
686 1433 82 32 post
738 1433 103 32 noluit
810 1433 113 32 facere,
892 1433 62 32 ut
923 1433 62 32 ex
944 1433 51 32 eo-

202 1461 87 45 dem
251 1461 124 45 capite
338 1461 124 45 tertio
424 1461 62 45 &
449 1461 148 45 sequente
560 1461 124 45 quarto
634 1461 99 45 liquet

230 1499 120 35 RESP.
310 1499 94 35 Qui
363 1499 107 35 modo
430 1499 107 35 vult
497 1499 160 35 aliquid,
617 1499 107 35 modo
684 1499 107 35 idem
751 1499 94 35 non
804 1499 120 35 vult,
871 1499 120 35 nimirum

204 1525 154 45 voluntate
322 1525 177 45 beneplaciti
464 1525 83 45 seu
511 1525 154 45 absoluta,
630 1525 71 45 is
665 1525 83 45 est
712 1525 165 45 mutabilis:
842 1525 71 45 At
878 1525 95 45 Deum
925 1525 71 45 modo

205 1566 106 36 velle
276 1566 141 36 aliquid,
381 1566 94 36 modo
440 1566 94 36 idem
499 1566 82 36 non
546 1566 117 36 velle,
628 1566 106 36 nempe
699 1566 153 36 voluntate
816 1566 176 36 beneplaciti
945 1566 59 36 seu

204 1595 156 38 absoluta,
324 1595 144 38 negatur.
433 1595 144 38 Probatio
541 1595 96 38 vero
601 1595 132 38 minoris
697 1595 144 38 loquitur
805 1595 84 38 non
854 1595 72 38 de
878 1595 132 38 voluntate

211 1627 177 48 beneplaciti,
355 1627 78 48 sed
399 1627 67 48 de
433 1627 144 48 voluntate
532 1627 78 48 signi

232 1655 188 41 REPLICATUR:
383 1655 100 41 Quae
446 1655 150 41 realiter
558 1655 100 41 idem
621 1655 113 41 sunt,
696 1655 113 41 eorum
771 1655 88 41 uno
822 1655 138 41 posito,
909 1655 88 41 poni-

193 1695 101 43 tur
250 1695 72 43 &
265 1695 129 43 alterum

233 1718 148 52 Voluntas
343 1718 185 52 Beneplaciti
491 1718 86 52 Dei
540 1718 62 52 &
565 1718 148 52 uoluntas
676 1718 111 52 signi
750 1718 148 52 realiter
861 1718 98 52 idem
910 1718 86 52 sunt.

204 1760 106 41 Ergo:
263 1760 59 41 &c.

233 1781 151 48 RESPON.
343 1781 124 48 Minor
426 1781 165 48 negatur:
550 1781 96 48 Nam
605 1781 165 48 voluntas
729 1781 206 48 beneplaciti
894 1781 96 48 Dei
935 1781 69 48 est

207 1820 126 48 ipsamet
298 1820 137 48 essentia
401 1820 92 48 Dei:
459 1820 69 48 at
493 1820 137 48 voluntas
596 1820 103 48 signi
665 1820 80 48 est
711 1820 103 48 actio
779 1820 80 48 Dei
825 1820 137 48 externa,
917 1820 80 48 nemp.

202 1862 78 36 vel
246 1862 167 36 praeceptum,
380 1862 78 36 vel
424 1862 167 36 prohibitio,
558 1862 78 36 vel
603 1862 156 36 permissio,
725 1862 78 36 vel
769 1862 156 36 consilium,
892 1862 78 36 vel
925 1862 67 36 pro-

201 1892 130 39 missio,
295 1892 82 39 vel
343 1892 177 39 comminatio,
484 1892 82 39 vel
531 1892 200 39 praedictionum
684 1892 130 39 impletio-

237 1917 197 52 TRIPLICATUR:
397 1917 111 52 Omnis
471 1917 185 52 essentialis
619 1917 173 52 proprietas
754 1917 86 52 Dei
804 1917 86 52 est
853 1917 136 52 ipsamet
939 1917 62 52 es-

208 1949 121 53 sentia
280 1949 73 53 Dei.

244 1983 132 44 Voluntas
343 1983 99 44 signi
409 1983 77 44 est
453 1983 165 44 essentialis
585 1983 154 44 proprietas
695 1983 66 44 Deit

243 2021 115 46 Ergo:
307 2021 64 46 &c.

248 2037 103 53 Minor
316 2037 149 53 probatur;
431 2037 92 53 quia
489 2037 138 53 uoluntas
592 2037 80 53 Dei
638 2037 92 53 quae
695 2037 80 53 est
741 2037 161 53 proprietas
856 2037 149 53 essentialis

210 2081 95 44 Dei,
269 2081 189 44 distribuitur
423 2081 71 44 in
459 2081 166 44 uoluntatem
589 2081 178 44 beneplaciti
731 2081 59 44 &
743 2081 83 44 signi

249 2112 116 43 RESP.
326 2112 116 43 Primo
403 2112 141 43 negatur
506 2112 128 43 minor:
596 2112 128 43 Deinde
686 2112 141 43 negatur
789 2112 64 43 &
814 2112 167 43 probatio,
930 2112 77 43 quia

216 2148 178 41 distributio
359 2148 95 41 illa
418 2148 83 41 non
466 2148 83 41 est
513 2148 107 41 rerum
585 2148 166 41 ,
716 2148 83 41 sed
763 2148 119 41 tantum
846 2148 107 41 vocis
906 2148 95 41 homony

225 2185 72 41 mae
256 2185 133 41 distinctio-

255 2213 173 45 INSTANTIA
388 2213 107 45 VII.
455 2213 93 45 Qui
508 2213 133 45 factus
601 2213 93 45 est
655 2213 107 45 homo
722 2213 80 45 in
762 2213 160 45 tempore,
882 2213 93 45 cum
922 2213 93 45 antea

220 2245 86 48 homo
274 2245 75 48 non
317 2245 107 48 esset,
391 2245 64 48 is
424 2245 75 48 est
456 2245 128 48 mutabilis;

294 2268 95 51 Deus
354 2268 119 51 factus
437 2268 83 51 est
485 2268 95 51 homo
544 2268 71 51 in
580 2268 143 51 tempore,
687 2268 83 51 cum
735 2268 107 51 antea
806 2268 95 51 homo
866 2268 83 51 non
902 2268 83 51 esset

306 2313 96 44 Ergo
366 2313 96 44 Deus
426 2313 84 44 est
463 2313 132 44 mutabilis

259 2332 110 58 RESP.
332 2332 134 58 Majorem
430 2332 208 58 propositionem
601 2332 171 58 restringo:
735 2332 85 58 Qui
784 2332 122 58 factus
869 2332 85 58 est
918 2332 98 58 homo
967 2332 49 58 in

228 2371 116 45 tepore,
313 2371 74 45 cum
355 2371 95 45 antea
418 2371 84 45 homo
471 2371 74 45 non
513 2371 105 45 esset,
587 2371 63 45 is
618 2371 74 45 est
661 2371 148 45 mutabilis:
777 2371 116 45 nimirum
861 2371 63 45 si
893 2371 105 45 desiit
956 2371 63 45 esse

223 2407 95 41 quod
283 2407 107 41 antea
354 2407 107 41 fuit,
426 2407 72 41 si
462 2407 131 41 naturam
557 2407 95 41 quam
617 2407 119 41 habuit
700 2407 131 41 mutavit
795 2407 72 41 in
831 2407 107 41 aliam
903 2407 83 41 seu
939 2407 83 41 totam

226 2439 88 50 seu
276 2439 75 50 ex
313 2439 125 50 parte.
401 2439 88 50 Jam
451 2439 75 50 ad
488 2439 138 50 minorem
588 2439 175 50 respondeo.
726 2439 100 50 Deum
788 2439 125 50 factum
876 2439 100 50 esse
926 2439 88 50 homi-

229 2475 82 41 nem
276 2475 70 41 in
311 2475 129 41 tempore
405 2475 82 41 cum
452 2475 106 41 antea
523 2475 94 41 homo
581 2475 82 41 non
628 2475 117 41 esset,
710 2475 82 41 sic
757 2475 70 41 ut
793 2475 141 41 desierit
898 2475 106 41 esse,
969 2475 94 41 quod

219 2505 113 46 antea
295 2505 113 46 fuit,
370 2505 75 46 ut
407 2505 138 46 naturam
507 2505 100 46 quam
570 2505 125 46 habuit
657 2505 163 46 mutaverit
782 2505 75 46 in
820 2505 113 46 aliam
895 2505 88 46 seu
932 2505 88 46 totam

237 2536 82 50 seu
284 2536 70 50 ex
319 2536 117 50 parte,
401 2536 141 50 negatur.
507 2536 82 50 Nam
554 2536 94 50 Deus
612 2536 187 50 manifestatus
764 2536 70 50 in
799 2536 117 50 carne,
881 2536 117 50 mansit
952 2536 70 50 quod

225 2573 111 40 erat,
299 2573 62 40 &
324 2573 149 40 assumsit
435 2573 99 40 quod
497 2573 87 40 non
547 2573 149 40 habebat,
658 2573 87 40 non
707 2573 161 40 mutatione
831 2573 136 40 divinae
918 2573 99 40 natura

231 2602 102 46 suae
295 2602 76 46 in
333 2602 152 46 humanam,
447 2602 89 46 nec
498 2602 203 46 transfusione
663 2602 203 46 proprietatum
828 2602 191 46 humanitatis
968 2602 51 46 in

232 2636 162 48 Deitatem,
356 2636 87 48 aut
406 2636 199 48 proprietatum
568 2636 150 48 Deitatis
680 2636 75 48 in
718 2636 199 48 humanitatem;
880 2636 87 48 sed
917 2636 100 48 copula

233 2671 114 47 tione
310 2671 140 47 humanae
411 2671 140 47 naturae
513 2671 140 47 nostrae
615 2671 89 47 cum
666 2671 127 47 divina
755 2671 89 47 sua
806 2671 76 47 in
844 2671 153 47 unitatem
946 2671 76 47 per

228 2712 84 41 sonae.

267 2731 171 55 INSTANTIA
399 2731 119 55 VIII.
478 2731 92 55 Qui
530 2731 158 55 assumsit
649 2731 105 55 quod
715 2731 92 55 non
768 2731 158 55 habebat,
886 2731 79 55 is
913 2731 105 55 profe-

242 2773 79 47 cto
287 2773 124 47 mutatus
366 2773 68 47 est:

318 2786 78 72 At
357 2786 104 72 Deus
422 2786 157 72 assumsit
540 2786 104 72 quod
605 2786 91 72 non
644 2786 131 72 habebat:

314 2842 121 43 Ergo:
381 2842 67 43 &c.

276 2860 116 50 RESP.
353 2860 116 50 Major
431 2860 155 50 universe
547 2860 142 50 accepta
650 2860 90 50 est
702 2860 129 50 falsa.
792 2860 90 50 Nam
844 2860 90 50 qui
895 2860 116 50 veste
960 2860 77 50 quam

247 2908 103 36 antea
315 2908 80 36 non
361 2908 137 36 habebat,
464 2908 69 36 se
499 2908 126 36 induit,
590 2908 69 36 is
625 2908 149 36 propterea
739 2908 80 36 non
785 2908 126 36 mutatur
877 2908 69 36 in
911 2908 80 36 sua
945 2908 92 36 essen-

243 2938 88 37 tia
293 2938 63 37 &
318 2938 138 37 natura.
418 2938 100 37 Item
480 2938 113 37 anima
555 2938 138 37 humana,
655 2938 88 37 cum
705 2938 138 37 assumit
805 2938 125 37 corpus
893 2938 88 37 cui
930 2938 100 37 unitur

243 2971 85 39 non
291 2971 97 39 ideo
352 2971 134 39 mutatur
450 2971 73 39 in
486 2971 85 39 sua
535 2971 170 39 substantia
668 2971 61 39 &
693 2971 134 39 natura:
790 2971 85 39 sed
839 2971 122 39 corpus
924 2971 134 39 mutatur

253 2998 89 49 quod
309 2998 56 49 a
331 2998 145 49 potentiis
442 2998 56 49 &
465 2998 178 49 qualitatibus
609 2998 111 49 animae
688 2998 156 49 afficitur,
810 2998 167 49 vivificatum
944 2998 67 49 ab
966 2998 67 49 ille

252 3033 62 43 &
276 3033 161 43 facultate
400 3033 161 43 sentiendi
524 3033 185 43 instructum.
672 3033 87 43 Sic
722 3033 99 43 Deus
783 3033 124 43 quoque
870 3033 148 43 assumsit
969 3033 74 43 quod

242 3064 82 45 non
289 3064 141 45 habebat,
395 3064 117 45 absque
477 3064 82 45 sui
523 3064 164 45 mutatione:
652 3064 117 45 natura
734 3064 105 45 autem
805 3064 129 45 assumta
898 3064 117 45 mutata
969 3064 70 45 est.

253 3097 84 49 dum
301 3097 120 49 multis
385 3097 108 49 donis
457 3097 240 49 excellentissimis
660 3097 120 49 ornata
744 3097 84 49 est
792 3097 168 49 longissime
924 3097 108 49 supra
984 3097 72 49 com-

255 3139 120 39 munem
335 3139 147 39 humanae
442 3139 147 39 naturae
535 3139 174 39 conditionem

285 3158 177 59 INSTANTIA
421 3158 95 59 IX.
476 3158 95 59 Qui
530 3158 122 59 mutat
611 3158 136 59 locum,
706 3158 95 59 est
747 3158 163 59 mutabilis.

1042 180 94 52 Deus
1101 180 106 52 mutat
1172 180 118 52 locum:
1254 180 106 52 juxta
1325 180 176 52 testimonia,
1466 180 118 52 Genes.
1548 180 82 52 11.
1595 180 71 52 7.
1631 180 82 52 ait
1678 180 129 52 Iehova,
1760 180 47 52 A-

1022 222 126 43 gedum,
1111 222 189 43 descendamus
1262 222 63 43 &
1287 222 189 43 confundamus
1438 222 88 43 ibi
1489 222 151 43 sermonem
1602 222 126 43 eorum.
1691 222 101 43 Joh.
1741 222 63 43 14.

1018 258 84 34 24.
1066 258 72 34 Si
1102 258 96 34 quis
1161 258 131 34 diligit
1257 258 72 34 me
1293 258 143 34 sermonem
1401 258 96 34 meum
1460 258 155 34 servabit,
1580 258 60 34 &
1604 258 108 34 Pater
1676 258 96 34 meus
1723 258 84 34 dili-

1019 290 92 40 get
1071 290 92 40 eum
1124 290 66 40 &
1150 290 79 40 ad
1190 290 92 40 eum
1242 290 158 40 veniemus
1360 290 66 40 &
1387 290 171 40 mansionem
1518 290 105 40 apud
1584 290 92 40 cum
1636 290 171 40 faciemus.
1754 290 66 40 Ja-

1011 329 96 45 cob.
1071 329 72 45 4.
1107 329 72 45 v.
1143 329 72 45 8.
1179 329 204 45 Appropinquate
1347 329 96 45 Deo,
1406 329 60 45 &
1430 329 216 45 appropinquabit
1598 329 96 45 vobis.

1089 352 97 44 Ergo
1149 352 97 44 Deus
1210 352 85 44 est
1246 352 145 44 mutabilis.

1050 372 134 48 RESPON.
1147 372 109 48 Minor
1220 372 170 48 propositio
1354 372 134 48 propria
1451 372 207 48 praedicatione
1621 372 146 48 constat;
1719 372 97 48 testi-

1022 420 111 54 monia
1095 420 98 54 vero
1157 420 160 54 figuratas
1280 420 221 54 praedicationes
1464 420 135 54 habent:
1562 420 123 54 Mutato
1648 420 123 54 igitur
1722 420 98 54 genere

1012 451 222 47 praedicationis,
1199 451 82 47 non
1246 451 105 47 valet
1304 451 175 47 consequentia.

1204 489 314 50 VSVS

1052 517 175 58 A
1190 517 75 58 I.
1228 517 100 58 Quum
1290 517 100 58 Deus
1353 517 88 58 sit
1403 517 200 58 immutabilis,
1566 517 150 58 sequitur
1678 517 113 58 alium
1741 517 75 58 esse

1022 565 63 42 i
1048 565 163 42 creaturis
1173 565 151 42 omnibus.
1286 565 88 42 Nam
1336 565 75 42 de
1374 565 113 42 rebus
1449 565 138 42 creatis
1549 565 113 42 recte
1625 565 176 42 Damascenus
1750 565 63 42 in-

1015 599 106 40 quit:
1086 599 177 40 l,
1227 599 130 40 l
1322 599 83 40 :
1369 599 94 40 Omne
1428 599 141 40 creatum:
1534 599 83 40 est
1581 599 153 40 mutabile.
1699 599 83 40 Hoc
1734 599 83 40 doce-

1015 636 82 37 tur
1062 636 116 37 Psalm.
1143 636 93 37 102.
1202 636 82 37 27,
1248 636 82 37 28.
1295 636 93 37 Ista
1353 636 140 37 peritura
1458 636 105 37 sunt,
1528 636 70 37 tu
1563 636 105 37 autem
1633 636 151 37 permanes;
1737 636 82 37 ista;

1010 668 148 31 inquam,
1117 668 121 31 omnia
1198 668 81 31 ut
1238 668 202 31 vestimentum
1399 668 215 31 veterascent,
1574 668 81 31 ut
1614 668 188 31 indumentum
1749 668 67 31 mu

1023 734 107 38 untur.

1051 759 69 47 2.
1085 759 103 47 Solus
1154 759 69 47 ex
1188 759 126 47 omnibus
1280 759 92 47 quae
1338 759 103 47 sunt,
1407 759 92 47 Deus
1464 759 103 47 verus
1533 759 57 47 &
1556 759 126 47 fidelis
1648 759 92 47 est,
1705 759 92 47 quia
1751 759 69 47 sem-

1030 797 80 51 per
1075 797 92 51 idem
1133 797 92 51 est:
1190 797 103 51 sicut
1258 797 114 51 dicit,
1338 797 114 51 Videte
1419 797 92 51 quia
1476 797 80 51 ego
1522 797 92 51 idem
1579 797 80 51 sum
1625 797 57 51 &
1647 797 80 51 non
1693 797 114 51 mutor.
1762 797 57 51 Ma-

1027 828 71 40 lach.
1075 828 47 40 3.
1090 828 32 40 6.

1065 859 145 39 .
1170 859 105 39 Quum
1236 859 105 39 Deus
1302 859 92 39 sit
1355 859 211 39 immutabilis,
1526 859 158 39 sequitur
1645 859 158 39 Deitatem
1750 859 66 39 non

1025 891 91 45 esse
1082 891 148 45 conversam
1195 891 68 45 in
1230 891 125 45 carnem,
1321 891 80 45 cum
1366 891 103 45 Sermo
1435 891 91 45 ille
1492 891 91 45 caro
1549 891 114 45 factus
1628 891 91 45 est:
1685 891 68 45 ut
1708 891 114 45 Ecclesia

1026 928 120 40 dicit;
1110 928 132 40 Mansit,
1206 928 96 40 quod
1265 928 108 40 erat;
1337 928 60 40 &
1361 928 156 40 assumsit,
1481 928 96 40 quod
1541 928 84 40 non
1589 928 108 40 erat.
1660 928 84 40 Hoc
1696 928 120 40 argumen-

1023 959 83 41 tum
1071 959 131 41 tractat
1166 959 154 41 praeclare
1284 959 178 41 Theodoretus
1427 959 71 41 in
1463 959 119 41 divino
1546 959 95 41 illo
1605 959 143 41 dialoo,
1712 959 83 41 qui
1748 959 83 41 pe-

1033 986 99 46 n
1095 986 199 46 inscribitur.
1256 986 149 46 Sequitur
1368 986 124 46 etiam,
1455 986 149 46 Deitatem
1567 986 87 46 non
1617 986 99 46 esse
1679 986 137 46 passam,
1766 986 62 46 nec

1031 1030 111 37 posse
1104 1030 111 37 pati:
1178 1030 98 37 quod
1240 1030 148 37 tenendum
1350 1030 148 37 adversus
1461 1030 172 37 Noetianos,
1596 1030 184 37 Sabellianos
1732 1030 98 37 Patri-

1044 1059 171 35 assianos,
1176 1059 237 35 Theopaschitas,
1373 1059 198 35 Eutychianos
1531 1059 66 35 &
1557 1059 224 35 Ubiquitatios,
1729 1059 105 35 quorum

1042 1094 119 40 quidam
1125 1094 83 40 ita
1173 1094 166 40 impudentes
1304 1094 143 40 fuerunt,
1411 1094 71 40 ut
1446 1094 155 40 dixerint,
1565 1094 143 40 Deitatem
1672 1094 131 40 Christi
1756 1094 71 40 esse

1049 1122 111 44 assam,
1126 1122 55 44 &
1149 1122 122 44 nostras
1237 1122 144 44 Ecclesias
1348 1122 155 44 calumniati
1470 1122 100 44 sunt,
1536 1122 100 44 quasi
1603 1122 66 44 in
1636 1122 100 44 illis
1702 1122 155 44 doceretur,

1034 1152 168 47 Passionem
1164 1152 142 47 CHRISTI
1267 1152 117 47 nihil
1345 1152 78 47 ad
1384 1152 130 47 Filium
1474 1152 91 47 Dei
1526 1152 194 47 attinuisse.
1682 1152 104 47 Vide
1733 1152 104 47 libros

1036 1188 133 46 Vigilij
1132 1188 145 46 adversus
1241 1188 157 46 Eutychem:
1361 1188 60 46 &
1385 1188 193 46 Christophori
1542 1188 181 46 Herdessiani
1674 1188 157 46 collationem

1035 1226 174 36 orthodoxae
1171 1226 161 36 doctrinae
1295 1226 87 36 cum
1345 1226 149 36 Thesibus
1457 1226 186 36 VVitebergae
1593 1226 149 36 dispuratis

1069 1253 198 40 E.
1230 1253 99 40 Quum
1291 1253 99 40 Deus
1353 1253 87 40 sit
1403 1253 198 40 immutabilis,
1564 1253 124 40 merito
1650 1253 173 40 deploramus
1774 1253 62 40 no-

1044 1280 105 51 stram
1115 1280 199 51 mutabilitate,
1279 1280 82 51 qua
1325 1280 59 51 a
1349 1280 94 51 bono
1407 1280 70 51 in
1443 1280 105 51 malum
1513 1280 82 51 tam
1560 1280 117 51 facile
1642 1280 117 51 mutati
1724 1280 70 51 in
1747 1280 82 51 Adamo

1047 1317 109 47 sumus
1119 1317 109 47 atque
1192 1317 121 47 indies
1276 1317 97 47 fere
1336 1317 145 47 mutamur.
1445 1317 60 47 O
1469 1317 97 47 quam
1529 1317 133 47 infelix
1626 1317 97 47 fuit
1686 1317 97 47 illa
1735 1317 97 47 Adami-

1038 1357 58 36 &
1062 1357 116 36 nostra
1143 1357 70 36 in
1178 1357 93 36 illo
1236 1357 139 36 mutatio,
1340 1357 93 36 quam
1398 1357 128 36 imagini
1491 1357 81 36 Dei
1538 1357 151 36 successit
1654 1357 128 36 diaboli
1735 1357 93 36 imago-

1045 1386 176 39 innocentiae,
1188 1386 99 39 labes
1253 1386 165 39 turpissima!
1385 1386 197 39 immortalitati,
1550 1386 165 39 mortalitas:
1681 1386 88 39 Gen.
1736 1386 66 39 5.
1769 1386 66 39 v.
1791 1386 44 39 7.

1042 1416 84 36 Ita
1090 1416 168 36 deploranda
1222 1416 84 36 est
1269 1416 180 36 mutabilitas
1413 1416 72 36 in
1449 1416 156 36 religione
1569 1416 60 36 &
1593 1416 132 36 pietate
1688 1416 72 36 in
1712 1416 132 36 deterius:

1049 1452 145 33 cujusmodi
1160 1452 78 33 est
1205 1452 89 33 illa
1261 1452 100 33 Pauli
1327 1452 134 33 Apostoli
1428 1452 123 33 quereia
1517 1452 89 33 Gal.
1573 1452 67 33 3.
1606 1452 67 33 v.
1639 1452 67 33 6.
1673 1452 100 33 Miror
1740 1452 78 33 vos
1773 1452 67 33 ita-

1051 1483 90 35 cito
1107 1483 123 35 deserto
1197 1483 67 35 eo
1230 1483 79 35 qui
1275 1483 123 35 vocavit
1365 1483 79 35 vos
1410 1483 67 35 in
1444 1483 123 35 gratiam
1533 1483 135 35 Christi,
1634 1483 157 35 transferri
1758 1483 67 35 in
1780 1483 45 35 a-

1051 1510 92 41 liud
1109 1510 173 41 Evangelium.
1247 1510 69 41 Et
1282 1510 81 41 cap
1328 1510 69 41 3.
1362 1510 69 41 1.
1397 1510 127 41 Amentes
1489 1510 138 41 Galatae,
1592 1510 92 41 quis
1650 1510 81 41 vos
1684 1510 150 41 fascinavit.

1051 1552 67 38 ne
1084 1552 189 38 obsequeremini
1240 1552 145 38 veritati:
1352 1552 111 38 quibus
1430 1552 67 38 ob
1463 1552 111 38 oculos
1541 1552 100 38 Iesus
1608 1552 134 38 Christus
1708 1552 100 38 prius
1764 1552 67 38 fue-

1045 1582 80 41 rat
1090 1582 149 41 depictus,
1205 1582 103 41 inter
1274 1582 80 41 vos
1320 1582 172 41 crucifixus?
1458 1582 126 41 Querela
1550 1582 69 41 de
1584 1582 149 41 mutatione
1699 1582 138 41 pietatis
1791 1582 46 41 in

1052 1611 157 40 impietatem
1175 1611 112 40 exstat
1254 1611 90 40 Jes.
1310 1611 67 40 1.
1344 1611 67 40 v.
1377 1611 79 40 21,
1422 1611 79 40 22.
1467 1611 124 40 Quomodo
1557 1611 124 40 effecta
1647 1611 79 40 est
1692 1611 135 40 meretrix
1782 1611 67 40 urbs

1056 1645 131 39 fidelis?
1155 1645 55 39 &
1176 1645 153 39 plenissima
1297 1645 98 39 jure,
1362 1645 66 39 in
1395 1645 77 39 qua
1439 1645 131 39 justitia
1538 1645 77 39 per
1581 1645 142 39 noctabat,
1691 1645 66 39 ea
1724 1645 88 39 nunc
1767 1645 77 39 homi-

1051 1685 140 42 cidarum
1153 1685 114 42 plena
1229 1685 102 42 est?
1293 1685 153 42 Argentum
1407 1685 102 42 tuum
1471 1685 127 42 versum
1560 1685 89 42 est
1611 1685 76 42 in
1649 1685 153 42 scorias,
1751 1685 89 42 merum

1052 1707 99 47 tuum
1114 1707 186 47 inspurcatum
1263 1707 87 47 est
1312 1707 99 47 aquu

1076 1741 153 40 .
1191 1741 102 40 Quum
1254 1741 102 40 Deus
1318 1741 89 40 sit
1369 1741 204 40 immutabilis,
1535 1741 140 40 nostrum
1636 1741 89 40 est
1687 1741 115 40 illum
1751 1741 89 40 cele-

1048 1773 113 37 brare,
1127 1773 68 37 ut
1161 1773 102 37 facit
1228 1773 113 37 Paulus
1307 1773 68 37 I.
1341 1773 124 37 Timoth.
1432 1773 68 37 1.
1465 1773 79 37 17.
1511 1773 79 37 cum
1556 1773 90 37 ait:
1612 1773 90 37 Regi
1669 1773 102 37 autem
1725 1773 113 37 aeterno.

1045 1814 212 37 incorruptibili,
1224 1814 168 37 invisibili,
1358 1814 89 37 soli
1414 1814 134 37 sapienti
1515 1814 78 37 Deo
1559 1814 101 37 honor
1626 1814 78 37 sit
1671 1814 56 37 &
1693 1814 112 37 gloria
1772 1814 67 37 in
1794 1814 56 37 se-

1059 1840 97 40 cula
1120 1840 170 40 seculorum:
1254 1840 134 40 Nostrum
1351 1840 85 40 est
1400 1840 110 40 illum
1473 1840 146 40 imitari,
1582 1840 73 40 ut
1619 1840 73 40 in
1655 1840 73 40 eo
1692 1840 97 40 quod
1741 1840 97 40 bonum.

1049 1875 101 39 quod
1112 1875 139 39 rectum,
1213 1875 101 39 quod
1276 1875 126 39 justum
1364 1875 63 39 &
1390 1875 139 39 sanctum
1490 1875 101 39 est,
1553 1875 189 39 immutabiles
1704 1875 126 39 simus.
1780 1875 63 39 Que

1055 1911 137 43 pertinet
1157 1911 137 43 hortatio
1260 1911 125 43 Paulina
1351 1911 68 43 2.
1385 1911 125 43 Timoth.
1477 1911 68 43 3.
1511 1911 80 43 14.
1556 1911 68 43 Tu
1591 1911 114 43 maneto
1671 1911 68 43 in
1705 1911 80 43 ijs
1750 1911 91 43 quae
1796 1911 57 43 di-

1055 1936 118 37 dicisti
1141 1936 54 37 &
1163 1936 86 37 quae
1217 1936 86 37 tibi
1271 1936 151 37 concredita
1389 1936 97 37 sunt,
1454 1936 108 37 sciens
1529 1936 54 37 a
1551 1936 75 37 quo
1583 1936 129 37 didiceris.

1083 1957 196 50 .
1239 1957 209 50 Consideratio
1409 1957 248 50 immutabilitatis
1617 1957 91 50 Dei
1670 1957 143 50 validam
1761 1957 91 50 nobis

1056 2006 210 44 consolationem
1228 2006 210 44 subministrat,
1401 2006 123 44 eamque
1487 2006 197 44 multiplicem.
1648 2006 111 44 Prima
1722 2006 99 44 est;
1771 2006 74 44 quum

1054 2037 91 35 Deus
1110 2037 79 35 sit
1156 2037 181 35 immutabilis,
1303 2037 102 35 certo
1371 2037 102 35 nobis
1439 2037 147 35 promissam
1552 2037 125 35 salutem
1642 2037 170 35 praestabit:
1778 2037 91 35 sic

1053 2068 70 35 ut
1088 2068 128 35 dicitur
1182 2068 93 35 Num.
1240 2068 82 35 23.
1287 2068 82 35 19.
1333 2068 105 35 juxta
1403 2068 140 35 usitatam
1509 2068 198 35 distinctionem
1672 2068 128 35 capitum
1765 2068 58 35 &
1777 2068 70 35 ver-

1057 2099 102 40 suum,
1125 2099 80 40 seu
1170 2099 102 40 vers.
1239 2099 80 40 23.
1284 2099 102 40 juxta
1352 2099 137 40 Junianam
1455 2099 205 40 distinctionem:
1625 2099 91 40 Deus
1682 2099 114 40 fortis
1762 2099 80 40 non
1796 2099 57 40 est

1053 2136 96 33 homo
1113 2136 84 33 qui
1161 2136 168 33 mentiatur,
1294 2136 84 33 aut
1342 2136 120 33 filius
1426 2136 132 33 hominis
1522 2136 96 33 quem
1582 2136 168 33 poeniteat:
1715 2136 72 33 an
1751 2136 96 33 ipse
1799 2136 60 33 di-

1062 2167 115 35 xerit,
1143 2167 58 35 &
1166 2167 81 35 non
1212 2167 127 35 faciet?
1304 2167 69 35 an
1339 2167 138 35 loquutus
1443 2167 127 35 fuerit;
1535 2167 58 35 &
1558 2167 81 35 non
1604 2167 161 35 praestabit
1731 2167 115 35 illud?
1800 2167 46 35 E-

1066 2197 162 37 Hebraeorum
1194 2197 69 37 6.
1228 2197 104 37 vers.
1297 2197 81 37 17,
1344 2197 81 37 18.
1390 2197 81 37 Qua
1436 2197 69 37 in
1471 2197 69 37 re
1505 2197 92 37 Deus
1563 2197 116 37 volens
1644 2197 69 37 ex
1679 2197 150 37 abundanti
1783 2197 69 37 hae-

1060 2228 123 44 redibus
1149 2228 179 44 promissionis
1294 2228 145 44 ostendere
1406 2228 212 44 immutabilitatem
1585 2228 134 44 consilij
1685 2228 89 44 sui,
1741 2228 134 44 fidejus

1062 2263 80 38 sit
1107 2263 182 38 jurejurando:
1255 2263 68 38 Vt
1289 2263 80 38 per
1335 2263 91 38 duas
1392 2263 80 38 res
1438 2263 182 38 immutabiles,
1586 2263 68 38 in
1620 2263 114 38 quibus
1700 2263 103 38 fieri
1768 2263 80 38 non
1802 2263 57 38 po-

1053 2299 98 34 test
1114 2299 74 34 ut
1151 2299 147 34 mentitus
1261 2299 86 34 sit
1311 2299 111 34 Deus,
1384 2299 135 34 validam
1483 2299 209 34 consolationem
1642 2299 123 34 habeamus

1083 2326 153 40 Secunda:
1198 2326 89 40 Cum
1249 2326 102 40 Deus
1312 2326 127 40 noster
1401 2326 89 40 sit
1452 2326 204 40 immutabilis,
1618 2326 89 40 non
1669 2326 115 40 sinet
1745 2326 89 40 nos
1783 2326 64 40 un-

1068 2361 94 41 quam
1127 2361 130 41 penitus
1221 2361 118 41 gratia
1304 2361 83 41 sua
1351 2361 59 41 &
1375 2361 94 41 fide
1434 2361 153 41 excidere:
1552 2361 83 41 quo
1599 2361 141 41 pertinet
1705 2361 106 41 illud
1764 2361 94 41 Roman.

1065 2395 85 38 11.
1113 2395 85 38 29.
1162 2395 97 38 Dona
1222 2395 85 38 Dei
1270 2395 97 38 sunt
1331 2395 193 38 ,
1488 2395 72 38 id
1524 2395 97 38 est,
1584 2395 109 38 talia
1657 2395 121 38 quorum
1741 2395 97 38 Deum
1790 2395 60 38 non

1073 2424 104 44 possit
1135 2424 124 44 poenitere.

1092 2452 123 47 Tertia
1178 2452 185 47 consolatio:
1326 2452 98 47 Quum
1387 2452 98 47 Deus
1449 2452 123 47 noster
1535 2452 86 47 sit
1584 2452 197 47 immutabilis,
1744 2452 86 47 non
1781 2452 74 47 con-

1068 2485 135 45 sumemur
1166 2485 110 45 ullis
1240 2485 221 45 calamitatibus,
1424 2485 172 45 quantumvis
1559 2485 123 45 magnis
1644 2485 61 45 &
1669 2485 172 45 diuturnis.
1792 2485 61 45 Sic

1067 2531 158 37 consolatur
1191 2531 113 37 Jehova
1270 2531 124 37 fideles
1360 2531 158 37 Israelitas
1484 2531 124 37 Malach.
1574 2531 68 37 3.
1608 2531 68 37 v.
1642 2531 68 37 6.
1676 2531 90 37 Quia
1732 2531 79 37 ego
1766 2531 90 37 Iehova

1064 2557 88 49 non
1115 2557 126 49 mutor;
1203 2557 100 49 ideo
1265 2557 88 49 vos
1316 2557 113 49 filij
1391 2557 113 49 lacob
1466 2557 88 49 non
1516 2557 151 49 consumti
1629 2557 126 49 estis.
1717 2557 126 49 Quorum
1793 2557 75 49 Deus

1071 2587 83 42 non
1118 2587 142 42 mutatur,
1225 2587 71 42 ii
1260 2587 118 42 nullis
1343 2587 201 42 calamitatibus
1496 2587 165 42 consumentur?

1104 2621 134 44 Quarta:
1201 2621 97 44 Quum
1262 2621 97 44 Deus
1323 2621 122 44 noster
1408 2621 85 44 sit
1457 2621 195 44 immutabilis,
1615 2621 85 44 non
1663 2621 146 44 patietur
1773 2621 85 44 nos
1809 2621 49 44 in

1075 2657 103 41 morte
1143 2657 126 41 penitus
1235 2657 149 41 interire,
1350 2657 80 41 nec
1396 2657 138 41 patietur
1499 2657 126 41 corpora
1591 2657 115 41 nostra
1672 2657 69 41 in
1706 2657 138 41 perpetua
1798 2657 69 41 cor-

1064 2687 158 51 ruptione
1169 2687 119 51 manere.

1110 2718 145 48 Quinta:
1215 2718 92 48 Cum
1268 2718 105 48 Deus
1334 2718 132 48 noster
1426 2718 92 48 sit
1479 2718 211 48 immutabilis,
1650 2718 92 48 nos
1703 2718 132 48 quoque
1782 2718 79 48 pos-

1067 2753 106 50 hanc
1133 2753 119 50 vitam
1212 2753 132 50 erimus
1305 2753 199 50 immutabiles
1464 2753 132 50 animis
1557 2753 66 50 &
1583 2753 199 50 corporibus,
1742 2753 79 50 ut
1768 2753 93 50 imags

1079 2786 79 40 Dei
1124 2786 124 40 integre
1214 2786 67 40 in
1247 2786 101 40 nobis
1315 2786 180 40 instauretur.

1121 2833 171 65 Hactenus
1249 2833 200 65 declavatae
1406 2833 114 65 sunt
1478 2833 228 65 proprietates
1663 2833 100 65 Dei
1706 2833 114 65 essen-

1241 2885 143 64 tiales
1341 2885 129 64 primi
1426 2885 171 64 ordinis:
1555 2885 186 64 sequuntur

1400 2929 160 65 secundi.
