2063 3450
197 211 111 44 Eadem
271 211 99 44 vero
332 211 185 44 praesentia;
480 211 86 44 est
529 211 111 44 causa
603 211 111 44 earum
677 211 123 44 rerum,
763 211 99 44 quas
825 211 148 44 decrevit
923 211 62 44 De-

166 255 68 38 us
200 255 114 38 facere
279 255 80 38 vel
325 255 80 38 per
371 255 68 38 se
405 255 80 38 vel
450 255 80 38 per
496 255 114 38 alios.
576 255 80 38 Ita
621 255 80 38 non
667 255 114 38 omnium
746 255 91 38 quae
803 255 91 38 Deus
849 255 125 38 praescit.

169 282 90 42 ipse
225 282 78 42 est
270 282 112 42 autor,
348 282 78 42 sed
393 282 112 42 tantum
471 282 101 42 eorum
538 282 90 42 quae
594 282 90 42 ipse
650 282 112 42 facere
729 282 146 42 decrevit,
841 282 90 42 sive
897 282 78 42 per
930 282 45 42 se

173 317 94 37 sive
232 317 82 37 per
279 317 117 37 alios.
360 317 82 37 Res
407 317 82 37 non
454 317 105 37 tales
524 317 94 37 sunt
583 317 70 37 ob
618 317 129 37 divinam
711 317 199 37 praenotionem,
875 317 82 37 sed
910 317 70 37 quia

178 351 101 35 tales
245 351 124 35 futurae
335 351 112 35 erant,
414 351 90 35 ipso
470 351 79 35 Deo
515 351 79 35 vel
560 351 124 35 agente,
650 351 79 35 vel
695 351 180 35 praepatante,
841 351 79 35 vel
875 351 101 35 permit.

172 384 104 41 tente
241 384 58 41 &
264 384 161 41 ordinante,
390 384 92 41 ideo
448 384 81 41 eas
482 384 92 41 novit:

210 410 92 41 Hoc
262 410 158 41 tenendum
381 410 79 41 ad
420 410 184 41 refutandos
551 410 158 41 Manichaeo:

204 444 110 43 Omnia
277 444 122 43 quidem
362 444 98 43 quae
424 444 122 43 futura
509 444 122 43 erant,
594 444 98 43 Deus
655 444 183 43 praescivit:
802 444 85 43 sed
851 444 85 43 non
887 444 98 43 omnium

182 479 82 51 quae
233 479 144 51 praescivit
346 479 72 51 est
388 479 93 51 causa
449 479 72 51 vel
491 479 103 51 autor.

207 516 93 45 III.
265 516 81 45 Nec
312 516 93 45 alia
370 516 128 45 ratione
463 516 93 45 Deus
521 516 93 45 quae
579 516 93 45 sunt
637 516 163 45 praevidit,
765 516 93 45 quam
823 516 93 45 quia
881 516 70 45 ut
904 516 70 45 fie-

173 549 89 39 rent
229 549 145 39 decrevit.

210 578 82 40 IV.
257 578 82 40 Nec
304 578 188 40 praescientia
457 578 82 40 seu
504 578 153 40 praevisio
622 578 118 40 divina
704 578 118 40 affert
786 578 106 40 rebus
857 578 59 40 &
868 578 106 40 eventi-

178 610 87 40 bus
227 610 137 40 futuris
327 610 200 40 necessitatem
490 610 75 40 in
527 610 125 40 ipsis.
615 610 150 40 Utrumque
727 610 100 40 enim
790 610 112 40 verum
865 610 100 40 est,
915 610 62 40 tum

170 651 196 32 contingentia
329 651 61 32 a
353 651 86 32 Deo
402 651 147 32 cognosci
512 651 171 32 necessario
647 651 61 32 &
671 651 232 32 infallibiliter,
855 651 122 32 quatenus

166 680 154 46 subduntur
285 680 119 46 divino
368 680 154 46 adspectui
487 680 143 46 secundum
594 680 107 46 modum
665 680 178 46 praesentiae
808 680 131 46 illius,
891 680 83 46 eoque

175 714 89 34 esse
230 714 155 34 necessaria
352 714 66 34 in
385 714 133 34 scientia
485 714 100 34 ejus:
551 714 78 34 tum
596 714 122 34 futura,
684 714 66 34 in
717 714 66 34 se
751 714 89 34 (non
806 714 100 34 autem
872 714 66 34 in
895 714 66 34 Deo.

164 746 101 36 esse
228 746 202 36 contingentia
392 746 88 36 cum
442 746 101 36 suis
506 746 126 36 causis
594 746 177 36 comparata,
733 746 202 36 quandoquidem
885 746 88 36 nihil

172 784 82 31 est
219 784 82 31 tam
266 784 175 31 contingens,
405 784 93 31 quin
464 784 152 31 adhaereat
580 784 117 31 semper
662 784 128 31 aliquid
755 784 175 31 necessarii.
883 784 82 31 Mult,

169 810 102 41 minus
237 810 114 41 affert
317 810 182 41 praescientia
464 810 80 41 seu
510 810 148 41 praevisio
624 810 114 41 divina
703 810 148 41 coactivam
806 810 159 41 necessitatem

173 851 164 38 peccandi:
299 851 88 38 nam
350 851 139 38 naturam
451 851 113 38 ipsam
526 851 139 38 hominis
627 851 63 38 &
652 851 176 38 voluntatem
791 851 88 38 non
841 851 139 38 abolet,
929 851 38 38 u

176 882 78 39 nec
220 882 212 39 praedestinatio.
399 882 78 39 Nec
444 882 89 39 ideo
499 882 145 39 peccamus,
611 882 89 39 quia
667 882 134 39 praescit
767 882 100 39 Deus,
834 882 78 39 sed
867 882 112 39 praescit

181 916 140 45 potius,
283 916 102 45 quia
347 916 166 45 peccaturi
474 916 127 45 sumus,
563 916 127 45 inquit
653 916 178 45 Augustinus
793 916 76 45 ad
818 916 153 45 Simpliciat

147 948 108 33 num.

204 971 185 49 Praescientia
355 971 81 49 Dei
401 971 81 49 non
447 971 104 49 cogit
516 971 139 49 hominem,
620 971 69 49 ut
655 971 104 49 talis
724 971 81 49 sit
771 971 116 49 qualum
840 971 127 49 praescivi

178 1010 102 35 Deus,
246 1010 80 35 sed
291 1010 137 35 praescit
394 1010 102 35 talem
462 1010 137 35 futurum,
564 1010 114 35 qualis
644 1010 125 35 futurus
735 1010 91 35 est,
792 1010 125 35 quamvis
883 1010 80 35 eum
917 1010 57 35 non

179 1043 80 37 sic
224 1043 125 37 fecerit
315 1043 103 37 Deus:
384 1043 160 37 Augustinus
509 1043 125 37 septimo
601 1043 103 37 tomo,
669 1043 103 37 libro
737 1043 68 37 de
760 1043 217 37 praedestinatione.

178 1075 56 47 &
200 1075 123 47 gratia,
289 1075 112 47 capite
356 1075 56 47 15.

214 1101 72 45 V.
250 1101 108 45 Eadem
322 1101 192 45 praescientia
478 1101 108 45 patet
550 1101 120 45 latius
635 1101 96 45 quam
695 1101 228 45 praedestinatio,
887 1101 84 45 sed
923 1101 60 45 non

168 1148 105 42 patet
238 1148 116 42 latius
319 1148 93 42 quam
378 1148 151 42 decretum:
494 1148 81 42 Nam
540 1148 105 42 nulla
610 1148 93 42 alia
668 1148 163 42 praescivit
796 1148 105 42 Deus,
865 1148 93 42 nisi
912 1148 58 42 qua

173 1173 142 37 decrevit,
283 1173 77 37 vel
326 1173 110 37 facere
403 1173 77 37 vel
447 1173 153 37 permittere
556 1173 88 37 fieris

213 1203 84 40 VI.
261 1203 191 40 Praescientia
416 1203 60 40 a
440 1203 179 40 permissiono
583 1203 191 40 distinguenda
738 1203 95 40 est:
798 1203 155 40 differunt
905 1203 72 40 enim

172 1240 92 42 toto
229 1240 126 42 genere.
321 1240 80 42 Nam
367 1240 184 42 praescientia
516 1240 80 42 est
562 1240 103 42 actus
630 1240 218 42 intelligentiae:
814 1240 149 42 permissio
917 1240 69 42 est:

176 1273 99 40 actus
242 1273 165 40 voluntatis,
374 1273 88 40 Illa
429 1273 77 40 est
473 1273 154 40 imminentis
595 1273 110 40 actus,
672 1273 66 40 ut
705 1273 121 40 vocant:
793 1273 88 40 haec
848 1273 88 40 vero
892 1273 88 40 trans-

166 1303 128 43 euntis.
259 1303 93 43 Illa
317 1303 139 43 objectum
422 1303 93 43 suum
480 1303 70 43 in
515 1303 93 43 sese
573 1303 116 43 habet;
654 1303 93 43 haec
712 1303 104 43 autem
782 1303 104 43 extra
840 1303 46 43 se

214 1333 97 49 VII.
274 1333 109 49 Omnia
347 1333 97 49 quae
407 1333 97 49 Deus
467 1333 181 49 praescivit,
612 1333 109 49 etiam
684 1333 121 49 voluit
769 1333 121 49 fieri:
853 1333 97 49 quia
902 1333 72 49 nihi

184 1372 129 35 prorsus
278 1372 94 35 fit,
337 1372 94 35 nisi
396 1372 94 35 quod
454 1372 94 35 Deus
513 1372 117 35 voluit
595 1372 117 35 fieri,
678 1372 106 35 bonum
748 1372 117 35 quidem
830 1372 82 35 Deo
877 1372 94 35 ipso
924 1372 59 35 fa-

180 1405 117 51 ciente
262 1405 82 51 vel
309 1405 82 51 per
356 1405 70 51 se
391 1405 82 51 vel
438 1405 82 51 per
485 1405 117 51 alios;
567 1405 141 51 peccatum
672 1405 94 51 vero
731 1405 176 51 permittente
872 1405 70 51 ut
895 1405 82 51 faci-

173 1439 75 37 anc
206 1439 65 37 alii

207 1457 193 53 Praescientia
364 1457 85 53 Dei
412 1457 205 53 particularis,
581 1457 85 53 est
630 1457 85 53 qua
678 1457 157 53 speciatim
799 1457 145 53 quosdam,
895 1457 85 53 nimi-

171 1503 83 37 rum
219 1503 143 37 electos,
326 1503 83 37 cum
373 1503 143 37 gratioso
480 1503 119 37 amoris
563 1503 143 37 affectu,
670 1503 71 37 ut
706 1503 95 37 suos
765 1503 202 37 praecognovit.
920 1503 59 37 Ro-

179 1542 98 37 man.
240 1542 73 37 8.
277 1542 86 37 29.
325 1542 86 37 Nam
374 1542 98 37 quos
435 1542 171 37 praenovit,
570 1542 110 37 etiam
643 1542 220 37 praedestinauit
814 1542 171 37 conformandos

183 1569 112 39 imagini
265 1569 92 39 Filij
326 1569 82 39 sui.
377 1569 61 39 1.
408 1569 92 39 Petr.
469 1569 61 39 1.
500 1569 92 39 vers.
561 1569 61 39 2.
592 1569 112 39 Electis
673 1569 61 39 ex
704 1569 164 39 praescientia
837 1569 82 39 Dei.
888 1569 82 39 Haec
929 1569 51 39 est

174 1601 112 41 causa
248 1601 112 41 eorum
322 1601 99 41 quae
384 1601 99 41 Deus
446 1601 186 41 praescivit.
595 1601 87 41 Cum
645 1601 99 41 enim
707 1601 136 41 dicimur
806 1601 124 41 electi
893 1601 74 41 &-

245 1644 63 38 1.
277 1644 95 38 Petr.
340 1644 63 38 1.
371 1644 63 38 v.
403 1644 63 38 2.
435 1644 95 38 certe
603 1644 105 38 causam
676 1644 147 38 electionis
792 1644 158 38 significat,

206 1668 111 39 Rursus
284 1668 178 39 praescientia
428 1668 78 39 Dei
473 1668 78 39 vel
517 1668 134 39 theorica
618 1668 89 39 est,
673 1668 78 39 vel
707 1668 122 39 practica-

208 1701 200 39 Praescientia
370 1701 100 39 Dei,
432 1701 187 39 quemadmodum
582 1701 62 39 &
607 1701 162 39 scientia,
732 1701 200 39 consideratur
882 1701 100 39 duobus

176 1739 118 37 modis:
259 1739 94 37 uno:
317 1739 141 37 absolute
423 1739 212 37 simpliciterque
600 1739 141 37 secundum
705 1739 141 37 propriam
811 1739 141 37 rationem
905 1739 71 37 ejus

181 1766 70 38 in
216 1766 129 38 seipsa:
310 1766 129 38 altero,
404 1766 141 38 secundum
510 1766 94 38 quid
569 1766 59 38 &
592 1766 164 38 respective
722 1766 82 38 (ut
769 1766 164 38 loquuntur)
886 1766 94 38 prous-

183 1801 70 42 est
223 1801 160 42 praescientia
353 1801 140 42 artificis,
463 1801 70 42 res
503 1801 50 42 a
523 1801 60 42 se
553 1801 140 42 praescitas
664 1801 140 42 operantis.
774 1801 90 42 Prior
834 1801 70 42 est
864 1801 120 42 praescien-

171 1835 85 47 tia
219 1835 109 47 nuda,
292 1835 72 47 ac
328 1835 133 47 proinde
424 1835 157 47 theorica,
545 1835 193 47 speculativa,
702 1835 205 47 contemplativa
871 1835 145 47 dicitur:

178 1872 142 43 posterior
287 1872 76 43 est
331 1872 120 43 activa,
418 1872 87 43 ideo
472 1872 131 43 practica
570 1872 163 43 appellatur:

207 1901 185 41 Praescientia
358 1901 81 41 Dei
404 1901 150 41 theorica,
520 1901 81 41 est
566 1901 92 41 quae
624 1901 139 41 absolute
728 1901 208 41 simpliciterque
890 1901 92 41 secun-

172 1928 84 57 dum
220 1928 143 57 propriam
327 1928 143 57 rationem
435 1928 96 57 suam
495 1928 72 57 in
531 1928 120 57 seipsa
614 1928 96 57 agit
674 1928 72 57 ac
710 1928 84 57 non
758 1928 72 57 in
794 1928 108 57 alio,
853 1928 120 57 distinct

170 1965 65 39 a
183 1965 143 39 voluntate

226 1997 88 39 Quod
281 1997 66 39 si
314 1997 176 39 praescientia
457 1997 132 39 theorica
556 1997 66 39 in
589 1997 88 39 alio
645 1997 121 39 ageret,
733 1997 77 39 jam
777 1997 66 39 ex
810 1997 99 39 facto
865 1997 121 39 theorica-

179 2031 88 38 esse
234 2031 154 38 desineret.
355 2031 165 38 Intellectus
487 2031 77 38 non
531 2031 88 38 agit
586 2031 66 38 in
619 2031 110 38 alium,
696 2031 66 38 ut
729 2031 165 38 intellectus
861 2031 88 38 est.
905 2031 66 38 Pro-

181 2062 99 45 prium
247 2062 165 45 intellectus
379 2062 88 45 est,
434 2062 66 45 ut
467 2062 77 45 suo
511 2062 88 45 modo
566 2062 154 45 percipiat,
688 2062 88 45 quae
743 2062 99 45 foris
809 2062 99 45 sunt:
864 2062 110 45 proprii-

178 2095 159 41 voluntatis
303 2095 68 41 ut
337 2095 68 41 ad
371 2095 68 41 ea
405 2095 91 41 quae
462 2095 102 41 foris
530 2095 91 41 sunt
587 2095 137 41 moveatur
690 2095 159 41 intellectu
815 2095 91 41 suo.
860 2095 114 41 Scientia

182 2127 53 44 &
204 2127 169 44 praescientia
341 2127 158 44 intellectus
467 2127 84 44 est,
520 2127 63 44 ac
552 2127 74 44 non
594 2127 158 44 voluntatis:
721 2127 74 44 per
763 2127 63 44 se
795 2127 106 44 igitur
868 2127 74 44 non
900 2127 74 44 effi-

170 2157 88 45 cit
221 2157 151 45 quicquam
334 2157 126 45 foris,
422 2157 76 45 ac
460 2157 138 45 proinde
561 2157 88 45 non
611 2157 88 45 est
661 2157 113 45 causa
737 2157 113 45 eorum
812 2157 101 45 quae
875 2157 126 45 fiunt.
951 2157 50 45 Si

180 2193 118 46 quando
263 2193 106 46 certo
334 2193 83 46 (ut
381 2193 94 46 fit)
440 2193 165 46 praescivit
570 2193 142 46 medicus,
676 2193 142 46 aegrotum
782 2193 106 46 brevi
841 2193 142 46 moriturum,

177 2235 71 34 an
213 2235 118 34 mortis
296 2235 118 34 causam
378 2235 130 34 dixeris
473 2235 201 34 praescientiam
639 2235 107 34 ejus?
710 2235 71 34 si
745 2235 166 34 aedificium
864 2235 118 34 ruiturum

178 2268 170 36 architectus
314 2268 181 36 praeviderit;
461 2268 68 36 si
495 2268 159 36 speculator
620 2268 170 36 praenoverit
756 2268 136 36 viatorem
858 2268 68 36 in
880 2268 91 36 pericu

185 2292 80 43 lum
230 2292 57 43 a
253 2292 137 43 leonibus
356 2292 80 43 vel
402 2292 103 43 lupis
470 2292 80 43 vel
516 2292 171 43 praedonibus
653 2292 149 43 venturum;
767 2292 69 43 si
802 2292 114 43 natura
870 2292 103 43 praevi-

181 2323 110 42 derit
254 2323 73 42 in
290 2323 97 42 alto
351 2323 158 42 perituram
473 2323 122 42 navim,
559 2323 85 42 dum
607 2323 122 42 littus
693 2323 85 42 non
741 2323 122 42 potest
827 2323 134 42 legere;
912 2323 73 42 quis

174 2359 110 44 horum
247 2359 207 44 praescientiam
417 2359 122 44 causam
502 2359 97 44 esse
563 2359 134 44 istorum
661 2359 134 44 malorum
758 2359 183 44 affirmabit?
904 2359 97 44 quit

183 2392 143 45 proprium
290 2392 83 45 est
338 2392 154 45 scientiae
456 2392 59 45 &
480 2392 202 45 praescientiae
646 2392 95 45 quod
706 2392 107 45 aeque
777 2392 95 45 mala
837 2392 154 45 cognoscit
943 2392 48 45 ac

180 2423 112 43 bona,
254 2423 62 43 &
279 2423 173 43 praenoscit
415 2423 87 43 ea,
465 2423 74 43 an
502 2423 161 43 propterea
626 2423 87 43 est
675 2423 136 43 malorum
774 2423 124 43 causa?
861 2423 99 43 quid
911 2423 74 43 illa

188 2465 113 32 divina
267 2465 180 32 praescientia
413 2465 124 32 facias?
503 2465 90 32 quae
560 2465 158 32 praescivit
684 2465 90 32 mala
740 2465 101 32 omnia
808 2465 135 32 universe
909 2465 56 32 &
920 2465 68 32 sine

189 2499 177 43 exceptione
329 2499 114 43 ulla,
405 2499 114 43 eoque
481 2499 152 43 universe
595 2499 139 43 malorum
696 2499 127 43 omnium
785 2499 190 43 causas(quod
925 2499 63 43 ab-

185 2529 81 47 sit)
235 2529 131 47 diceretur

228 2542 179 58 Praescientia
373 2542 78 58 Dei
418 2542 145 58 practica,
530 2542 78 58 est
574 2542 89 58 quae
630 2542 78 58 cum
675 2542 145 58 voluntate
787 2542 112 58 juncta
865 2542 89 58 agit
921 2542 67 58 in
943 2542 45 58 a-

184 2588 96 50 lio.
244 2588 96 50 Hanc
304 2588 180 50 Scholastici
448 2588 204 50 praescientiam
617 2588 180 50 beneplaciti
761 2588 132 50 vocant:
857 2588 72 50 Et
893 2588 96 50 haec
941 2588 60 50 est

191 2628 116 44 eausa
256 2628 103 44 rerum.

232 2644 129 61 TERTIO,
326 2644 140 61 scientia
431 2644 82 61 Dei
478 2644 82 61 est
525 2644 82 61 vel
572 2644 152 61 visionis,
689 2644 82 61 vel
736 2644 152 61 simplicis
841 2644 152 61 intelligens

189 2693 56 45 tiae,

219 2716 143 46 Scientia
327 2716 143 46 visionis
434 2716 72 46 in
470 2716 96 46 Deo,
529 2716 84 46 est
577 2716 84 46 qua
625 2716 96 46 Deus
685 2716 72 46 ea
720 2716 96 46 quae
780 2716 96 46 sunt
840 2716 60 46 &
864 2716 119 46 omnino
935 2716 60 46 fu-

190 2754 99 42 tura
251 2754 99 42 sunt
313 2754 111 42 novit
387 2754 62 42 &
411 2754 123 42 videt,
498 2754 136 42 tanquam
596 2754 185 42 praesentia.
744 2754 111 42 Eaque
818 2754 111 42 novit
892 2754 111 42 primo
954 2754 49 42 in

186 2788 117 48 seipso
268 2788 82 48 non
315 2788 105 48 solum
385 2788 128 48 tanquam
478 2788 140 48 potente,
583 2788 82 48 hoc
630 2788 93 48 est,
688 2788 82 48 qui
735 2788 70 48 ea
770 2788 117 48 possit
852 2788 128 48 facere,
934 2788 58 48 sed

189 2832 115 30 etiam
266 2832 140 30 tanquam
367 2832 76 30 ea
406 2832 127 30 tandem
495 2832 115 30 fieri
558 2832 115 30 volente

225 2843 147 50 Secundao
335 2843 110 50 novit
408 2843 86 50 ea,
457 2843 73 50 in
494 2843 98 50 suis
555 2843 122 50 quoque
640 2843 122 50 causis
726 2843 147 50 secundis
836 2843 61 50 &
860 2843 159 50 proximis,
970 2843 37 50 a

194 2886 125 45 quibus
282 2886 125 45 omnino
370 2886 125 45 tandem
457 2886 225 45 proficiscentur
645 2886 63 45 &
670 2886 75 45 in
707 2886 113 45 lucem
782 2886 175 45 prodibunt.
907 2886 88 45 Ter

192 2919 82 42 tio
239 2919 128 42 novitra
332 2919 93 42 Deus
390 2919 70 42 in
425 2919 175 42 semetipsis,
565 2919 93 42 quia
623 2919 140 42 scilicet
728 2919 105 42 omnia
798 2919 117 42 futura
880 2919 105 42 sunt:
938 2919 70 42 Haec

201 2957 119 47 igitur
285 2957 143 47 scientia
392 2957 83 47 non
440 2957 107 47 novit
511 2957 143 47 innnitas
618 2957 83 47 res
666 2957 60 47 &
690 2957 191 47 substantias,
845 2957 131 47 nunquam
928 2957 72 47 enim

197 2990 96 40 turi
257 2990 72 40 ae
293 2990 96 40 sunt
352 2990 155 40 infinitae
472 2990 191 40 substantiae,
627 2990 96 40 quum
687 2990 132 40 creatio
783 2990 108 40 rerum
855 2990 60 40 &
867 2990 143 40 principium

199 3022 157 37 halmerit,
320 3022 61 37 &
344 3022 145 37 habitura
453 3022 85 37 sit
502 3022 121 37 sinem.
586 3022 85 37 Hac
635 3022 109 37 tamen
707 3022 145 37 scientia
816 3022 109 37 novit
877 3022 133 37 insinitas

200 3060 155 35 motiones,
320 3060 84 35 eo,
367 3060 155 35 geatiodes
487 3060 143 35 nimirum,
595 3060 179 35 affectiones
738 3060 60 35 &
762 3060 143 35 actiones
870 3060 72 35 in
893 3060 108 35 creatur

204 3089 82 38 ris
251 3089 82 38 tam
298 3089 105 38 malis
368 3089 93 38 quam
426 3089 117 38 bonis.
508 3089 93 38 Haec
566 3089 140 38 scientia
671 3089 128 38 vocatur
765 3089 105 38 etiam
835 3089 128 38 notitia
917 3089 93 38 intui-

202 3123 107 39 tiva,
273 3123 95 39 quae
333 3123 119 39 rendit
416 3123 71 39 in
452 3123 83 39 res
499 3123 71 39 ut
535 3123 166 39 praesentes
665 3123 107 39 sunt,
737 3123 83 39 non
784 3123 107 39 autem
856 3123 95 39 quia
903 3123 107 39 aliunde

204 3156 227 35 comprobantur.
390 3156 93 35 Hac
444 3156 107 35 Deus
510 3156 67 35 &
537 3156 80 35 se
577 3156 67 35 &
604 3156 173 35 creaturas
737 3156 173 35 intuetur:
870 3156 67 35 &
897 3156 120 35 tamen
963 3156 67 35 nec

201 3197 71 37 ab
237 3197 94 37 ipso
296 3197 94 37 Deo,
355 3197 106 37 neque
425 3197 59 37 a
449 3197 153 37 creaturis
567 3197 130 37 dicitur
661 3197 142 37 pendere,
767 3197 71 37 ut
803 3197 106 37 neque
862 3197 106 37 causari

238 3206 137 63 Scientia
341 3206 149 63 simplicis
455 3206 195 63 intelligentia
615 3206 69 63 in
650 3206 92 63 Deo,
707 3206 80 63 est
753 3206 80 63 qua
798 3206 92 63 Deus
856 3206 69 63 ea
890 3206 92 63 quae
947 3206 92 63 pos

1014 207 95 56 sunt
1073 207 118 56 quidem
1156 207 106 56 fieri
1227 207 59 56 &
1251 207 106 56 esse,
1322 207 83 56 sed
1369 207 130 56 nunquam
1463 207 118 56 fient,
1546 207 130 56 nunquam
1641 207 118 56 erunt,
1724 207 106 56 novit
1783 207 47 56 in

1026 249 86 42 sua
1075 249 148 42 duntaxat
1186 249 185 42 omnipotente
1334 249 160 42 essentia,
1457 249 86 42 non
1506 249 111 42 autem
1580 249 74 42 in
1617 249 148 42 volente,
1728 249 99 42 quia
1777 249 49 42 ea

1020 286 83 44 non
1067 286 94 44 vult
1126 286 118 44 fieri;
1209 286 106 44 neque
1280 286 71 44 in
1315 286 118 44 causis
1398 286 106 44 eorum
1468 286 153 44 secundis,
1586 286 94 44 quia
1645 286 118 44 nullas
1716 286 106 44 habent;

1021 321 105 34 neque
1091 321 70 34 in
1126 321 140 34 seipsis,
1231 321 93 34 quia
1290 321 128 34 nunquam
1383 321 117 34 futura
1465 321 93 34 sunt

1067 342 85 51 Haec
1120 342 127 51 scientia
1215 342 116 51 dicitur
1300 342 137 51 simplicis
1405 342 201 51 intelligentiae,
1574 342 85 51 quia
1627 342 85 51 quae
1680 342 74 51 non
1712 342 116 51 exsistut:

1019 379 126 42 reipsa,
1110 379 149 42 solummodo
1225 379 206 42 intelliguntur.
1396 379 103 42 Eaque
1465 379 114 42 solius
1545 379 137 42 Deitatis
1648 379 92 42 est,
1706 379 80 42 sic
1751 379 69 42 ut
1774 379 46 42 no

1027 419 123 46 quidem
1113 419 123 46 animae
1199 419 136 46 Christi
1298 419 99 46 ullo
1360 419 99 46 modo
1421 419 160 46 competat;
1544 419 99 46 etsi
1606 419 173 46 similitudo
1729 419 99 46 creata

1032 447 134 42 scientiae
1135 447 124 42 visionis
1227 447 72 42 sit
1269 447 62 42 in
1300 447 93 42 anima
1351 447 103 42 Christi-

1053 477 82 47 Hac
1100 477 140 47 scientia
1205 477 105 47 novit
1275 477 93 47 Deus
1333 477 105 47 etiam
1403 477 151 47 insinitas
1519 477 186 47 substantias,
1671 477 128 47 tametsi
1752 477 70 47 nun-

1041 519 82 40 uam
1088 519 94 40 actu
1147 519 129 40 futurae
1241 519 106 40 sint:
1312 519 141 40 potentia
1417 519 94 40 enim
1476 519 82 40 Dei
1523 519 71 40 in
1558 519 153 40 infinitum
1664 519 153 40 extenditur?

1018 546 74 39 hoc
1061 546 85 39 est,
1114 546 106 39 potest
1188 546 127 39 infinita
1284 546 117 39 creare.
1369 546 85 39 Unde
1422 546 53 39 &
1443 546 127 39 scientia
1538 546 159 39 indefinita,
1666 546 85 39 quia
1719 546 74 39 est
1751 546 74 39 rerum

1017 579 194 47 infinitarum,
1174 579 97 47 etsi
1235 579 133 47 nunquam
1332 579 133 47 futurae
1429 579 109 47 sunt.
1501 579 97 47 Haec
1562 579 133 47 dicitur
1659 579 109 47 etiam
1719 579 109 47 notitia

1033 616 190 48 ibstractiva,
1187 616 95 48 quae
1246 616 154 48 antecedit
1365 616 107 48 omnem
1436 616 107 48 actum
1507 616 130 48 divinae
1590 616 154 48 voluntatis:

1322 650 189 44 Axiomata.

1046 684 76 51 I.
1084 684 101 51 Deus
1148 684 114 51 novit
1224 684 114 51 etiam
1300 684 76 51 ea
1338 684 101 51 quae
1401 684 89 51 non
1452 684 114 51 sunt:
1528 684 63 51 &
1554 684 101 51 vero
1617 684 114 51 etiam
1693 684 101 51 quae
1744 684 76 51 nun-

1030 728 94 41 quam
1089 728 94 41 actu
1148 728 118 41 futura
1231 728 106 41 sunt,
1302 728 83 41 dum
1349 728 94 41 modo
1408 728 83 41 non
1455 728 94 41 sint
1514 728 177 41 simpliciter
1644 728 177 41 impossibilia.

1020 756 69 38 Ut
1055 756 93 38 enim
1113 756 93 38 Deus
1171 756 81 38 non
1217 756 93 38 vult
1275 756 58 38 &
1298 756 81 38 non
1344 756 116 38 potest
1426 756 185 38 impossibilia
1576 756 185 38 simpliciter:
1726 756 81 38 ita
1761 756 58 38 et-

1026 787 82 39 iam
1073 787 71 39 ea
1109 787 82 39 non
1144 787 82 39 novit

1050 804 87 61 II.
1099 804 75 61 Ea
1137 804 100 61 quae
1199 804 137 61 nunquam
1299 804 100 61 sunt
1361 804 137 61 futura,
1461 804 137 61 dummodo
1561 804 87 61 non
1611 804 100 61 sint
1661 804 162 61 simpliciter

1011 852 206 54 impossibilia,
1180 852 121 54 habent
1265 852 97 54 esse
1326 852 73 54 in
1362 852 194 54 omnipotentia
1519 852 97 54 Dei:
1580 852 133 54 idcirco
1677 852 121 54 omnium
1761 852 85 54 eo

1017 886 83 39 rum
1064 886 83 39 est
1100 886 106 39 veritas

1054 904 167 55 Quaecunque
1185 904 95 55 Deus
1245 904 119 55 novit:
1328 904 119 55 aliquo
1412 904 95 55 modo
1471 904 131 55 habeant
1567 904 95 55 esse
1626 904 131 55 necesse
1722 904 95 55 est:
1769 904 48 55 At

1020 949 173 41 simpliciter
1159 949 184 41 impossibilia
1309 949 104 41 nullo
1378 949 92 41 modo
1436 949 115 41 habent
1516 949 104 41 esse:
1585 949 150 41 Cujusmodi
1701 949 104 41 sunt:
1758 949 58 41 Dei

1029 984 86 41 lum
1078 984 86 41 non
1127 984 110 41 esse,
1200 984 98 41 Deum
1262 984 86 41 non
1311 984 135 41 vivere,
1409 984 98 41 Deum
1470 984 86 41 non
1519 984 98 41 esse
1581 984 135 41 justum,
1679 984 98 41 Deum
1728 984 98 41 posse.

1033 1021 143 38 nentiri,
1140 1021 95 38 Deum
1200 1021 107 38 posse
1272 1021 131 38 seipsum
1367 1021 155 38 abnegare,
1486 1021 119 38 factum
1570 1021 107 38 posse
1641 1021 107 38 fieri
1701 1021 131 38 infectum,

1017 1050 83 54 duo
1065 1050 214 54 contradictoria
1243 1050 95 54 esse
1303 1050 167 54 simulvera,
1434 1050 83 54 &c.
1481 1050 95 54 Ergo
1541 1050 178 54 simpliciter
1671 1050 167 54 impossibilia

1029 1082 105 40 Deus
1094 1082 91 40 non
1133 1082 105 40 novit.

1050 1116 151 52 Tantum
1156 1116 91 52 de
1201 1116 182 52 Scientia
1338 1116 121 52 Dei:
1413 1116 76 52 a
1444 1116 106 52 qua
1504 1116 106 52 ars
1565 1116 76 52 &
1595 1116 197 52 prudentia
1731 1116 76 52 re-

1184 1164 114 68 ipsa
1255 1164 100 68 non
1312 1164 199 68 differunt,
1468 1164 100 68 sed
1525 1164 142 68 tantum
1611 1164 71 68 ra

1332 1220 147 45 tione.

1059 1262 81 48 Ars
1106 1262 92 48 Dei,
1163 1262 81 48 est
1209 1262 127 48 notitia
1302 1262 81 48 Dei
1348 1262 196 48 absolutissima
1509 1262 81 48 per
1555 1262 92 48 quam
1613 1262 173 48 artificiose
1740 1262 92 48 opera-

1034 1292 73 39 sua
1075 1292 125 39 efficit:
1169 1292 63 39 ut
1201 1292 115 39 dicitur
1284 1292 105 39 Psalm,
1358 1292 84 39 139.
1410 1292 73 39 15.
1452 1292 73 39 Non
1493 1292 105 39 celata
1567 1292 73 39 est
1608 1292 73 39 vis
1650 1292 73 39 mea
1692 1292 94 39 tibi,
1755 1292 63 39 ex
1776 1292 52 39 quo

1040 1327 106 37 factus
1115 1327 75 37 sum
1157 1327 64 37 in
1189 1327 117 37 abdito,
1275 1327 160 37 artificiose
1402 1327 138 37 confectus
1509 1327 64 37 in
1541 1327 85 37 imis
1594 1327 128 37 partibus
1690 1327 117 37 terrae.
1775 1327 75 37 Et

1033 1362 95 36 Hebr.
1097 1362 74 36 11.
1139 1362 63 36 v.
1170 1362 63 36 10
1202 1362 84 36 Deus
1254 1362 116 36 dicitur
1338 1362 126 36 rexvins
1433 1362 137 36 civitatis
1538 1362 147 36 coelestis,
1653 1362 63 36 id
1685 1362 84 36 est,
1727 1362 105 36 artifex.

1028 1395 91 38 Sic
1080 1395 130 38 mundus
1171 1395 91 38 seu
1223 1395 169 38 Universum
1353 1395 91 38 est
1405 1395 104 38 arte
1471 1395 130 38 factum
1562 1395 143 38 quoddam
1666 1395 143 38 supremi
1757 1395 65 38 Ar-

1024 1424 126 46 chetypi
1115 1424 160 46 divinaeque
1230 1424 80 46 artis

1063 1453 154 45 Prudentia
1182 1453 95 45 Dei,
1241 1453 83 45 est
1288 1453 130 45 notitia
1383 1453 83 45 Dei
1431 1453 213 45 absolutissima,
1609 1453 83 45 per
1656 1453 95 45 quam
1715 1453 107 45 omnia
1775 1453 59 45 de-

1013 1496 114 37 cernit
1092 1496 57 37 &
1115 1496 102 37 facit
1183 1496 68 37 ex
1217 1496 193 37 sapientissimo
1376 1496 136 37 consilio
1479 1496 159 37 voluntatis
1604 1496 102 37 suae,
1672 1496 102 37 Jesa.
1740 1496 80 37 40.
1774 1496 57 37 28.

1043 1526 98 37 Nulla
1109 1526 77 37 est
1152 1526 186 37 pervestigatio
1306 1526 153 37 prudentiae
1426 1526 98 37 ejus.
1492 1526 109 37 Jerem.
1568 1526 77 37 10.
1612 1526 98 37 vers.
1678 1526 77 37 12.
1711 1526 120 37 Prudentia

1036 1557 77 41 sua
1080 1557 131 41 extendit
1167 1557 88 41 coelo.

1059 1591 116 38 Porro
1136 1591 167 38 quaeritur
1265 1591 129 38 PRIMo,
1355 1591 77 38 An
1394 1591 90 38 Deo
1446 1591 155 38 competat
1561 1591 180 38 prudentia?
1703 1591 116 38 Causa
1768 1591 64 38 du-

1033 1621 123 40 bitandi
1122 1621 89 40 est,
1178 1621 89 40 quia
1234 1621 145 40 prudentia
1345 1621 89 40 sine
1401 1621 201 40 ratiocinatione
1568 1621 89 40 esse
1624 1621 78 40 non
1669 1621 123 40 potest:
1758 1621 67 40 ut
1780 1621 45 40 A-

1030 1662 165 34 ristoteles
1160 1662 106 34 docet
1231 1662 106 34 libro
1301 1662 118 34 sexto:
1384 1662 153 34 discursus
1502 1662 106 34 autem
1573 1662 59 34 &
1596 1662 189 34 ratiocinatio
1749 1662 59 34 a
1761 1662 71 34 Deo.

1040 1689 127 40 procul
1129 1689 139 40 absunt,
1230 1689 89 40 cum
1281 1689 228 40 imperfectionem
1471 1689 127 40 semper
1559 1689 114 40 intra
1635 1689 76 40 se
1673 1689 139 40 annexam
1762 1689 63 40 ha

1026 1726 89 37 beant.

1045 1748 166 56 RESPOND.
1170 1748 180 56 Prudentia
1308 1748 138 56 maxime
1405 1748 166 56 competit
1529 1748 111 56 Deo,
1598 1748 83 56 ut
1640 1748 180 56 subjectae
1764 1748 69 56 ra-

1024 1785 121 45 tiones
1097 1785 145 45 ostendunt.

1046 1816 78 42 I.
1085 1816 116 42 Omnes
1162 1816 155 42 virtutes
1279 1816 78 42 in
1318 1816 91 42 Deo
1369 1816 116 42 sunt,
1447 1816 91 42 sed
1499 1816 116 42 citra
1576 1816 116 42 omnem
1641 1816 181 42 imperfectio-

1028 1852 102 38 nem.
1092 1852 115 38 Aliud
1169 1852 102 38 enim
1233 1852 64 38 &
1258 1852 102 38 alio
1322 1852 102 38 modo
1386 1852 77 38 in
1425 1852 90 38 Deo
1476 1852 115 38 sunt,
1553 1852 102 38 quam
1617 1852 77 38 in
1655 1852 128 38 nobis.
1744 1852 77 38 In
1770 1852 64 38 Deo

1036 1885 89 46 sunt
1092 1885 89 46 ipsa
1148 1885 112 46 divina
1226 1885 134 46 essentia
1326 1885 190 46 simplicissima
1483 1885 56 46 &
1505 1885 201 46 perfectissima:
1673 1885 67 46 in
1706 1885 101 46 nobis
1762 1885 67 46 sunt

1033 1916 166 54 qualitates
1163 1916 166 54 compositae
1294 1916 83 54 cum
1341 1916 154 54 subjecto,
1459 1916 59 54 &
1471 1916 166 54 imperfectae.

1062 1950 73 40 At
1098 1950 158 40 prudentia
1220 1950 85 40 est
1268 1950 121 40 virtus
1341 1950 109 40 maxima:

1066 1983 93 45 Ergo
1124 1983 151 45 prudentia
1240 1983 81 45 est
1286 1983 69 45 in
1310 1983 69 45 Deo.

1059 2013 87 38 II.
1108 2013 174 38 Prudentiae
1245 2013 149 38 proprium
1356 2013 87 38 est
1406 2013 186 38 praecipere,
1555 2013 74 38 ut
1592 2013 74 38 ea
1629 2013 186 38 exsecutioni
1766 2013 74 38 man-

1026 2044 131 44 dentur,
1121 2044 95 44 quae
1181 2044 95 44 sunt
1241 2044 143 44 decreta:
1348 2044 83 44 Dei
1396 2044 107 44 autem
1467 2044 83 44 est
1515 2044 143 44 proprium
1622 2044 167 44 praecipere
1742 2044 83 44 omni-

1030 2082 85 56 bus
1078 2082 170 56 creaturis,
1212 2082 73 56 ut
1249 2082 122 56 ipsius
1334 2082 182 56 exsequantur
1479 2082 146 56 decreta:
1589 2082 97 56 Ergo
1650 2082 73 56 in
1686 2082 85 56 Deo
1735 2082 85 56 est
1771 2082 73 56 pru

1024 2113 94 37 dentia.

1063 2148 91 36 III.
1120 2148 80 36 Qui
1165 2148 91 36 agit
1223 2148 103 36 omnia
1291 2148 69 36 ex
1325 2148 137 36 consilio
1428 2148 160 36 voluntatis
1554 2148 103 36 suae,
1622 2148 69 36 in
1657 2148 69 36 eo
1691 2148 80 36 est
1725 2148 103 36 prudent

1033 2171 94 51 tia.
1092 2171 83 51 Nam
1139 2171 165 51 prudentiae
1269 2171 141 51 proprium
1375 2171 83 51 est
1422 2171 118 51 rectum
1505 2171 153 51 consilium
1623 2171 118 51 inire,
1705 2171 106 51 recto
1764 2171 71 51 con-

1036 2212 96 38 silio
1101 2212 96 38 omnia
1165 2212 75 38 sua
1208 2212 161 38 instituere,
1336 2212 107 38 agere,
1401 2212 107 38 dirigere

1069 2236 69 53 At
1103 2236 92 53 Deus
1160 2236 92 53 agit
1217 2236 103 53 omnia
1286 2236 69 53 ex
1320 2236 137 53 confilio
1423 2236 160 53 voluntatis
1549 2236 92 53 suae
1606 2236 114 53 Ephes.
1686 2236 69 53 1.
1721 2236 103 53 vers.
1778 2236 57 53 11.

1031 2282 89 40 Deus
1087 2282 89 40 agit
1143 2282 157 40 prudenter,
1266 2282 67 40 id
1299 2282 89 40 est,
1355 2282 145 40 proposito
1467 2282 101 40 certo
1523 2282 78 40 fine.

1063 2313 108 43 Ergo,
1123 2313 60 43 &c.

1064 2346 173 40 Quaeritur
1196 2346 159 40 SECUNDO:
1316 2346 146 40 Quomodo
1422 2346 173 40 prudentia
1555 2346 93 40 Deo
1608 2346 159 40 competat
1714 2346 40 40 i

1058 2374 151 41 RESPOND.
1171 2374 138 41 Proprie
1272 2374 88 41 Deo
1322 2374 163 41 competit,
1448 2374 88 41 sed
1498 2374 100 41 sine
1561 2374 163 41 discursu,
1686 2374 100 41 sine
1737 2374 100 41 ratio-

1040 2406 157 40 cinatione,
1163 2406 90 40 sine
1219 2406 202 40 consultatione.
1388 2406 90 40 Ideo
1444 2406 67 40 in
1478 2406 79 40 Deo
1523 2406 146 40 statuitur
1635 2406 56 40 a
1658 2406 146 40 Scriptura
1759 2406 67 40 con-

1037 2444 116 46 silium,
1122 2444 74 46 sed
1164 2444 84 46 sine
1217 2444 190 46 consultatione:
1375 2444 95 46 sicut
1438 2444 126 46 scietia,
1533 2444 74 46 sed
1575 2444 84 46 sine
1627 2444 137 46 discursu:
1722 2444 116 46 decretum,

1030 2475 81 47 sed
1077 2475 93 47 sine
1123 2475 174 47 deliberatione

1214 2501 192 62 Axiomata
1358 2501 96 62 de
1406 2501 208 62 sapientia
1550 2501 96 62 Dei.

1075 2543 70 47 I.
1110 2543 151 47 Sapientia
1227 2543 81 47 Dei
1273 2543 81 47 est
1320 2543 140 47 infinita
1425 2543 70 47 ac
1460 2543 244 47 imperscrutabilis,
1669 2543 93 47 quia
1727 2543 93 47 Deus
1774 2543 58 47 est

1042 2583 151 41 infinitus,
1161 2583 87 41 Job.
1215 2583 76 41 11.
1259 2583 65 41 v.
1291 2583 65 41 7,
1323 2583 65 41 8,
1356 2583 65 41 9.
1388 2583 65 41 An
1421 2583 184 41 profunditatem
1572 2583 141 41 sapientia
1681 2583 76 41 Dei
1713 2583 119 41 invenias.

1042 2621 110 41 Altior
1119 2621 77 41 est
1163 2621 154 41 altissimis
1284 2621 121 41 coelis,
1372 2621 88 41 quid
1427 2621 99 41 agas?
1493 2621 154 41 profundior
1614 2621 132 41 sepulero
1713 2621 88 41 imo;
1768 2621 88 41 quid

1041 2660 165 36 cognoscas?
1171 2660 130 36 Longior
1266 2660 106 36 terra
1336 2660 130 36 mensura
1431 2660 106 36 ejus:
1502 2660 59 36 &
1525 2660 118 36 latior
1608 2660 177 36 maritPsalm.
1750 2660 94 36 147.
1797 2660 47 36 5:

1045 2691 125 37 Magnus
1132 2691 87 37 est
1182 2691 137 37 Dominus
1282 2691 125 37 noster
1369 2691 62 37 &
1394 2691 125 37 multus
1482 2691 150 37 viribus,
1594 2691 112 37 cujus
1657 2691 187 37 intelligentia

1045 2716 78 46 est
1089 2716 200 46 innumerabilis.
1256 2716 122 46 Jes.40.
1345 2716 67 46 v.
1379 2716 78 46 13.
1423 2716 89 46 Quis
1479 2716 134 46 expendit
1579 2716 134 46 spiritum
1679 2716 134 46 Iehovae?
1779 2716 67 46 Et
1801 2716 45 46 v:

1054 2757 87 39 58.
1103 2757 112 39 Annon
1178 2757 149 39 novisti?
1290 2757 112 39 nonne
1365 2757 162 39 audivisti
1489 2757 100 39 Deum
1551 2757 149 39 aeternum
1663 2757 149 39 Iehovam,
1763 2757 87 39 crea-

1041 2782 106 45 torem
1112 2782 188 45 extremitatum
1265 2782 118 45 terrae
1347 2782 82 45 non
1394 2782 165 45 defetisci,
1524 2782 106 45 neque
1594 2782 176 45 defatigari?
1735 2782 106 45 nulla
1794 2782 59 45 est

1057 2826 191 34 pervestigatio
1214 2826 157 34 prudentiae
1338 2826 101 34 ejus.
1405 2826 112 34 Roman.
1484 2826 79 34 11.
1529 2826 79 34 33.
1574 2826 79 34 34.
1619 2826 56 34 O
1642 2826 146 34 profundas
1743 2826 101 34 divitia

1057 2850 82 44 lum
1104 2850 164 44 sapientiae
1233 2850 82 44 tum
1280 2850 176 44 cognitionis
1420 2850 140 44 Deilquam
1525 2850 199 44 inscrutabilia
1689 2850 94 44 sunt
1748 2850 94 44 ejus
1794 2850 59 44 ju-

1053 2883 125 46 dicia,
1141 2883 63 46 &
1166 2883 100 46 ejus
1229 2883 100 46 viae
1291 2883 276 46 impervestigabiles?
1529 2883 100 46 Quis
1592 2883 100 46 enim
1655 2883 150 46 cognovit
1755 2883 100 46 mentem

1036 2921 118 41 Domini-

1083 2947 88 42 II.
1134 2947 101 42 Deus
1197 2947 114 42 omnia
1273 2947 164 42 sapienter
1399 2947 126 42 facit,
1488 2947 126 42 Psalm.
1576 2947 101 42 104.
1639 2947 76 42 v.
1677 2947 88 42 24.
1728 2947 101 42 Quam
1779 2947 88 42 ampla

1059 2982 96 44 sunt
1119 2982 108 44 opera
1191 2982 84 44 tua
1239 2982 60 44 o
1263 2982 132 44 Iehova!
1359 2982 96 44 quam
1419 2982 72 44 ea
1455 2982 108 44 omnia
1526 2982 156 44 sapienter
1646 2982 192 44 fecistitquam
1790 2982 72 44 ple-

1057 3018 67 39 na
1090 3018 78 39 est
1135 3018 101 39 terra
1202 3018 168 39 possessione
1336 3018 89 39 tuas
1392 3018 134 39 Proverb.
1492 3018 67 39 3.
1526 3018 101 39 vers.
1593 3018 78 39 19,
1638 3018 67 39 20
1671 3018 112 39 Iehova
1738 3018 123 39 sapientia

1056 3048 133 46 fundavit
1156 3048 122 46 terram,
1244 3048 122 46 statuit
1333 3048 111 46 coelos
1411 3048 200 46 intelligentia.
1577 3048 133 46 Scientia
1677 3048 89 46 ejus
1732 3048 111 46 abyssi
1799 3048 67 46 dif-

1048 3089 99 39 fisse
1114 3089 99 39 sunt.
1180 3089 88 39 Jer.
1235 3089 77 39 10.
1279 3089 66 39 v.
1312 3089 77 39 12.
1356 3089 77 39 Qui
1400 3089 99 39 fecit
1465 3089 110 39 terram
1542 3089 121 39 virtute
1630 3089 88 39 sua,
1685 3089 143 39 stabilist
1784 3089 77 39 orbem

1059 3114 178 46 nabilabilem
1201 3114 154 46 sapientia
1320 3114 95 46 sua,
1379 3114 59 46 &
1403 3114 154 46 prudentia
1521 3114 83 46 sua
1569 3114 142 46 extendit
1663 3114 107 46 coelos.

1080 3150 94 43 III.
1139 3150 105 43 Solus
1209 3150 94 43 Deus
1268 3150 82 43 est
1315 3150 141 43 sapiens,
1420 3150 94 43 Rom.
1479 3150 82 43 16.
1526 3150 70 43 v.
1561 3150 82 43 27.
1608 3150 94 43 Soli
1666 3150 141 43 sapienti
1772 3150 82 43 Deo
1807 3150 70 43 glo-

1063 3179 86 44 ria
1112 3179 86 44 per
1161 3179 110 44 Iesum
1234 3179 147 44 Christum
1344 3179 73 44 in
1381 3179 135 44 secula,
1479 3179 110 44 Amen.
1553 3179 110 44 Solus
1626 3179 98 44 Deus
1687 3179 86 44 est
1724 3179 147 44 omniscius:

1058 3216 101 44 solus
1125 3216 101 44 novit
1193 3216 101 44 omnia
1260 3216 67 44 in
1294 3216 101 44 coelo
1361 3216 56 44 &
1384 3216 67 44 in
1406 3216 90 44 terra
