2063 3386
230 156 94 54 ejus
289 156 82 54 est
336 156 129 54 arguere
430 156 70 54 ex
465 156 164 54 autoritate
594 156 117 54 Sacrae
676 156 117 54 quidem
758 156 164 54 Scripturae
887 156 129 54 proprie
981 156 59 54 &
993 156 47 54 ex

230 200 205 42 necessitate,
396 200 141 42 aliorum
499 200 102 42 vero
563 200 166 42 sanctorum
691 200 115 42 nempe
767 200 128 42 Patrum
844 200 179 42 orthodoxorum

244 233 88 51 qui
295 233 101 51 post
358 233 164 51 Apostolos
485 233 152 51 fuerunt,
598 233 215 51 probabiliter;
775 233 215 51 Philosophorum
940 233 88 51 autem

250 262 103 57 quasi
318 262 149 57 extranee:
433 262 161 57 rationibus
560 262 92 57 vero
617 262 149 57 naturalis
732 262 138 57 rationis
836 262 69 57 ad
870 262 126 57 aliquam
951 262 80 57 mani-

248 297 184 49 testationem,
397 297 80 49 non
443 297 69 49 ad
477 297 149 49 probandam
592 297 115 49 fidem.
672 297 115 49 Thomas
753 297 126 49 Aquinas
844 297 69 49 1.
879 297 69 49 q.
913 297 69 49 1.
948 297 92 49 art.
994 297 34 49 8

502 340 133 62 Haec
586 340 100 62 de
619 340 150 62 genere.

458 428 280 62 CAPUT
613 428 187 62 XIV.

286 488 99 67 De
335 488 247 67 differentia
532 488 230 67 Theologiae
714 488 181 67 nostrae
845 488 82 67 &
862 488 115 67 prin-

505 550 163 56 cipio
595 550 181 56 eiusdem.

308 597 179 62 THEOLOGIAE
449 597 141 62 nostrae
551 597 115 62 genus
628 597 102 62 esse
692 597 179 62 sapientiam
832 597 128 62 capite
909 597 128 62 superio-

316 639 68 44 re
350 639 171 44 confirmatum
487 639 91 44 est:
544 639 80 44 jam
589 639 182 44 consideranda
738 639 80 44 est
783 639 171 44 differentia
920 639 57 44 &
931 639 103 44 causqae

323 678 149 42 efficiens
437 678 126 42 proxima
528 678 69 42 ac
563 678 160 42 immediata,
688 678 69 42 ad
722 678 149 42 perfectam
837 678 183 42 definitionem
974 678 57 42 re

252 709 98 53 quisita.

283 737 203 45 DIFFERENTIA
446 737 190 45 Theologiae
595 737 149 45 nostrae
703 737 217 45 intelligitur
879 737 68 45 e
893 737 135 45 subjecto

251 771 82 45 cum
298 771 128 45 dicitur
391 771 93 45 esse
450 771 105 45 rerum
520 771 163 45 divinarum.
648 771 128 45 Divinas
741 771 82 45 res
788 771 82 45 cum
835 771 175 45 appellamus,
963 771 70 45 qua-

250 805 169 47 druplicem
380 805 195 47 conditionem
536 805 182 47 Theologiae
679 805 78 47 in
718 805 91 47 eis
770 805 221 47 complectimur,
939 805 91 47 ortum

258 842 159 49 objectum,
380 842 123 49 rgodum
466 842 61 49 &
478 842 86 49 finem

283 869 103 55 Ortus
351 869 161 55 Theologiae
478 869 103 55 hujus
546 869 80 55 est
592 869 138 55 divinus:
696 869 92 55 sunt
753 869 92 55 enim
810 869 80 55 res
856 869 69 55 in
891 869 69 55 ea
914 869 126 55 traditae,

246 913 152 43 divinitus
363 913 163 43 patefactae
491 913 105 43 nobis
561 913 70 43 in
596 913 152 43 Scriptura
713 913 163 43 θεοπνρισῳ.
841 913 152 43 Objectum,
946 913 93 43 citca;

253 948 93 46 quod
312 948 140 46 versatur
416 948 163 46 Theologia,
545 948 128 46 divinum
638 948 93 46 est,
696 948 105 46 nempe
766 948 93 46 Deus
824 948 93 46 ipse
883 948 70 46 ad
917 948 105 46 cujus
976 948 58 46 co-

252 982 159 46 gnitionem
374 982 61 46 &
399 982 123 46 cultum
485 982 110 46 omnia
558 982 172 46 Theologiae
693 982 159 46 praecepta
815 982 135 46 ducunt,
913 982 98 46 sive
962 982 74 46 sint

257 1017 64 36 de
289 1017 128 36 essentia
385 1017 53 36 &
407 1017 107 36 natura
482 1017 75 36 seu
524 1017 150 36 attributis
642 1017 85 36 Dei,
695 1017 85 36 sive
749 1017 64 36 de
781 1017 128 36 personis
877 1017 139 36 Deitatis,
973 1017 64 36 sive

259 1051 71 35 de
295 1051 155 35 operibus,
414 1051 71 35 ac
450 1051 71 35 in
485 1051 107 35 summa
557 1051 71 35 de
592 1051 131 35 omnibus
688 1051 95 35 quae
747 1051 83 35 Dei
795 1051 107 35 sunt,
866 1051 60 35 &
890 1051 60 35 a
914 1051 95 35 Deo,
973 1051 60 35 &
985 1051 48 35 ac

255 1075 99 44 Deum
316 1075 111 44 recte
391 1075 210 44 cognoscendum,
564 1075 186 44 colendumque
712 1075 148 44 ordinata
824 1075 99 44 est.
886 1075 111 44 Modus
947 1075 87 44 etiam

256 1116 110 34 illius
333 1116 121 34 divinus
421 1116 88 34 est,
475 1116 110 34 forma,
552 1116 121 34 actione
640 1116 55 34 &
662 1116 121 34 effectu
750 1116 88 34 suo,
805 1116 77 34 non
848 1116 110 34 humana
925 1116 99 34 solum
980 1116 44 34 o-

259 1149 97 35 mnia
319 1149 193 35 transcendens
476 1149 72 35 in
512 1149 169 35 infinitum,
645 1149 84 35 sed
693 1149 60 35 &
717 1149 121 35 natura
802 1149 97 35 hanc
862 1149 157 35 universam
971 1149 72 35 quam

264 1171 156 50 longissime
387 1171 145 50 superans.
498 1171 100 50 Finis
565 1171 112 50 itidem
643 1171 123 50 divinus
733 1171 78 50 est
777 1171 56 50 &
800 1171 212 50 perfectissimus,
967 1171 67 50 nem-

258 1214 75 45 pe
295 1214 125 45 gloria
382 1214 87 45 Dei
432 1214 62 45 &
457 1214 149 45 gloriosa
569 1214 100 45 illa
631 1214 149 45 communio
743 1214 87 45 cum
793 1214 100 45 Deo,
855 1214 75 45 ad
893 1214 112 45 quam,
955 1214 87 45 Theo-

262 1245 107 53 logia
334 1245 107 53 duce,
393 1245 167 53 contendimus.

297 1276 110 51 CAUSA
370 1276 170 51 Theologiae
504 1276 134 51 nostrae
601 1276 158 51 efficiens
723 1276 134 51 proxima
820 1276 73 51 ac
857 1276 158 51 immediata
966 1276 73 51 est-

260 1319 129 47 VERBUM
351 1319 103 47 DEI:
415 1319 103 47 quod
480 1319 142 47 proinde
583 1319 65 47 &
609 1319 181 47 principium
752 1319 103 47 ejus
803 1319 65 47 est

285 1357 133 43 Primum
378 1357 159 43 siquidem
497 1357 186 43 principium
643 1357 80 43 in
682 1357 106 43 quod
749 1357 119 43 omnia
828 1357 146 43 dogmata
921 1357 119 43 Theolo-

253 1390 110 48 gica
322 1390 206 48 resolvuntur
487 1390 110 48 est,
555 1390 151 48 DOMINUS
665 1390 137 48 DIXIT,
761 1390 96 48 seu
816 1390 110 48 DEUS
885 1390 137 48 DIXIT.
967 1390 69 48 Ho-

249 1434 166 33 principium
379 1434 118 33 unicum
462 1434 95 33 est;
522 1434 107 33 atque
593 1434 118 33 unicum
676 1434 95 33 esse
735 1434 130 33 necesse
830 1434 95 33 est;
889 1434 83 33 tum
936 1434 95 33 quia
984 1434 59 33 om-

249 1457 81 41 nes
296 1457 151 41 Prophetae
412 1457 58 41 &
435 1457 139 41 Apostoli
539 1457 69 41 ad
574 1457 104 41 illud
643 1457 104 41 solum
713 1457 81 41 nos
759 1457 151 41 revocant,
875 1457 69 41 ut
910 1457 93 41 tota
956 1457 81 41 Scri-

269 1492 103 39 ptura
337 1492 149 39 testatur:
452 1492 80 39 tum
498 1492 92 39 quia
555 1492 80 39 non
601 1492 115 39 potest
681 1492 92 39 Deus
738 1492 92 39 nisi
795 1492 80 39 per
841 1492 92 39 Deum
887 1492 149 39 intelligi.A

258 1529 86 35 Deo
307 1529 172 35 discendum,
442 1529 98 35 quid
504 1529 74 35 de
541 1529 86 35 Deo
590 1529 222 35 intelligendum:
775 1529 98 35 quia
836 1529 135 35 nonnisi
935 1529 98 35 ipso
984 1529 49 35 au

250 1554 91 42 tore
307 1554 183 42 cognoscitur.
455 1554 80 42 Huc
501 1554 103 42 refer
569 1554 103 42 locum
638 1554 148 42 Clementis
752 1554 160 42 Alexadrini
877 1554 91 42 lib.
934 1554 68 42 7.
957 1554 80 42 Stro-

253 1588 89 41 mat.
309 1588 89 41 pag.
364 1588 89 41 261.
420 1588 145 41 versionis
531 1588 123 41 Latinae
621 1588 178 41 Florentinae:
765 1588 123 41 Necesse
855 1588 78 41 est
899 1588 89 41 enim
955 1588 89 41 labi
999 1588 45 41 in

265 1619 133 36 maximis,
364 1619 77 36 eos
409 1619 77 36 qui
453 1619 77 36 res
497 1619 122 36 maximas
586 1619 188 36 aggrediuntur,
740 1619 88 36 nisi
796 1619 122 36 regulam
884 1619 144 36 veritatis
984 1619 55 36 ab-

258 1653 92 40 ipsa
316 1653 138 40 veritate
420 1653 138 40 acceptam
523 1653 161 40 tenuerint.
650 1653 81 40 Qui
696 1653 104 40 autem
765 1653 92 40 sunt
823 1653 150 40 ejusmodi,
938 1653 69 40 at
972 1653 81 40 qui

251 1687 99 38 recta
317 1687 77 38 via
361 1687 165 38 exciderint,
494 1687 110 38 merito
571 1687 99 38 etiam
637 1687 143 38 falluntur
747 1687 66 38 in
780 1687 132 38 plurimis
869 1687 165 38 singularibus.

255 1716 156 43 propterea
375 1716 96 43 quoi
435 1716 84 43 non
483 1716 132 43 habeant
579 1716 132 43 verorum
674 1716 60 43 &
698 1716 144 43 falsorum
806 1716 144 43 judicium
914 1716 108 43 plane
974 1716 60 43 ex-

267 1752 131 39 ercitatum
368 1752 60 39 in
398 1752 71 39 iis
438 1752 81 39 quae
489 1752 111 39 oportet
569 1752 121 39 eligere.
660 1752 60 39 Si
690 1752 81 39 enim
741 1752 131 39 haberent,
841 1752 121 39 parerent
922 1752 121 39 scripturis

269 1780 120 35 divinis.
359 1780 110 35 Quomodo
439 1780 80 35 ergo
489 1780 60 35 si
519 1780 80 35 quis
569 1780 80 35 fiat
619 1780 100 35 bestia
690 1780 60 35 ex
720 1780 110 35 homine,
800 1780 130 35 similiter
900 1780 90 35 atque
960 1780 60 35 ij
990 1780 70 35 qui

250 1813 117 43 fuerant
335 1813 117 43 infecti
421 1813 117 43 vinenis
506 1813 117 43 Circes:
591 1813 74 43 ita
633 1813 85 43 homo
687 1813 74 43 Dei
729 1813 96 43 esse,
793 1813 53 43 &
814 1813 106 43 Domino
889 1813 117 43 fidelis
963 1813 64 43 esse

262 1845 143 36 perdidit,
372 1845 77 36 qui
416 1845 132 36 adversus
516 1845 199 36 Ecclesiasticam
681 1845 187 36 recalcitravit
835 1845 176 36 traditionem,
979 1845 55 36 &
990 1845 44 36 in

254 1885 144 32 humanarum
364 1885 144 32 haeresium
475 1885 133 32 desiliit
574 1885 155 32 opiniones.
696 1885 77 32 Qui
740 1885 99 32 autem
806 1885 66 32 ex
839 1885 110 32 errore
906 1885 121 32 reversus.

263 1912 123 34 obediit
352 1912 167 34 scripturis,
486 1912 56 34 &
508 1912 100 34 vitam
575 1912 89 34 suam
631 1912 134 34 permisit
732 1912 145 34 veritati,
843 1912 89 34 Deus
899 1912 112 34 quodam
966 1912 56 34 mod

254 1943 68 33 ex
288 1943 114 33 homine
367 1943 159 33 efficitur.
492 1943 159 33 Principium
618 1943 91 33 enim
674 1943 148 33 doctrinae
788 1943 125 33 habemus
879 1943 136 33 Dominum,
970 1943 57 33 qui

255 1978 61 35 &
279 1978 85 35 per
328 1978 170 35 Prophetas,
462 1978 61 35 &
486 1978 85 35 per
535 1978 183 35 Evangelium,
681 1978 61 35 &
705 1978 85 35 per
754 1978 122 35 beatos
839 1978 170 35 Apostolos,
961 1978 73 35 mul-

257 2007 126 41 tifariam
352 2007 137 41 multisque
457 2007 95 41 modis
520 2007 53 41 a
541 2007 137 41 principio
646 2007 63 41 ad
678 2007 95 41 finem
741 2007 116 41 deducit
825 2007 168 41 cognitionis.
951 2007 74 41 Prin-

247 2042 108 36 cipium
323 2042 97 36 autem
388 2042 65 36 si
420 2042 86 36 quis
474 2042 86 36 alio
528 2042 86 36 opus
582 2042 108 36 habere
658 2042 184 36 existimaverit
809 2042 76 36 non
852 2042 108 36 utique
928 2042 86 36 vere
971 2042 54 36 po-

251 2073 101 43 tuerit
321 2073 141 43 conservari
432 2073 151 43 principium.
553 2073 70 43 Qui
593 2073 70 43 est
633 2073 80 43 ergo
683 2073 60 43 ex
713 2073 101 43 seipso
784 2073 121 43 fidelis,
874 2073 121 43 Dominica
955 2073 70 43 scri-

244 2109 103 38 ptura
312 2109 57 38 &
335 2109 92 38 voce
392 2109 80 38 est
438 2109 92 38 fide
495 2109 126 38 dignus,
587 2109 92 38 quae
644 2109 80 38 per
690 2109 126 38 Dominum
782 2109 149 38 exercetur
896 2109 69 38 ad
919 2109 103 38 hominem

243 2139 176 43 beneficium.
384 2139 94 43 Ipsa
442 2139 105 43 autem
513 2139 117 43 judice
595 2139 117 43 utimur
677 2139 70 43 ad
712 2139 82 43 res
759 2139 187 43 inveniendas.
911 2139 141 43 Quicquid

250 2171 102 39 autem
318 2171 159 39 judicatur,
442 2171 79 39 non
487 2171 147 39 creditur,
601 2171 147 39 priusquam
714 2171 113 39 fuerit
793 2171 159 39 judicatum.
918 2171 102 39 Quare
974 2171 57 39 neo

247 2209 75 37 est
290 2209 151 37 principium
409 2209 65 37 id
441 2209 86 37 quod
495 2209 86 37 opus
549 2209 97 37 habet
613 2209 129 37 judicio.
710 2209 108 37 Merito
785 2209 86 37 ergo
839 2209 75 37 cum
882 2209 86 37 fide
925 2209 97 37 compre-

243 2240 165 39 henderimus
373 2240 165 39 principium
503 2240 236 39 indemonstrabile,
704 2240 59 39 &
728 2240 71 39 ex
763 2240 165 39 redundanti
893 2240 118 39 quadam
964 2240 59 39 co-

244 2267 76 41 pia
288 2267 207 41 demonstrationes
462 2267 65 41 ab
495 2267 87 41 ipso
549 2267 142 41 principio
658 2267 152 41 sumserimus
778 2267 65 41 de
810 2267 152 41 principio,
930 2267 87 41 voce
974 2267 54 41 Do-

247 2303 93 31 mini
306 2303 140 31 erudimur
410 2303 70 31 ad
445 2303 163 31 agnitionem
573 2303 163 31 veritatis.
701 2303 81 31 Non
748 2303 93 31 enim
806 2303 140 31 absolute
899 2303 128 31 enuncian-

244 2335 103 31 tibus
312 2335 149 31 hominibus
427 2335 103 31 fidem
495 2335 172 31 habuerimus,
633 2335 114 31 quibus
713 2335 103 31 licet
782 2335 103 31 etiam
850 2335 149 31 enunciare
953 2335 69 31 con-

246 2368 125 39 trarium.
339 2368 63 39 Si
371 2368 94 39 autem
433 2368 73 39 non
475 2368 94 39 satis
537 2368 73 39 est
579 2368 94 39 solum
642 2368 125 39 absolute
735 2368 104 39 dicere
808 2368 83 39 quod
860 2368 94 39 visum
923 2368 83 39 est,
975 2368 73 39 sed

243 2400 129 38 oportet
337 2400 105 38 etiam
407 2400 129 38 probare
501 2400 94 38 quod
560 2400 117 38 dictum
642 2400 94 38 est,
700 2400 82 38 non
747 2400 176 38 exspectamus
876 2400 152 38 testimonium

247 2436 93 37 quod
306 2436 105 37 datur
375 2436 70 37 ab
410 2436 163 37 hominibus:
538 2436 81 37 sed
585 2436 93 37 voce
643 2436 116 37 Domini
724 2436 140 37 probamus
829 2436 93 37 quod
887 2436 163 37 quaeritur,

255 2471 86 38 quae
309 2471 75 38 est
352 2471 97 38 magis
416 2471 86 38 fide
470 2471 97 38 digna
535 2471 86 38 quam
588 2471 118 38 quaevis
674 2471 215 38 demonstrationes,
857 2471 75 38 vel
900 2471 107 38 potius
964 2471 54 38 quo

244 2497 78 37 est
288 2497 89 37 sola
344 2497 178 37 demonstratio
488 2497 78 37 per
533 2497 89 37 quam
588 2497 156 37 scientiam,
711 2497 78 37 qui
755 2497 100 37 solum
822 2497 111 37 quidem
889 2497 133 37 gustavere,

248 2530 155 43 Scripturas,
372 2530 83 43 sunt
423 2530 124 43 fideles.
516 2530 72 43 Qui
557 2530 93 43 autem
619 2530 93 43 etiam
681 2530 124 43 ulterius
774 2530 176 43 processerunt,
919 2530 83 43 sunt
960 2530 62 43 per-

251 2561 95 36 fecti
315 2561 127 36 gnomones
411 2561 149 36 veritatis,
527 2561 64 36 it
559 2561 127 36 scilicet
654 2561 74 36 qui
697 2561 85 36 sunt
750 2561 149 36 cognitione
867 2561 138 36 praediti,
962 2561 85 36 quando

248 2596 107 37 quidem
323 2596 97 37 etiam
388 2596 64 37 in
420 2596 75 37 iis
463 2596 86 37 quae
516 2596 64 37 ad
549 2596 97 37 vitam
613 2596 150 37 pertinent,
731 2596 75 37 eos
774 2596 75 37 qui
817 2596 86 37 sunt
870 2596 97 37 rudes
924 2596 107 37 superant

239 2628 150 34 artifices,
357 2628 54 34 &
378 2628 75 34 per
421 2628 129 34 communis
518 2628 129 34 notiones
614 2628 139 34 exprimunt
721 2628 64 34 id
753 2628 86 34 quod
807 2628 75 34 est
850 2628 118 34 melius.
935 2628 75 34 Sic
967 2628 54 34 er-

248 2664 58 42 go
277 2664 68 42 nos
316 2664 97 42 quoque
385 2664 58 42 ex
414 2664 88 42 ipsis
472 2664 58 42 de
501 2664 88 42 ipsis
560 2664 136 42 scripturis
667 2664 117 42 perfecte
754 2664 175 42 demonstrantes,
900 2664 58 42 ex
930 2664 78 42 fide
969 2664 58 42 per-

236 2689 153 42 suademus
338 2689 191 42 demonstrativo

284 2720 116 43 Verbum
366 2720 82 43 Dei
412 2720 70 43 re
447 2720 58 43 &
471 2720 163 43 substantia
599 2720 116 43 unicum
680 2720 82 43 est
727 2720 58 43 &
750 2720 140 43 simplex,
855 2720 82 43 sed
890 2720 128 43 revelatio

242 2753 76 38 nis
285 2753 87 38 modo
340 2753 108 38 duplex
415 2753 87 38 est,
470 2753 152 38 ενδιαθετον
589 2753 54 38 α
610 2753 162 38 ωροφορικον,
740 2753 65 38 id
773 2753 87 38 est,
827 2753 130 38 internum
925 2753 54 38 &
935 2753 87 38 exter.

249 2789 85 41 num,
303 2789 96 41 Jesa.
367 2789 75 41 59.
409 2789 96 41 vers.
473 2789 75 41 21.
516 2789 64 41 De
548 2789 64 41 me
580 2789 107 41 autem,
654 2789 75 41 hoc
697 2789 85 41 erit
750 2789 96 41 fedus
814 2789 85 41 meum
867 2789 75 41 cum
910 2789 107 41 istis,
974 2789 53 41 ait

253 2818 118 42 Iehova,
339 2818 129 42 spiritus
436 2818 86 42 meus
490 2818 75 42 qui
533 2818 75 42 est
576 2818 64 42 in
608 2818 75 42 te,
651 2818 54 42 &
672 2818 97 42 verba
737 2818 75 42 mea
780 2818 86 42 quae
833 2818 97 42 posui
898 2818 64 42 in
930 2818 75 42 ore
962 2818 54 42 tuo

249 2854 72 38 non
290 2854 124 38 recedent
383 2854 62 38 ex
414 2854 72 38 ore
455 2854 83 38 tuo,
507 2854 72 38 aut
548 2854 62 38 ex
579 2854 72 38 ore
620 2854 114 38 seminis
703 2854 83 38 tui,
754 2854 72 38 aut
796 2854 62 38 ex
827 2854 72 38 ore
868 2854 114 38 seminis
940 2854 93 38 seminis

251 2884 78 40 tui,
300 2884 68 40 ait
339 2884 107 40 Iehova,
416 2884 58 40 ex
445 2884 68 40 hoc
484 2884 116 40 tempore,
572 2884 87 40 usque
630 2884 58 40 in
659 2884 116 40 saculum,
746 2884 97 40 Actor.
814 2884 58 40 5.
843 2884 58 40 v.
872 2884 68 40 32.
911 2884 58 40 Et
940 2884 68 40 nos
969 2884 49 40 sui

248 2917 74 43 mus
291 2917 64 43 ei
323 2917 106 43 testes
397 2917 96 43 horum
461 2917 85 43 quae
514 2917 127 43 dicimus:
609 2917 96 43 atque
673 2917 96 43 etiam
737 2917 127 43 Spiritus
832 2917 85 43 ille
885 2917 127 43 sanctus,
970 2917 64 43 quem

249 2952 93 42 dedit
311 2952 82 42 Deus
362 2952 72 42 iis
403 2952 72 42 qui
445 2952 93 42 dicto
506 2952 82 42 sunt
558 2952 134 42 audientes
661 2952 93 42 ipsi.
723 2952 82 42 Rom.
775 2952 62 42 8.
805 2952 93 42 v.16.
867 2952 62 42 Et
898 2952 82 42 ipse
940 2952 82 42 Spiri-

246 2981 69 43 tus
285 2981 118 43 testatur
374 2981 69 43 una
413 2981 69 43 cum
452 2981 108 43 Spiritu
530 2981 108 43 nostro,
609 2981 69 43 nos
648 2981 78 43 esse
697 2981 98 43 filios
765 2981 78 43 Dei.
814 2981 59 43 1.
844 2981 78 43 Cor.
893 2981 59 43 2.
922 2981 59 43 v.
952 2981 69 43 10,
981 2981 49 43 11,

244 3018 76 31 12,
288 3018 76 31 13.
331 3018 98 31 Nobis
396 3018 98 31 autem
462 3018 87 31 Deus
516 3018 65 31 ea
549 3018 120 31 retexit
636 3018 76 31 per
679 3018 130 31 Spiritum
777 3018 98 31 suum.
842 3018 130 31 Spiritus
940 3018 87 31 enim
984 3018 43 31 o-

242 3049 95 42 mnia
302 3049 167 42 scrutatur,
433 3049 107 42 etiam
504 3049 202 42 profunditates
671 3049 95 42 Dei.
730 3049 95 42 Quis
790 3049 95 42 enim
849 3049 131 42 hominum
933 3049 95 42 novit-

237 3081 61 37 e?
267 3081 82 37 quae
319 3081 82 37 sunt
370 3081 123 37 hominis,
462 3081 82 37 nisi
513 3081 123 37 spiritus
605 3081 113 37 hominis
687 3081 72 37 qui
728 3081 72 37 est
769 3081 61 37 in
800 3081 72 37 eo?
841 3081 72 37 ita
882 3081 92 37 etiam
943 3081 61 37 ea
964 3081 61 37 quoe

242 3112 89 41 sunt
298 3112 78 41 Dei
342 3112 89 41 nemo
398 3112 145 41 novitnisi
509 3112 134 41 Spiritus
609 3112 89 41 Dei.
665 3112 78 41 Nos
709 3112 89 41 vero
765 3112 78 41 non
810 3112 134 41 spiritum
910 3112 100 41 mundi
965 3112 56 41 ac-

238 3150 137 40 cepimus,
340 3150 80 40 sed
386 3150 137 40 Spiritum
488 3150 80 40 qui
534 3150 80 40 est
580 3150 68 40 ex
614 3150 91 40 Deo:
671 3150 68 40 ut
705 3150 125 40 sciamus
796 3150 91 40 quae
853 3150 91 40 Deus
910 3150 80 40 est
944 3150 80 40 nobus

1068 155 199 49 gratificatus.
1232 155 94 49 Quae
1291 155 105 49 etiam
1361 155 152 49 loquimur,
1479 155 82 49 non
1525 155 164 49 sermonibus
1654 155 94 49 quos
1713 155 105 49 docet
1772 155 105 49 hulmana

1078 192 144 40 sapientia,
1191 192 72 40 sed
1232 192 82 40 quos
1284 192 93 40 docet
1346 192 124 40 Spiritus
1438 192 124 40 sanctus,
1531 192 155 40 spiritualia
1655 192 72 40 cum
1696 192 72 40 iis
1737 192 82 40 quae
1778 192 93 40 spiritu

1070 228 85 43 alia
1124 228 85 43 sunt
1166 228 150 43 conferentes.

1097 261 153 42 Internum
1212 261 128 42 verbum
1302 261 102 42 Dei,
1366 261 89 42 est
1417 261 89 42 quo
1468 261 102 42 Deus
1532 261 141 42 homines
1634 261 115 42 intus
1711 261 89 42 per
1749 261 128 42 Spiritum

1072 291 119 39 sanctum
1159 291 163 39 alloquitur;
1289 291 76 39 seu
1333 291 76 39 est
1376 291 174 39 testificatio
1517 291 130 39 Spiritus
1615 291 109 39 saucti
1691 291 130 39 interna,
1788 291 76 39 per
1821 291 65 39 quam

1081 326 181 36 intrinsecus
1226 326 157 36 Theologia
1346 326 157 36 fidelibus
1467 326 205 36 communicatur,
1636 326 121 36 oculis
1720 326 121 36 mentis
1793 326 84 36 illo-

1075 364 75 34 rum
1118 364 172 34 illustratis,
1258 364 54 34 &
1279 364 86 34 luce
1333 364 150 34 spirituali
1451 364 161 34 cognitionis
1580 364 150 34 salvisicae
1698 364 129 34 accensa.
1794 364 86 34 Heb.
1837 364 43 34 8.

1070 390 109 39 v.I11
1143 390 109 39 Neque
1215 390 146 39 docebunt
1325 390 134 39 singuli
1422 390 146 39 proximum
1531 390 109 39 suum,
1604 390 61 39 &
1628 390 134 39 singuli
1725 390 134 39 fratrem
1810 390 73 39 suum

1083 423 155 38 dicentes,
1202 423 143 38 Cognosce
1309 423 143 38 Dominum:
1416 423 83 38 nam
1464 423 107 38 omnes
1535 423 167 38 cognoscent
1666 423 83 38 me,
1713 423 71 38 ab
1749 423 71 38 eo
1785 423 83 38 qui
1821 423 59 38 pu-

1081 457 108 38 sillus
1157 457 108 38 fuerit
1232 457 97 38 inter
1297 457 86 38 eos,
1351 457 65 38 ad
1383 457 76 38 eum
1427 457 97 38 usque
1491 457 76 38 qui
1535 457 108 38 magnus
1610 457 108 38 fuerit
1686 457 97 38 inter
1750 457 86 38 eos.
1794 457 86 38 Verbum

1056 486 67 45 Sl
1089 486 78 45 hoc
1134 486 135 45 internum
1235 486 123 45 dicitur
1325 486 101 45 etiam
1392 486 135 45 afflatus
1482 486 112 45 internus

1117 517 146 50 Externum
1226 517 122 50 verbum
1311 517 97 50 Dei,
1372 517 85 50 est
1421 517 85 50 quo
1470 517 97 50 Deus
1530 517 109 50 foris
1603 517 134 50 homines
1701 517 170 50 alloquitur
1822 517 61 50 il-

1091 555 78 39 ius
1136 555 201 39 praedicatione;
1303 555 89 39 seu,
1359 555 78 39 est
1404 555 179 39 testificatio
1549 555 134 39 Spiritus
1650 555 112 39 sancti
1728 555 134 39 externa,
1818 555 67 39 idem

1077 597 133 42 prorsus
1174 597 73 42 de
1210 597 109 42 rebus
1283 597 133 42 divinis
1380 597 133 42 docens,
1477 597 97 42 quod
1538 597 121 42 verbum
1611 597 121 42 internum

1108 621 86 42 Hoc
1157 621 123 42 rursus
1243 621 159 42 multiplex
1365 621 86 42 est
1414 621 98 42 modo
1475 621 208 42 patefactionis
1647 621 86 42 seu
1696 621 208 42 communicatio¬

1088 653 92 38 nis:
1145 653 80 38 nam
1191 653 92 38 olim
1248 653 103 38 illud
1317 653 80 38 vel
1363 653 92 38 viva
1421 653 92 38 voce
1478 653 92 38 sua,
1535 653 80 38 vel
1581 653 149 38 Angelorum
1696 653 172 38 ministerio,
1823 653 57 38 vel

1090 688 127 38 hominum
1183 688 104 38 opera
1252 688 150 38 protulit,
1368 688 81 38 vel
1414 688 139 38 immissis
1518 688 127 38 somniis
1611 688 81 38 aut
1657 688 150 38 exhibitis
1761 688 116 38 visioni-

1078 719 101 40 bus,
1142 719 89 40 aut
1192 719 114 40 varus
1268 719 152 40 symbolis
1383 719 63 40 &
1408 719 190 40 imaginibus,
1560 719 101 40 quae
1623 719 101 40 modo
1687 719 165 40 internis,
1801 719 76 40 modo

1084 762 138 32 externis
1187 762 126 32 fuerunt
1278 762 138 32 sensibus
1382 762 149 32 objectae,
1496 762 57 32 a
1519 762 126 32 piisque
1611 762 126 32 quantum
1703 762 103 32 satis
1771 762 103 32 erat,
1829 762 57 32 in-

1077 785 167 41 tellectae,
1208 785 155 41 aliquando
1328 785 131 41 assumta
1423 785 131 41 humanam
1519 785 131 41 specie;
1614 785 72 41 ac
1650 785 131 41 proinde
1746 785 143 41 πολυμερς
1841 785 36 41 κ

1077 818 180 40 πολθτροπος
1218 818 103 40 Deus
1283 818 141 40 homines
1385 818 193 40 compellavit
1539 818 64 40 &
1565 818 180 40 instituit,
1706 818 64 40 &
1732 818 128 40 verbum
1809 818 77 40 suum

1077 853 83 39 cum
1125 853 107 39 illis
1196 853 203 39 communicavit:
1363 853 143 39 deinceps
1471 853 131 39 literis
1566 853 179 39 consignatum
1709 853 72 39 in
1745 853 119 39 libris
1816 853 72 39 Pro-

1083 893 145 38 pheticis
1192 893 60 38 &
1216 893 181 38 Apostolicis
1361 893 157 38 Ecclesiae
1481 893 157 38 tradidit.
1602 893 97 38 Nunc
1663 893 97 38 vero
1723 893 145 38 postquam
1820 893 60 38 non

1090 919 135 39 amplius
1188 919 160 39 immediate
1311 919 160 39 Prophetas
1434 919 62 39 &
1459 919 160 39 Apostolos
1582 919 74 39 ad
1619 919 160 39 Ecclesiam
1742 919 135 39 mittit,
1828 919 49 39 al

1086 961 150 32 loquitur
1199 961 88 32 eam
1249 961 201 32 extrinsecus,
1412 961 176 32 tantummodo
1550 961 88 32 per
1601 961 125 32 verbum
1688 961 150 32 scriptum
1789 961 100 32 inter-

1077 987 72 47 no
1113 987 107 47 verbo
1185 987 179 47 conjunctum,
1328 987 143 47 deinceps
1435 987 131 47 literis
1531 987 131 47 insuper
1626 987 179 47 consignatum
1770 987 72 47 in
1793 987 96 47 libris

1084 1018 179 43 Propheticis
1227 1018 60 43 &
1239 1018 155 43 Apostolicis

1112 1046 156 44 Externum
1229 1046 130 44 verbum
1320 1046 78 44 ab
1359 1046 143 44 interno
1463 1046 91 44 non
1516 1046 91 44 est
1568 1046 195 44 separandum,
1724 1046 91 44 sed
1763 1046 117 44 conjun-

1090 1083 90 39 ctum
1146 1083 79 39 cum
1191 1083 67 39 eo
1224 1083 90 39 esse
1280 1083 123 39 necesse
1370 1083 90 39 est,
1426 1083 67 39 ut
1460 1083 123 39 efficax
1550 1083 56 39 &
1572 1083 135 39 salutare
1673 1083 90 39 sit.
1718 1083 168 39 Distinguendum

1076 1116 116 39 tamen
1154 1116 90 39 est
1205 1116 155 39 externum
1321 1116 129 39 verbum
1412 1116 77 39 ab
1450 1116 155 39 interno,
1566 1116 77 39 ut
1605 1116 206 39 intelligamus
1760 1116 129 39 quatenus

1077 1149 99 51 opus
1139 1149 87 51 Dei
1188 1149 74 51 in
1225 1149 111 51 nobis
1300 1149 161 51 procedat,
1423 1149 74 51 ne
1461 1149 173 51 hominibus,
1597 1149 87 51 qui
1646 1149 149 51 ministri
1758 1149 124 51 tantum
1832 1149 62 51 Dei

1080 1184 104 44 sunt,
1150 1184 150 44 tribuamus
1265 1184 69 44 id
1300 1184 92 44 quod
1358 1184 81 44 est
1392 1184 58 44 Dei

1129 1219 149 37 Internum
1241 1219 125 37 verbum
1328 1219 174 37 principale
1465 1219 100 37 est:
1527 1219 149 37 externum
1639 1219 100 37 vero
1689 1219 199 37 instrumentale.

1084 1245 130 45 Utroque
1179 1245 106 45 nobis
1249 1245 94 45 opus
1308 1245 94 45 est.
1367 1245 71 45 Ut
1403 1245 94 45 enim
1462 1245 71 45 in
1497 1245 141 45 tenebris
1603 1245 106 45 foris
1674 1245 130 45 lucerna
1768 1245 94 45 opus
1815 1245 71 45 est;

1094 1283 103 38 ntus
1158 1283 154 38 oculorum
1274 1283 115 38 luce:
1351 1283 90 38 nam
1402 1283 90 38 nec
1453 1283 77 38 in
1492 1283 154 38 tenebris
1607 1283 103 38 sine
1671 1283 141 38 lucerna
1761 1283 128 38 videmus,

1093 1317 123 45 quamvis
1183 1317 112 45 oculis
1261 1317 191 45 valentissimi,
1418 1317 79 45 nec
1463 1317 67 45 in
1497 1317 101 45 media
1564 1317 90 45 luce
1620 1317 112 45 vident
1698 1317 79 45 qui
1743 1317 112 45 oculis
1811 1317 79 45 capti

1087 1347 111 39 sunt:
1161 1347 86 39 ita
1210 1347 74 39 in
1247 1347 173 39 cognitione
1383 1347 111 39 rerum
1457 1347 160 39 divinarum
1580 1347 123 39 semper
1667 1347 185 39 conjungimus
1803 1347 86 39 Scri-

1106 1385 98 45 turae
1172 1385 98 45 facem
1237 1385 109 45 foris,
1313 1385 55 45 &
1335 1385 196 45 illustrationem
1499 1385 131 45 Spiritus
1597 1385 120 45 sancti,
1685 1385 76 45 sic
1728 1385 65 45 ut
1761 1385 87 45 Deus
1816 1385 55 45 &
1827 1385 65 45 per-

1084 1413 159 38 internum,
1206 1413 61 38 &
1231 1413 86 38 per
1279 1413 147 38 externum
1389 1413 122 38 verbum
1475 1413 86 38 nos
1524 1413 135 38 doceat,

1116 1445 85 40 Hoc
1165 1445 122 40 verbum
1250 1445 85 40 Dei
1299 1445 147 40 internum
1409 1445 98 40 quod
1470 1445 147 40 Spiritus
1580 1445 134 40 sanctus
1677 1445 147 40 cordibs.
1775 1445 110 40 nostris

1081 1477 165 40 inscribit,
1211 1477 59 40 &
1234 1477 141 40 externum
1340 1477 94 40 quod
1399 1477 94 40 idem
1457 1477 141 40 Spiritus
1563 1477 129 40 sanctus
1657 1477 71 40 in
1692 1477 118 40 libris
1763 1477 129 40 Propheti-

1093 1511 78 40 cis
1137 1511 56 40 &
1160 1511 167 40 Apostolicis
1293 1511 122 40 tradit,
1382 1511 78 40 aut
1427 1511 78 40 per
1471 1511 200 40 praedicationem
1638 1511 156 40 annunciat,
1761 1511 78 40 non
1794 1511 89 40 diffe-

1081 1546 96 38 runt
1141 1546 72 38 re
1177 1546 60 38 &
1202 1546 145 38 ratione,
1310 1546 84 38 sed
1358 1546 121 38 tantum
1443 1546 109 38 modo.
1515 1546 84 38 Non
1563 1546 96 38 enim
1624 1546 109 38 aliud
1696 1546 121 38 verbum
1781 1546 72 38 in
1805 1546 72 38 cor-

1087 1575 90 44 dibs
1143 1575 123 44 nostris
1232 1575 134 44 revelat,
1333 1575 101 44 aliud
1400 1575 67 44 in
1434 1575 112 44 libris
1512 1575 134 44 exhibet;
1613 1575 78 44 sed
1658 1575 123 44 prorsus
1748 1575 90 44 unum
1804 1575 56 44 &
1815 1575 67 44 idem

1305 1663 296 63 CAPUT
1470 1663 164 63 XV.

1270 1730 84 63 In
1312 1730 98 63 quo
1368 1730 196 63 Scripturae
1509 1730 182 63 distinctio.

1116 1797 160 51 TTrumque
1236 1797 120 51 autem
1316 1797 134 51 verbum
1410 1797 94 51 Dei
1463 1797 187 51 appellatur
1610 1797 187 51 Scriptura;
1743 1797 134 51 internum

1150 1841 125 41 quidem,
1240 1841 147 41 Scriptura
1354 1841 125 41 cordis,
1444 1841 136 41 externum
1546 1841 102 41 vero,
1614 1841 147 41 Scriptura
1727 1841 147 41 vtriusque
1829 1841 57 41 Te

1144 1872 118 37 stamenti

1111 1894 150 47 Scriptura
1227 1894 127 47 cordis,
1320 1894 81 47 est
1366 1894 150 47 Scriptura
1481 1894 139 47 interna,
1585 1894 92 47 quam
1643 1894 139 47 Spiritus
1747 1894 127 47 Sanctus
1828 1894 58 47 im-

1071 1940 135 30 mediate
1169 1940 74 30 in
1206 1940 135 30 carneis
1305 1940 135 30 tabulis
1403 1940 123 30 cordis
1489 1940 148 30 filiorum
1600 1940 86 30 Dei
1649 1940 74 30 ad
1686 1940 111 30 vitam
1748 1940 135 30 aeternam.

1085 1967 208 35 praeordinatorum
1261 1967 154 35 inscribit,
1381 1967 66 35 ut
1414 1967 165 35 θεοδίδακζο,
1546 1967 77 35 hoc
1590 1967 88 35 est,
1645 1967 55 35 a
1667 1967 77 35 Deo
1710 1967 110 35 docti,
1787 1967 121 35 credant

1076 2005 62 36 ad
1107 2005 125 36 salutem.
1200 2005 83 36 Jer.
1252 2005 73 36 31.
1294 2005 62 36 v.
1325 2005 73 36 33.
1366 2005 52 36 &
1387 2005 93 36 Hebr.
1449 2005 62 36 8.
1480 2005 62 36 v.
1511 2005 73 36 10.
1553 2005 52 36 &
1574 2005 83 36 cap.
1626 2005 104 36 10.16.
1698 2005 73 36 Hoc
1740 2005 93 36 illud
1802 2005 73 36 est
1833 2005 52 36 fe-

1075 2035 81 32 dus
1122 2035 93 32 quod
1180 2035 116 32 pangam
1261 2035 81 32 cum
1308 2035 93 32 domo
1366 2035 139 32 Israelis
1470 2035 93 32 post
1528 2035 93 32 dies
1587 2035 93 32 hos,
1645 2035 116 32 dictum
1726 2035 139 32 Iehovae,
1819 2035 58 32 in-

1082 2063 89 35 dam
1133 2063 114 35 legem
1209 2063 101 35 meam
1272 2063 114 35 menti
1348 2063 127 35 eorum,
1437 2063 63 35 &
1462 2063 114 35 cordi
1538 2063 114 35 eorum
1614 2063 165 35 inscribum
1741 2063 101 35 eam;
1804 2063 63 35 &
1817 2063 63 35 ero

1081 2095 77 40 eis
1125 2095 88 40 Deus
1180 2095 55 40 &
1202 2095 88 40 ipsi
1257 2095 99 40 erunt
1324 2095 88 40 mihi
1379 2095 132 40 populus.
1478 2095 66 40 2.
1511 2095 88 40 Cor.
1566 2095 66 40 3.
1599 2095 66 40 v.
1632 2095 66 40 3.
1665 2095 77 40 Dum
1710 2095 154 40 manifestum
1820 2095 66 40 fit-

1076 2133 78 33 vos
1120 2133 89 33 esse
1176 2133 144 33 epistolam
1287 2133 122 33 Christi
1375 2133 200 33 subministratam
1541 2133 55 33 a
1564 2133 111 33 nobis,
1641 2133 155 33 inscriptam
1763 2133 78 33 non
1796 2133 78 33 atra-

1081 2163 106 39 mento,
1156 2163 74 39 sed
1198 2163 117 39 Spiritu
1283 2163 74 39 Dei
1325 2163 95 39 vivi:
1389 2163 74 39 non
1431 2163 64 39 in
1463 2163 117 39 tabulis
1548 2163 138 39 lapideis,
1654 2163 74 39 sed
1697 2163 64 39 in
1728 2163 117 39 carneis
1803 2163 74 39 tabu-

1061 2194 75 40 lis
1093 2194 97 40 cordis.

1102 2223 151 48 Scriptura
1219 2223 163 48 Testamenti
1347 2223 128 48 Veteris
1440 2223 58 48 &
1464 2223 105 48 Novi,
1533 2223 82 48 est
1580 2223 151 48 Scriptura
1697 2223 140 48 externa,
1801 2223 93 48 quae
1848 2223 35 48 a

1074 2256 166 42 Prophetis
1202 2256 64 42 &
1228 2256 166 42 Apostolis
1355 2256 64 42 &
1381 2256 192 42 Apostolorum
1534 2256 166 42 comitibus
1662 2256 204 42 Evangelistis
1815 2256 64 42 per

1076 2293 144 35 chartam
1181 2293 65 35 &
1207 2293 183 35 atramentum
1351 2293 92 35 est
1403 2293 196 35 consignata:
1560 2293 79 35 ad
1599 2293 183 35 tradendam,
1730 2293 144 35 propagan-

1071 2327 83 38 dam
1119 2327 60 38 &
1143 2327 71 38 ad
1178 2327 143 38 posteros
1285 2327 214 38 transmittendam
1464 2327 107 38 sanam
1536 2327 167 38 sapientiae
1667 2327 155 38 coelestis
1774 2327 107 38 doctri-

1066 2359 89 38 nam.
1122 2359 67 38 2.
1155 2359 101 38 Cor.3
1222 2359 101 38 vers.
1289 2359 67 38 3.
1323 2359 67 38 2.
1357 2359 89 38 Joh.
1412 2359 67 38 v.
1446 2359 78 38 12.
1491 2359 89 38 Quum
1547 2359 101 38 multa
1614 2359 123 38 haberem
1703 2359 101 38 vobis
1759 2359 112 38 scriben-

1072 2390 80 44 da,
1117 2390 103 44 nelui
1186 2390 80 44 per
1232 2390 126 44 chartam
1324 2390 57 44 &
1347 2390 172 44 atramentum.
1484 2390 69 44 3.
1519 2390 92 44 Joh.
1576 2390 69 44 v.
1610 2390 80 44 13.
1656 2390 103 44 Multa
1725 2390 115 44 possem
1794 2390 80 44 scri-

1066 2425 100 40 bere,
1132 2425 77 40 sed
1177 2425 88 40 nolo
1232 2425 77 40 per
1276 2425 155 40 atramentum
1398 2425 55 40 &
1420 2425 122 40 calaman
1508 2425 88 40 tibi
1563 2425 133 40 scribere
1663 2425 100 40 Phil.
1729 2425 66 40 3.
1762 2425 66 40 v.
1796 2425 66 40 1.
1818 2425 55 40 Ea-

1076 2458 79 40 dem
1121 2458 135 40 scribere
1222 2458 113 40 vobis,
1301 2458 68 40 me
1335 2458 113 40 quidem
1414 2458 90 40 haud
1470 2458 113 40 piget,
1549 2458 101 40 vobis
1616 2458 101 40 autem
1684 2458 101 40 tutum
1740 2458 68 40 est,

1108 2490 68 39 Ex
1142 2490 90 39 sola
1198 2490 147 39 Scriptura
1311 2490 136 39 externa,
1413 2490 136 39 separata
1514 2490 56 39 a
1537 2490 147 39 Scriptura
1650 2490 124 39 interna
1740 2490 56 39 &
1763 2490 136 39 superio¬

1077 2519 62 43 re
1108 2519 114 43 lumine,
1191 2519 94 43 nulla
1254 2519 62 43 in
1285 2519 94 43 nobis
1347 2519 104 43 potest
1420 2519 83 43 esse
1472 2519 94 43 fides
1524 2519 125 43 salvifica.

1107 2563 93 44 Haec
1165 2563 104 44 autem
1235 2563 127 44 externa
1327 2563 150 44 Scriptura
1443 2563 127 44 usitate
1535 2563 197 44 intelligitur,
1697 2563 81 44 cum
1744 2563 69 44 S.
1767 2563 104 44 Scripte

1064 2598 178 44 nominatur.

1105 2621 104 63 Eaque
1175 2621 104 63 alias
1245 2621 139 63 secundum
1349 2621 151 63 essentiam
1465 2621 197 63 consideratur,
1627 2621 104 63 alias
1697 2621 139 63 secundum
1790 2621 81 63 acci

1058 2663 85 43 dens.

1104 2693 156 41 Scriptura
1224 2693 108 41 sacra
1296 2693 144 41 secundum
1404 2693 168 41 essentiam,
1535 2693 84 41 est
1583 2693 120 41 verbum
1667 2693 84 41 Dei
1715 2693 84 41 seu
1751 2693 120 41 doctrina

1075 2731 86 45 ipsa
1129 2731 151 45 coelestis,
1247 2731 86 45 quae
1301 2731 108 45 libris
1376 2731 108 45 sacris
1452 2731 161 45 continetur,
1581 2731 140 45 cujusmodi
1688 2731 86 45 inde
1742 2731 65 45 ab
1763 2731 108 45 initioe-

1074 2762 94 38 fuit
1133 2762 106 38 etiam
1203 2762 141 38 antequam
1309 2762 176 38 scriberetur
1450 2762 59 38 &
1474 2762 94 38 viva
1532 2762 117 38 tantum
1615 2762 94 38 voce
1673 2762 176 38 traderetur.

1104 2793 86 37 Hoc
1153 2793 98 37 modo
1214 2793 134 37 accepta
1312 2793 159 37 Scriptura
1434 2793 98 37 fuit
1495 2793 110 37 prius
1568 2793 98 37 quam
1629 2793 147 37 Ecclesia
1739 2793 122 37 esset.
1825 2793 86 37 Est

1084 2828 98 35 enim
1145 2828 135 35 aeterna
1243 2828 74 35 in
1280 2828 98 35 ipso
1341 2828 86 35 Deo
1390 2828 172 35 sapientia:
1525 2828 110 35 Neque
1598 2828 98 35 eius
1660 2828 135 35 notitia
1758 2828 86 35 tum
1794 2828 86 35 demum

1085 2859 140 35 Ecclesiae
1193 2859 140 35 patefacta
1301 2859 86 35 est,
1355 2859 108 35 quando
1431 2859 119 35 literis
1517 2859 76 35 est
1561 2859 162 35 consignata,
1690 2859 76 35 sed
1734 2859 86 35 ejus
1777 2859 97 35 patefa-

1080 2894 97 36 ctio
1141 2894 85 36 cum
1189 2894 97 36 ipsa
1250 2894 182 36 creaturarum
1396 2894 182 36 rationalium
1542 2894 158 36 creatione
1663 2894 61 36 &
1688 2894 170 36 primordiis
1809 2894 61 36 Ec-

1077 2925 128 35 clesiae
1170 2925 128 35 coepit.
1263 2925 93 35 Quin
1321 2925 116 35 verbum
1403 2925 105 35 illud
1472 2925 81 35 est
1519 2925 151 35 immortale
1635 2925 105 35 semen
1704 2925 70 35 ex
1739 2925 81 35 quo
1774 2925 93 35 Eccle-

1076 2955 76 38 sia
1120 2955 142 38 nascitur.
1229 2955 76 38 Non
1272 2955 109 38 igitur
1348 2955 109 38 potuit
1425 2955 131 38 Ecclesia
1523 2955 152 38 exsistere,
1642 2955 87 38 nisi
1697 2955 98 38 verbo
1762 2955 76 38 Dei
1795 2955 76 38 prius

1072 2993 145 37 tradito.
1181 2993 169 37 Quapropter
1314 2993 73 37 S.
1350 2993 157 37 Scriptura
1471 2993 85 37 quo
1520 2993 73 37 ad
1556 2993 169 37 essentiam,
1689 2993 121 37 natura
1774 2993 73 37 ut
1798 2993 85 37 causa

1070 3026 106 43 prior
1141 3026 82 43 est
1188 3026 94 43 quam
1247 3026 153 43 ecclesia,
1365 3026 71 43 ac
1400 3026 130 43 proinde
1494 3026 153 43 antiquior
1612 3026 94 43 quam
1659 3026 118 43 Ecclesia

1103 3051 153 40 Scriptura
1221 3051 71 40 S,
1256 3051 141 40 secundum
1362 3051 71 40 ac
1397 3051 106 40 idens
1468 3051 82 40 est
1515 3051 118 40 verbum
1597 3051 94 40 Dei,
1656 3051 141 40 quatenus
1761 3051 82 40 suo
1797 3051 71 40 tem-

1082 3089 89 36 pore
1137 3089 122 36 literis
1226 3089 133 36 exaratum
1326 3089 78 36 est
1370 3089 66 36 in
1403 3089 111 36 libris
1481 3089 122 36 veteris
1569 3089 55 36 &
1591 3089 89 36 novi
1647 3089 155 36 Testamenti
1757 3089 111 36 singula-

1073 3122 66 40 ri
1106 3122 165 40 providentia
1238 3122 88 40 Dei,
1293 3122 66 40 ut
1326 3122 99 40 esset
1392 3122 143 40 veritatis
1502 3122 132 40 divinae,
1601 3122 88 40 quae
1656 3122 77 40 est
1700 3122 132 40 secundum
1788 3122 77 40 pieta

1077 3155 100 39 tem,
1139 3155 75 39 ad
1176 3155 137 39 salutem
1276 3155 137 39 nostram
1376 3155 150 39 aeternam
1488 3155 187 39 necessarium
1626 3155 187 39 instrumentum.
