2063 3327
191 168 89 64 ctis
247 168 123 64 Spiritu
336 168 89 64 illo
392 168 179 64 promissionis
537 168 123 64 Sancto,
626 168 78 64 Qui
671 168 78 64 est
716 168 123 64 arrhabo
805 168 179 64 haereditatis
939 168 56 64 no-

202 224 110 45 strae,
279 224 77 45 dum
323 224 66 45 in
356 224 154 45 libertatem
478 224 165 45 vindicemur,
610 224 66 45 ad
643 224 110 45 laudem
720 224 121 45 gloriae
809 224 121 45 ipsius.
886 224 88 45 Arrha-

199 261 69 35 bo
233 261 172 35 generaliter
371 261 80 35 est
417 261 92 35 omne
474 261 80 35 id,
520 261 80 35 quo
566 261 92 35 dato
623 261 172 35 confirmatur
761 261 161 35 promissio.
887 261 80 35 Vox
922 261 57 35 est

205 287 110 40 sumta
278 287 73 40 ab
315 287 159 40 Hebraeis,
436 287 85 40 qui
485 287 171 40 Arrhabonem
619 287 85 40 pay
668 287 171 40 appellant;
802 287 159 40 usurpatur
912 287 61 40 Ge-

200 324 84 39 nes.
252 324 73 39 38.
294 324 84 39 ver.
346 324 73 39 17.
388 324 168 39 Tertullianus
525 324 73 39 ait
567 324 94 39 libro
630 324 63 39 de
661 324 178 39 resurrectione
808 324 105 39 carnis
882 324 84 39 cap.
924 324 52 39 51.

194 358 190 37 Quemadmodum
346 358 114 37 nobis
422 358 177 37 arrhabonem
562 358 152 37 Spiritus
676 358 165 37 reliquit,
803 358 89 37 ita
853 358 63 37 &
879 358 63 37 a
891 358 89 37 nobi-

202 385 167 33 arrhabonem
333 385 119 33 carnis
417 385 143 33 accepit,
524 385 60 33 &
548 385 107 33 vexit
619 385 72 33 in
655 385 119 33 coelum
739 385 119 33 pignus
822 385 119 33 totius
894 385 95 33 summae

207 417 108 34 illuc
279 417 156 34 quandoque
399 417 180 34 redigendae.
543 417 84 34 Quo
591 417 108 34 etiam
664 417 144 34 pertinet
772 417 96 34 quod
832 417 120 34 Paulus
904 417 72 34 Apo-

206 449 105 36 stolus
279 449 94 36 dicit
342 449 105 36 Galat.
415 449 63 36 4.
447 449 94 36 vers.
510 449 63 36 6.
541 449 115 36 Quoniam
625 449 94 36 estis
688 449 105 36 Filij,
762 449 105 36 emisit
835 449 84 36 Deus
877 449 105 36 Spiritum

209 484 96 46 Filij
273 484 74 46 sui
316 484 64 46 in
347 484 96 46 corda
411 484 117 46 nostra,
496 484 138 46 clamantem
602 484 96 46 Abba,
666 484 64 46 id
698 484 85 46 est,
751 484 106 46 Pater.

295 506 114 41 Sextus
374 506 103 41 locus
443 506 57 41 1
466 506 114 41 Johan.
545 506 68 41 2.
568 506 57 41 27.

238 538 78 50 Sed
282 538 111 50 unctio
360 538 89 50 quam
415 538 78 50 vos
459 538 155 50 accepistis
581 538 66 50 ab
614 538 78 50 eo,
659 538 100 50 manet
725 538 66 50 in
747 538 89 50 vobis.

319 581 108 45 Hinc
387 581 122 45 talis
468 581 216 45 argumentatio
644 581 189 45 exstruenda
779 581 81 45 erit

232 620 109 39 Vnctio
308 620 87 39 illa
363 620 109 39 manens
439 620 65 39 in
471 620 109 39 nobis,
547 620 76 39 est
591 620 130 39 qualitas
689 620 98 39 nobis
743 620 98 39 infusa-

241 653 110 40 Sratia
318 653 110 40 gratum
396 653 122 40 faciens
484 653 77 40 est
528 653 88 40 illa
583 653 110 40 unctio
661 653 110 40 manens
738 653 66 40 in
771 653 110 40 nobis:
849 653 99 40 Ergo:
904 653 55 40 &c.

228 674 110 50 RESP.
301 674 135 50 Primum,
399 674 110 50 major
473 674 172 50 propositio
608 674 147 50 negatur:
718 674 98 50 quia
780 674 123 50 unctio
865 674 98 50 illa
914 674 74 50 eest

213 717 139 41 Spiritus
318 717 139 41 Sanctus,
422 717 81 41 qui
469 717 81 41 sic
515 717 162 41 appellatur
643 717 186 41 translatione
793 717 116 41 quadam
875 717 104 41 sumta
933 717 46 41 al

210 752 176 37 unctionibus
351 752 71 37 in
387 752 94 37 Lege
445 752 153 37 receptis.
563 752 141 37 Caeterum
669 752 94 37 hanc
727 752 153 37 unctionem
845 752 94 37 esse
892 752 94 37 Spiri-

199 781 78 34 tum
244 781 134 34 Sanctum,
344 781 90 34 inde
400 781 123 34 liquet,
490 781 90 34 quia
546 781 67 34 de
580 781 90 34 illa
636 781 134 34 dicitur,
737 781 90 34 quod
793 781 78 34 nos
837 781 112 34 doceat
916 781 67 34 de
938 781 45 34 o-

205 814 130 35 mnibus.
300 814 71 35 At
335 814 83 35 qui
383 814 83 35 nos
430 814 106 35 docet
501 814 71 35 de
536 814 130 35 omnibus
631 814 142 35 internus
738 814 130 35 doctor,
832 814 83 35 est
868 814 118 35 Spiritus

204 844 142 38 Sanctus,
311 844 83 38 qui
358 844 59 38 &
382 844 154 38 Apostolos
500 844 166 38 introduxit
631 844 71 38 in
666 844 107 38 omnem
737 844 154 38 veritatem
856 844 118 38 Johan.
927 844 59 38 16.

189 876 84 42 13.
237 876 84 42 Ita
285 876 72 42 de
320 876 131 42 Spiritu
416 876 119 42 Sancto
499 876 203 42 interpretatur
667 876 167 42 Augustinus
798 876 143 42 Tractatu
905 876 72 42 3.
929 876 48 42 i1

198 913 119 35 epist.
282 913 143 35 Johannis
389 913 72 35 in
425 913 95 35 haec
484 913 119 35 verba:
568 913 119 35 Vnctio
651 913 83 35 vos
699 913 107 35 docet
770 913 119 35 omnia:
854 913 131 35 Quantum
937 913 48 35 ad

195 948 71 34 me
231 948 143 34 pertinet
338 948 95 34 (ait
397 948 178 34 Augustinus)
540 948 131 34 omnibus
635 948 143 34 loquutus
742 948 95 34 sum;
802 948 83 34 sed
849 948 119 34 quibus
921 948 59 34 un-

202 972 85 36 ctio
256 972 85 36 illa
309 972 96 36 intus
373 972 74 36 non
415 972 138 36 loquitur,
522 972 85 36 quos
575 972 128 36 Spiritus
670 972 117 36 Sanctus
756 972 96 36 intus
819 972 74 36 non
862 972 106 36 docet,
926 972 53 36 in-

194 1002 114 34 docti
271 1002 152 34 redeunt.
385 1002 152 34 Quanquam
499 1002 127 34 itidem
588 1002 114 34 dicit
664 1002 165 34 Magistrum
791 1002 114 34 intus
855 1002 127 34 docentem

201 1035 94 36 esse
260 1035 152 36 Christum:
377 1035 82 36 sed
424 1035 94 36 haec
482 1035 82 36 non
529 1035 140 36 pugnant,
634 1035 94 36 quia
693 1035 140 36 Christus
798 1035 82 36 nos
845 1035 105 36 intus
903 1035 82 36 docet

194 1069 91 45 per
246 1069 157 45 Spiritum
351 1069 130 45 Sanctum.

228 1091 132 46 Secundo
324 1091 132 46 negatur
420 1091 108 46 etiam
492 1091 156 46 assumtio:
612 1091 96 46 quia
671 1091 120 46 gratia
755 1091 120 46 gratum
839 1091 132 46 faciens
923 1091 60 46 est

202 1130 167 40 attributum
334 1130 84 40 Dei
381 1130 179 40 essentiale,
525 1130 72 40 at
561 1130 120 40 unctio
644 1130 120 40 manens
728 1130 72 40 in
764 1130 108 40 nobis
836 1130 84 40 est
871 1130 120 40 persona.

205 1160 140 49 Spiritus
299 1160 93 49 Sancti

277 1188 135 50 Septimus
378 1188 101 50 Locus
445 1188 67 50 1.
479 1188 112 50 Johan.
557 1188 67 50 3.
591 1188 101 50 vers.
647 1188 45 50 9.

262 1221 138 44 Quisquis
366 1221 104 44 natus
435 1221 81 44 est
482 1221 69 44 ex
516 1221 92 44 Deo,
574 1221 127 44 peccato
666 1221 81 44 non
712 1221 81 44 dat
758 1221 127 44 operam:
851 1221 127 44 quoniam
931 1221 58 44 se-

202 1257 79 41 men
247 1257 113 41 ipsius
326 1257 68 41 in
359 1257 68 41 eo
382 1257 90 41 manet.

400 1277 96 55 Inde
460 1277 84 55 sic
508 1277 144 55 formanda
617 1277 96 55 erit
665 1277 132 55 objectio:

236 1324 103 41 Semen
304 1324 103 41 illud
373 1324 69 41 in
407 1324 172 41 regeneratis
545 1324 115 41 manens
625 1324 80 41 est
671 1324 138 41 qualitas
763 1324 103 41 infusa:

233 1358 115 44 Gratia
313 1358 115 44 gratum
393 1358 126 44 faciens
485 1358 80 44 est
531 1358 103 44 semen
599 1358 103 44 illud
668 1358 69 44 in
703 1358 172 44 regeneratis
829 1358 103 44 manens:

232 1393 125 42 Ergo,
301 1393 42 42 &

240 1422 112 46 RESP.
314 1422 137 46 Utraque
414 1422 162 46 praemissa
538 1422 149 46 negatur:
650 1422 87 46 Nam
699 1422 112 46 semen
774 1422 112 46 illud
848 1422 75 46 in
873 1422 112 46 regenes

208 1455 103 44 tatis
276 1455 114 44 manens
356 1455 80 44 est
401 1455 137 44 Spiritus
504 1455 137 44 Sanctus,
607 1455 80 44 qui
652 1455 103 44 semen
720 1455 80 44 Dei
766 1455 125 44 vocatur
857 1455 68 44 ab
880 1455 114 44 effectu,

210 1495 93 34 quod
268 1495 93 34 ejus
326 1495 139 34 virtuto,
431 1495 128 34 tanquam
524 1495 70 34 ex
559 1495 116 34 semine
640 1495 128 34 quodam,
733 1495 93 34 novi
791 1495 128 34 homines
872 1495 116 34 efficia-

202 1523 88 33 mur.
257 1523 131 33 Spiritus
355 1523 121 33 Sanctus
443 1523 99 33 radix
509 1523 66 33 ac
542 1523 99 33 semen
607 1523 77 33 est
651 1523 142 33 coelestis
761 1523 99 33 vitae
827 1523 66 33 in
859 1523 110 33 nobis.
925 1523 55 33 Sc-

202 1552 78 34 men
247 1552 67 34 ex
280 1552 78 34 quo
325 1552 112 34 electi
403 1552 112 34 renati
482 1552 101 34 sunt,
549 1552 78 34 est
593 1552 101 34 etiam
661 1552 112 34 verbum
739 1552 90 34 Dei,
795 1552 90 34 quod
851 1552 67 34 1.
884 1552 101 34 Petri
940 1552 45 34 i-

202 1584 79 42 23.
247 1584 102 42 semen
315 1584 204 42 incorruptibile
485 1584 136 42 vocatur.
588 1584 91 42 Haec
644 1584 91 42 vero
701 1584 79 42 non
747 1584 136 42 pugnant,
849 1584 91 42 quia
894 1584 91 42 Spiri-

204 1613 108 37 ritus
276 1613 132 37 Sanctus
372 1613 84 37 est
419 1613 108 37 semen
491 1613 168 37 primarium:
623 1613 120 37 verbum
707 1613 84 37 est
755 1613 108 37 lemen
814 1613 168 37 secundarium.

206 1647 57 35 &
228 1647 149 35 utriusque
343 1647 149 35 efficacia
457 1647 172 35 renascimur,
595 1647 114 35 illius
675 1647 114 35 quidem
755 1647 206 35 principaliter,
915 1647 80 35 hujus

203 1678 92 42 vero
260 1678 230 42 instrumentaliter

207 1717 86 53 Sic
256 1717 147 53 breviter
366 1717 159 53 vindicata
488 1717 98 53 sunt
549 1717 98 53 illa
610 1717 98 53 loca
671 1717 171 53 Scripturae
806 1717 98 53 quae
855 1717 134 53 Bellarmi-

193 1765 100 42 nus
250 1765 171 42 detorsit
378 1765 85 42 ut
420 1765 185 42 probaret,
562 1765 156 42 Gratiam
676 1765 142 42 gratum
776 1765 185 42 facientem
918 1765 114 42 esse

232 1796 194 49 qualitatem
385 1796 125 49 nobis
468 1796 166 49 infusam,
593 1796 69 49 &
620 1796 83 49 in
662 1796 125 49 anima
745 1796 139 49 nostra
828 1796 125 49 haeren-

427 1840 106 50 tem
488 1840 106 50 per
548 1840 137 50 modum
624 1840 137 50 habitus

245 1873 101 43 Eodem
312 1873 101 43 libro
379 1873 67 43 1.
413 1873 67 43 de
447 1873 112 43 Gratia
525 1873 56 43 &
548 1873 112 43 libero
626 1873 135 43 arbitrio
727 1873 90 43 cap.
783 1873 67 43 6.
817 1873 135 43 asserit,
907 1873 67 43 Gra-

196 1913 92 36 tiam
253 1913 115 36 gratum
333 1913 149 36 facientem
448 1913 69 36 re
482 1913 80 36 non
528 1913 149 36 distingui
643 1913 69 36 ab
678 1913 115 36 habitu
758 1913 172 36 charitatis:
896 1913 69 36 Et
919 1913 57 36 ibi

208 1945 92 38 dem:
265 1945 126 38 Gratiam
357 1945 57 38 a
380 1945 161 38 charitate,
506 1945 80 38 aut
552 1945 103 38 nullo
621 1945 103 38 modo,
690 1945 80 38 aut
736 1945 103 38 solam
805 1945 126 38 ratione
886 1945 103 38 distin-

208 1980 98 36 gui.
269 1980 98 36 Hanc
330 1980 171 36 sententiam
464 1980 134 36 nititur
561 1980 134 36 probare
659 1980 122 36 primum
744 1980 171 36 autoritate
866 1980 122 36 Concilij

209 2007 167 42 Tridentini,
343 2007 100 42 cujus
409 2007 100 42 nulia
476 2007 78 42 est
521 2007 89 42 apud
577 2007 89 42 pios
632 2007 156 42 autoritas:
755 2007 123 42 Secundo
833 2007 156 42 testimoniis.

198 2041 131 34 veterum
293 2041 131 34 Patrum,
389 2041 119 34 quibus
472 2041 107 34 fides
544 2041 167 34 Christiana
675 2041 83 34 non
723 2041 143 34 nititur.
830 2041 119 34 Tertio
902 2041 83 34 argu-

205 2074 106 41 mento
276 2074 106 41 ducto
347 2074 59 41 a
370 2074 106 41 pari:
441 2074 94 41 quia
500 2074 118 41 habitu
582 2074 177 41 charitatis,
724 2074 106 41 eadem
794 2074 106 41 omnia
865 2074 141 41 competat

205 2102 91 43 quae
262 2102 126 43 gratiae
353 2102 114 43 gratum
433 2102 148 43 facienti:
547 2102 68 43 ad
581 2102 91 43 quod
638 2102 205 43 operae-pretium
809 2102 80 43 est
844 2102 148 43 respondere.

234 2136 147 44 yllogismus
349 2136 94 44 talis
401 2136 63 44 erit

234 2156 124 51 Quibus
321 2156 112 51 eadem
395 2156 174 51 conveniunt
532 2156 87 51 per
582 2156 124 51 omnia,
669 2156 75 51 ea
706 2156 100 51 sunt
756 2156 87 51 idem:

238 2205 134 37 Gratiae
335 2205 122 37 gratum
421 2205 146 37 facienti
531 2205 61 37 &
555 2205 134 37 habitui
652 2205 171 37 charitatis
787 2205 110 37 eadem
848 2205 146 37 conveniunt

202 2234 93 43 per
241 2234 93 43 omnia

244 2258 94 46 Ergo
303 2258 94 46 sunt
350 2258 70 46 idem

239 2285 175 49 Assumtionis
379 2285 140 49 probatio
484 2285 70 49 I.
519 2285 128 49 Gratiae
613 2285 163 49 habitualis
741 2285 140 49 proprium
846 2285 93 49 esse
893 2285 93 49 uolun-

205 2325 93 38 dare
264 2325 117 38 animae
345 2325 128 38 quoddam
438 2325 93 38 esse
497 2325 210 38 supernaturale,
671 2325 70 38 ex
706 2325 82 38 quo
753 2325 128 38 dicatur
846 2325 93 38 homo
893 2325 93 38 filius

214 2357 82 39 Dei
261 2357 82 39 per
308 2357 236 39 participationem,
509 2357 59 39 &
532 2357 130 39 divinae
627 2357 130 39 consors
721 2357 141 39 naturae.
827 2357 71 39 Id
862 2357 94 39 vero
910 2357 82 39 totum

221 2394 138 33 scriptura
328 2394 160 33 apertissime
456 2394 117 33 tribuit
541 2394 149 33 charitati,
658 2394 64 33 i.
690 2394 106 33 Johan.
764 2394 64 33 3.
796 2394 64 33 v.
828 2394 64 33 1.
860 2394 106 33 Videte
924 2394 64 33 qua-

216 2424 83 42 lem
264 2424 166 42 charitatem
394 2424 107 42 dedit
465 2424 107 42 nobis
536 2424 118 42 Pater,
619 2424 71 42 ut
654 2424 107 42 Filij
725 2424 83 42 Dei
773 2424 154 42 nominemur
891 2424 59 42 &
903 2424 83 42 simus

215 2452 54 39 &
237 2452 86 39 cap.
290 2452 64 39 4.
322 2452 64 39 v.
354 2452 64 39 7.
387 2452 96 39 Omnis
451 2452 75 39 qui
494 2452 128 39 diligit,
590 2452 64 39 ex
622 2452 75 39 Deo
665 2452 96 39 natus
718 2452 54 39 est

244 2484 108 40 RESP.
316 2484 108 40 Primo
388 2484 132 40 negatur
483 2484 132 40 gratiae
579 2484 168 40 habitualis
711 2484 96 40 esse
771 2484 156 40 proprium,
890 2484 96 40 dare
938 2484 48 40 a-

210 2521 108 32 nimae
282 2521 108 32 illud
354 2521 84 32 est
402 2521 217 32 supernaturale:
583 2521 84 32 Nam
631 2521 84 32 hoc
679 2521 84 32 est
727 2521 144 32 proprium
824 2521 168 32 benevolentia

221 2547 124 35 livinae
311 2547 90 35 erga
367 2547 90 35 nos.
424 2547 113 35 Deinde
502 2547 124 35 negatur
593 2547 90 35 idem
649 2547 146 35 charitati
762 2547 146 35 habituali
863 2547 124 35 convenire

221 2582 113 36 Tertio
300 2582 159 36 testimonia
425 2582 125 36 adducta
516 2582 68 36 id
550 2582 79 36 non
595 2582 136 36 probant.
697 2582 79 36 Nam
742 2582 113 36 Johan.
822 2582 68 36 3.
856 2582 68 36 v.
890 2582 68 36 1.
913 2582 79 36 voca-

218 2609 78 40 tur
263 2609 134 40 charitus
363 2609 78 40 non
408 2609 156 40 habitualis
531 2609 123 40 haerens
620 2609 67 40 in
654 2609 112 40 nobis,
732 2609 78 40 sed
777 2609 101 40 munus
844 2609 67 40 ex
866 2609 123 40 charitate

207 2641 84 43 Dei
255 2641 84 43 qua
303 2641 84 43 nos
351 2641 193 43 complectitur
508 2641 144 43 donatum,
616 2641 156 43 videlicet
736 2641 132 43 adoptio
833 2641 72 43 ex
869 2641 96 43 mera
917 2641 72 43 cha-

210 2673 117 42 ritate
292 2673 93 42 erga
350 2673 82 42 nos
397 2673 58 42 a
420 2673 82 42 Deo
467 2673 105 42 nobis
537 2673 105 42 data:
607 2673 105 42 idque
677 2673 82 42 per
724 2673 163 42 metonymiam
852 2673 117 42 causae
922 2673 70 42 efs-

214 2703 159 37 ficientis.
339 2703 68 37 Et
373 2703 91 37 cap.
430 2703 68 37 4.
464 2703 68 37 v.
498 2703 68 37 7.
532 2703 80 37 non
578 2703 102 37 docet
646 2703 148 37 Johannes,
760 2703 91 37 quod
817 2703 137 37 dilectio
908 2703 102 37 proximi

217 2737 77 34 sit
261 2737 110 34 causa,
338 2737 77 34 sed
381 2737 88 34 quod
436 2737 77 34 sit
480 2737 131 34 effectum
579 2737 77 34 seu
622 2737 153 34 ,
743 2737 77 34 hoc
787 2737 88 34 est,
842 2737 110 34 certum
907 2737 88 34 signum

196 2772 199 45 regenerationis:

268 2794 85 46 II.
316 2794 158 46 Probatio:
438 2794 121 46 Gratia
522 2794 158 46 habituali
644 2794 194 46 regeneramur:
801 2794 158 46 Charitate
910 2794 85 46 habi-

213 2830 106 46 tuali
284 2830 188 46 regeneramur.

251 2863 87 45 Ergo
306 2863 109 45 gratia
382 2863 76 45 est
415 2863 109 45 charitas

242 2891 114 49 RESP.
318 2891 152 49 Peccatum
432 2891 89 49 est
483 2891 63 49 &
509 2891 76 49 in
547 2891 114 49 forma
623 2891 63 49 &
648 2891 76 49 in
686 2891 152 49 materia:
800 2891 76 49 In
838 2891 114 49 forma
902 2891 101 49 dupli-

217 2932 112 31 citer,
295 2932 78 31 tum
340 2932 90 31 quia
396 2932 146 31 affirmate
508 2932 168 31 concluditur
643 2932 67 31 in
676 2932 123 31 secunda
766 2932 123 31 figura,
855 2932 78 31 tum
900 2932 90 31 quia
945 2932 56 31 ve-

227 2958 91 44 plus
284 2958 137 44 infertur
386 2958 91 44 quam
443 2958 159 44 praemissae
568 2958 125 44 ferunt;
659 2958 80 44 vel
705 2958 102 44 certe
773 2958 125 44 ambigua
864 2958 80 44 est
899 2958 102 44 conelu-

220 2992 97 36 sio.
280 2992 85 36 Sed
329 2992 133 36 corrigi
426 2992 121 36 possit
510 2992 109 36 forma
583 2992 85 36 hoc
619 2992 85 36 modo:

247 3028 180 41 Regeneratio
391 3028 84 41 sit
439 3028 84 41 per
487 3028 168 41 charitatem
607 3028 156 41 habitualem:

249 3060 177 33 Regeneratio
391 3060 83 33 sit
438 3060 83 33 per
485 3060 130 33 gratiam
568 3060 153 33 habitualem.

241 3087 91 54 Ergo
297 3087 113 54 gratia
377 3087 159 54 habitualis
501 3087 79 54 est
547 3087 136 54 charitas
638 3087 147 54 habitunlis;

1053 188 74 46 At
1090 188 86 46 sic
1139 188 74 46 in
1176 188 135 46 materia
1274 188 184 46 nihilominus
1421 188 147 46 peccatum
1532 188 123 46 manet.
1618 188 86 46 Nam
1667 188 111 46 primo
1728 188 74 46 com-

1028 229 136 36 mittitur
1130 229 148 36 ignoratio
1244 229 136 36 elenehi:
1346 229 91 36 quia
1403 229 148 36 conclusio
1517 229 136 36 loquitur
1619 229 68 36 de
1653 229 114 36 gratia
1733 229 91 36 habi

1030 264 118 35 tuali;
1113 264 130 35 quandam
1208 264 106 35 autem
1279 264 130 35 gratiam
1373 264 166 35 habitualem
1503 264 95 35 esse
1563 264 166 35 charitatem
1693 264 106 35 nobis
1752 264 59 35 in-

1025 292 112 37 fusam,
1103 292 101 37 ultro
1170 292 112 37 damus,
1249 292 78 37 nec
1294 292 67 37 de
1327 292 78 37 hoc
1372 292 78 37 est
1417 292 191 37 controversia:
1574 292 78 37 sed
1619 292 123 37 gratiam
1697 292 101 37 gratur.

1036 324 162 37 facientem
1160 324 100 37 esse
1223 324 175 37 charitatem
1360 324 187 37 habitualem,
1510 324 150 37 negamus.
1623 324 125 37 Deinde
1698 324 112 37 utraque

1042 358 140 36 raemissa
1148 358 140 36 negatur:
1253 358 82 36 Nam
1299 358 152 36 clharitas
1416 358 164 36 habitualis
1545 358 58 36 &
1568 358 117 36 gratia
1650 358 70 36 in
1685 358 117 36 animam
1755 358 47 36 in

1030 389 86 45 fusa
1084 389 75 45 non
1127 389 86 45 sunt
1181 389 107 45 causae
1256 389 204 45 regenerationis,
1427 389 75 45 sed
1460 389 107 45 effecta.

1218 422 146 48 Majoris
1324 422 159 48 probatio
1443 422 93 48 per
1483 422 132 48 Soritem.

1062 453 112 43 Semen
1136 453 75 43 ex
1173 453 87 43 quo
1223 453 186 43 regeneramur
1372 453 87 43 est
1422 453 124 43 Verbum
1496 453 75 43 Dei:

1063 490 122 41 Verbum
1148 490 85 41 Dei
1197 490 122 41 gignit
1282 490 73 41 in
1318 490 109 41 nobis
1391 490 109 41 fidem
1452 490 97 41 vivam:

1057 520 107 36 Fides
1128 520 95 36 viva
1188 520 142 36 operatur
1294 520 83 36 per
1330 520 154 36 charitatem:

1057 542 101 53 Fides
1124 542 112 53 igitur
1203 542 101 53 viva,
1270 542 67 53 id
1304 542 90 53 est,
1360 542 79 53 cum
1405 542 157 53 charitate,
1529 542 79 53 est
1574 542 67 53 id
1608 542 79 53 per
1653 542 90 53 quod
1698 542 101 53 renasci

1021 585 95 40 mur,
1081 585 60 40 &
1104 585 131 40 proinde
1200 585 95 40 ipsa
1259 585 83 40 dat
1307 585 107 40 illud
1378 585 95 40 esse
1438 585 131 40 divinum
1533 585 60 40 &
1557 585 214 40 supernaturale,
1724 585 83 40 iundo

1017 616 133 39 dicimur
1114 616 109 39 Filij
1174 616 61 39 Dei

1075 640 65 52 At
1108 640 119 52 vitiosa
1194 640 76 52 est
1238 640 119 52 Soritis
1325 640 108 52 istius
1401 640 108 52 forma:
1477 640 87 52 ideo
1531 640 87 52 ejus
1585 640 174 52 consequentia
1715 640 87 52 nulla;

1030 671 169 53 Principalis
1165 671 169 53 Syllogismus
1300 671 79 53 est
1333 671 79 53 iste:

1058 710 101 41 Fide
1109 710 177 41 regeneramur:

1056 740 106 44 Fides
1127 740 141 44 operatur
1232 740 82 44 per
1267 740 141 44 charitatem

1060 771 96 46 Ergo
1120 771 84 46 per
1168 771 168 46 charitatem
1289 771 168 46 regeneramur.

1062 797 116 45 Rursus
1144 797 127 45 vitiosa
1236 797 81 45 est
1283 797 197 45 consequentia:
1445 797 93 45 quia
1503 797 185 45 paralogismus
1653 797 93 45 iste
1700 797 104 45 quatuos

1028 838 126 36 constat
1119 838 149 36 terminis,
1233 838 103 36 Fide,
1302 838 183 36 regeneramur,
1451 838 137 36 operatur
1553 838 80 36 per
1599 838 171 36 charitatem,
1736 838 57 36 &
1748 838 57 36 per

1035 866 167 44 charitatem
1166 866 191 44 regeneramur.
1321 866 107 44 Forma
1393 866 143 44 correcta
1500 866 155 44 inferetur
1619 866 95 44 haec
1667 866 143 44 conclusio;

1024 901 99 43 Ergo
1085 901 123 43 aliquo
1172 901 99 43 quod
1234 901 148 43 operatur
1345 901 86 43 per
1394 901 185 43 charitutem,
1542 901 198 43 regeneramur:
1703 901 74 43 id
1728 901 86 43 autem

1028 938 79 41 est
1073 938 113 41 fides:
1152 938 90 41 quod
1208 938 169 41 libetissime
1343 938 113 41 damus:
1422 938 79 41 sed
1467 938 101 41 istud
1534 938 101 41 nihil
1602 938 101 41 juvat
1658 938 158 41 Bellarminum:

1063 965 131 36 INSTAT:
1159 965 84 36 Per
1206 965 96 36 quod
1266 965 107 36 sumus
1338 965 107 36 filij
1409 965 96 36 Dei,
1469 965 84 36 per
1517 965 72 36 id
1541 965 167 36 regeneramur:

1057 994 76 52 Per
1101 994 98 52 fidem
1166 994 109 52 ivivam
1243 994 98 52 sumus
1308 994 98 52 filij
1374 994 87 52 Dei:
1428 994 87 52 Gal.
1483 994 66 52 3.
1516 994 66 52 v.
1537 994 55 52 26.

1064 1024 97 44 Ergo
1124 1024 85 44 per
1173 1024 109 44 fidem
1245 1024 109 44 vivam
1306 1024 169 44 regeneramur.

1067 1060 174 42 Concedimus
1203 1060 124 42 totum:
1290 1060 75 42 Ex
1327 1060 124 42 minore
1414 1060 149 42 concessa
1526 1060 87 42 sic
1563 1060 112 42 infert:

1059 1090 83 43 Per
1107 1090 107 43 fidem
1178 1090 107 43 vivam
1249 1090 107 43 sumus
1320 1090 107 43 filij
1380 1090 71 43 Dei:

1058 1121 76 43 Per
1102 1121 152 43 charitatem
1221 1121 76 43 est
1264 1121 98 43 fides
1318 1121 76 43 viva-

1060 1153 87 43 Ergo
1114 1153 76 43 per
1158 1153 151 43 charitatem
1276 1153 97 43 sumus
1331 1153 87 43 filij.

1080 1183 167 46 Concedimus
1211 1183 60 46 &
1235 1183 95 46 hoc,
1295 1183 107 46 recte
1366 1183 167 46 intellecta
1498 1183 191 46 conclusione,
1653 1183 131 46 nimirum
1736 1183 72 46 iste

1023 1213 122 46 sensu,
1108 1213 85 46 per
1157 1213 171 46 charitatem
1291 1213 134 46 tanquam
1389 1213 134 46 evidens
1487 1213 61 46 &
1511 1213 122 46 certum
1596 1213 122 46 signum
1670 1213 134 46 cognosci-

1033 1253 87 45 quod
1088 1253 98 45 simus
1153 1253 98 45 filij
1218 1253 87 45 Dei:
1273 1253 65 45 At
1305 1253 76 45 hoc
1349 1253 76 45 est
1392 1253 98 45 extra
1458 1253 131 45 terminos
1555 1253 120 45 nostrae
1632 1253 152 45 quaestionis.

1085 1277 90 40 Tum
1137 1277 128 40 probat
1226 1277 141 40 majorem
1329 1277 103 40 quam
1393 1277 103 40 nemo
1458 1277 128 40 negat:
1547 1277 90 40 sed
1599 1277 128 40 probat
1689 1277 128 40 inepte
1766 1277 51 40 ex

1041 1309 115 39 Galat.
1122 1309 69 39 6.
1157 1309 69 39 v.
1191 1309 81 39 15.
1237 1309 81 39 ubi
1284 1309 81 39 ait
1330 1309 104 39 fidem
1399 1309 104 39 vivam
1468 1309 150 39 appellari
1583 1309 104 39 novam
1653 1309 161 39 creaturam:
1768 1309 46 39 In

1035 1343 119 41 Graeco
1119 1343 83 41 est
1238 1343 131 41 :
1333 1343 155 41 Vertendum
1452 1343 119 41 igitur
1536 1343 95 41 nova
1595 1343 143 41 creatio.
1703 1343 83 41 Nam
1738 1343 72 41 quod

1032 1377 133 36 vulgata
1129 1377 109 36 habut
1201 1377 97 36 nova
1261 1377 157 36 creatura,
1382 1377 85 36 est
1431 1377 157 36 ambiguum:
1551 1377 97 36 quum
1612 1377 121 36 Paulus
1696 1377 85 36 ibi
1733 1377 72 36 aga-

1030 1413 67 35 de
1063 1413 191 35 instauratione
1221 1413 90 35 sola
1277 1413 169 35 qualitatum,
1412 1413 79 35 non
1457 1413 67 35 de
1490 1413 90 35 ipsa
1547 1413 157 35 substantia
1670 1413 135 35 hominis.
1760 1413 45 35 Un

1026 1443 72 34 de
1062 1443 120 34 liquet
1146 1443 84 34 non
1194 1443 108 34 fidem
1266 1443 156 34 appellari
1386 1443 108 34 novam
1457 1443 180 34 creationem,
1601 1443 84 34 sed
1637 1443 168 34 instauratio-

1038 1473 84 32 nem
1086 1473 84 32 seu
1134 1473 144 32 actionem
1242 1473 96 32 Dei,
1302 1473 132 32 hominem
1398 1473 72 32 ex
1434 1473 120 32 gratia
1517 1473 192 32 instaurantis
1673 1473 60 32 &
1685 1473 132 32 refingen-

1041 1500 70 45 s:
1076 1500 151 45 propterea
1192 1500 128 45 homines
1285 1500 163 45 regenerati
1413 1500 139 45 dicuntur
1518 1500 128 45 ,
1611 1500 70 45 id
1645 1500 93 45 est,
1703 1500 93 45 opus
1750 1500 58 45 Dei

1033 1533 108 38 Ephes.
1109 1533 65 38 2.
1141 1533 65 38 v.
1173 1533 76 38 10.
1217 1533 76 38 Nos
1260 1533 108 38 ipsius
1335 1533 97 38 sumus
1400 1533 97 38 opus,
1465 1533 119 38 conditi
1551 1533 65 38 in
1583 1533 119 38 Christo
1670 1533 86 38 Iesu
1724 1533 65 38 ad
1745 1533 65 38 ope-

1030 1575 68 35 ra
1064 1575 103 35 bona,
1132 1575 91 35 quae
1189 1575 171 35 praeparavit
1326 1575 91 35 Deus
1383 1575 68 35 ut
1418 1575 68 35 in
1452 1575 80 35 eis
1497 1575 183 35 incederemus.
1646 1575 91 35 Quod
1703 1575 103 35 ipsum
1760 1575 57 35 di-

1032 1599 97 34 ctum
1092 1599 182 34 Bellarminus
1238 1599 182 34 imprudenter
1383 1599 121 34 priori
1468 1599 157 34 subjecit,
1589 1599 133 34 tanquam
1686 1599 121 34 seipse
1758 1599 61 34 re-

1039 1629 138 35 futaret:
1142 1629 80 35 nam
1188 1629 69 35 si
1222 1629 115 35 Galat.
1303 1629 69 35 6.
1337 1629 103 35 vers.
1406 1629 80 35 15.
1452 1629 149 35 reddendum
1567 1629 115 35 esset,
1648 1629 92 35 nova
1694 1629 126 35 creatura:

1036 1664 80 31 tum
1081 1664 68 31 ex
1115 1664 137 31 sequente
1218 1664 103 31 dicto
1286 1664 114 31 Ephes.
1366 1664 68 31 2.
1400 1664 103 31 vers.
1469 1664 80 31 10.
1514 1664 205 31 intelligeretur
1685 1664 103 31 novam
1742 1664 80 31 illam

1035 1695 153 35 creaturam
1153 1695 94 35 esse
1212 1695 106 35 ipsos
1283 1695 189 35 regeneratos:
1436 1695 82 35 non
1483 1695 118 35 igitur
1566 1695 118 35 fidem.
1648 1695 153 35 Praeterea
1754 1695 59 35 am-

1042 1725 103 37 Sigua
1110 1725 80 37 est
1156 1725 115 37 versio
1237 1725 138 37 Vulgata:
1340 1725 115 37 creati
1421 1725 69 37 in
1455 1725 126 37 Christo
1547 1725 92 37 Iesu
1605 1725 69 37 in
1639 1725 138 37 operibus
1731 1725 92 37 bonis:

1032 1757 86 38 quia
1086 1757 86 38 haec
1139 1757 96 38 verba
1203 1757 150 38 dupliciter
1321 1757 118 38 possunt
1407 1757 150 38 intelligi,
1524 1757 86 38 quod
1578 1757 107 38 creati
1653 1757 96 38 simus
1717 1757 64 38 in
1738 1757 75 38 Chri-

1033 1787 75 34 sto
1076 1787 96 34 Jesu,
1140 1787 75 34 vel
1183 1787 117 34 propter
1268 1787 75 34 aut
1311 1787 75 34 per
1353 1787 96 34 opera
1417 1787 96 34 bona.
1482 1787 128 34 Praestat
1578 1787 107 34 igitur
1652 1787 117 34 vertere
1738 1787 64 34 ad
1759 1787 64 34 ope-

1040 1818 66 43 ra
1073 1818 98 43 bona.
1139 1818 66 43 ut
1171 1818 55 43 &
1193 1818 120 43 Graecus
1281 1818 109 43 textus
1357 1818 142 43 requirit,-

1075 1849 106 43 b.

1100 1871 126 43 Iterum
1188 1871 126 43 instat
1264 1871 163 43 Bellarminus

1062 1912 88 43 Per
1113 1912 114 43 fidem
1176 1912 177 43 regeneramur:

1067 1940 143 46 Charitate
1177 1940 99 46 fides
1242 1940 77 46 est
1275 1940 110 46 formata:

1063 1973 95 41 Ergo
1122 1973 83 41 per
1170 1973 166 41 charitatem
1288 1973 166 41 regeneramur.

1059 1999 112 52 RESP.
1133 1999 99 52 Nego
1195 1999 224 52 consequentiam,
1381 1999 99 52 quia
1444 1999 99 52 sunt
1506 1999 137 52 quatuor
1605 1999 149 52 termini:
1717 1999 87 52 Per
1754 1999 62 52 fi-

1033 2037 83 53 dem
1081 2037 190 53 regeneramur,
1235 2037 166 53 charitate,
1366 2037 107 53 fidem
1437 2037 95 53 esse
1496 2037 154 53 formatam.
1615 2037 95 53 Quod
1674 2037 71 53 si
1698 2037 119 53 corriga-

1031 2069 77 44 tur
1075 2069 110 44 forma,
1152 2069 88 44 fiet
1207 2069 99 44 talis
1262 2069 143 44 Syllogismus

1068 2099 83 47 Qui
1116 2099 83 47 per
1163 2099 107 47 fidem
1234 2099 202 47 regenerantur:
1400 2099 71 47 ij
1436 2099 59 47 &
1460 2099 83 47 per
1507 2099 166 47 charitatem
1626 2099 178 47 regenerantur:

1056 2130 87 45 Nos
1105 2130 87 45 per
1155 2130 111 45 fidem
1217 2130 173 45 regeneramur:

1069 2164 96 42 Ergo
1129 2164 60 42 &
1153 2164 84 42 per
1189 2164 157 42 charitatem.

1060 2180 97 50 Major
1125 2180 152 50 propositio
1244 2180 141 50 probatur:
1352 2180 87 50 quia
1407 2180 97 50 fides
1471 2180 76 50 est
1515 2180 119 50 formata
1601 2180 152 50 charitate,
1720 2180 76 50 seu
1753 2180 54 50 fi-

1025 2230 76 40 dei
1069 2230 98 40 forma
1134 2230 76 40 est
1177 2230 141 40 charitas.
1286 2230 65 40 At
1318 2230 98 40 falsa
1383 2230 76 40 est
1427 2230 87 40 haec
1481 2230 141 40 probatio:
1590 2230 76 40 nam
1633 2230 130 40 quicquid
1731 2230 54 40 a
1742 2230 65 40 fide

1036 2260 169 42 procreatur,
1171 2260 68 42 id
1205 2260 101 42 certe
1272 2260 113 42 nequit
1351 2260 90 42 esse
1407 2260 101 42 fidei
1475 2260 113 42 forma;
1554 2260 90 42 quia
1610 2260 135 42 effectum
1700 2260 113 42 alicujus

1039 2290 76 34 non
1083 2290 109 34 potest
1159 2290 87 34 esse
1214 2290 120 34 ejusdem
1301 2290 109 34 forma.
1378 2290 66 34 At
1411 2290 131 34 charitas
1509 2290 55 34 a
1531 2290 87 34 fide
1585 2290 164 34 procreatur,
1717 2290 55 34 &
1728 2290 76 34 effe-

1039 2321 85 37 ctum
1092 2321 106 37 fidei,
1167 2321 95 37 sicut
1230 2321 106 37 Paulus
1304 2321 74 37 ait
1347 2321 64 37 I.
1379 2321 117 37 Timoth.
1463 2321 64 37 1.
1495 2321 64 37 5.
1527 2321 95 37 Finis
1590 2321 117 37 mandati
1675 2321 74 37 est
1707 2321 106 37 charitas

1040 2355 68 33 ex
1074 2355 91 33 puro
1131 2355 103 33 corde
1199 2355 57 33 &
1222 2355 171 33 conscientia
1359 2355 91 33 bona
1416 2355 57 33 &
1439 2355 91 33 fide
1495 2355 80 33 non
1541 2355 114 33 ficta:
1621 2355 68 33 Et
1655 2355 125 33 Jacobus
1746 2355 68 33 2.
1769 2355 57 33 22.

1033 2384 99 50 Vides
1099 2384 99 50 fidem
1165 2384 165 50 administram
1298 2384 110 50 fuisse
1375 2384 110 50 operum
1452 2384 121 50 ipsius.
1540 2384 132 50 Charitas
1640 2384 110 50 igitur
1717 2384 77 50 non
1750 2384 66 50 est?

1037 2418 100 38 fidei
1092 2418 89 38 forma.

1086 2445 149 43 Posthaec
1197 2445 136 43 gratiam
1296 2445 124 43 gratum
1383 2445 161 43 facientem
1507 2445 62 43 &
1532 2445 136 43 habitum
1631 2445 174 43 charitatis
1755 2445 62 43 non

1039 2477 87 37 esse
1093 2477 152 37 distinctos
1213 2477 130 37 nabitus;
1310 2477 65 37 id
1343 2477 87 37 est,
1397 2477 119 37 gratiam
1484 2477 87 37 esse
1538 2477 152 37 charitatem
1657 2477 163 37 habitualem,
1777 2477 43 37 a-

1039 2511 81 43 lia
1086 2511 163 43 inductione
1214 2511 128 43 plurium
1307 2511 186 43 argumentorum
1458 2511 175 43 Bellarminus
1598 2511 128 43 probare
1680 2511 116 43 nititur?

1070 2543 103 34 PRIMo
1138 2543 103 34 (ait)
1207 2543 126 34 gratiae
1299 2543 138 34 proprium
1402 2543 92 34 esse
1459 2543 126 34 dicunt,
1551 2543 126 34 facere,
1643 2543 126 34 hominem
1734 2543 80 34 Deo
1769 2543 57 34 di-

1045 2567 117 44 lectum:
1131 2567 64 44 at
1163 2567 128 44 Proverb.
1259 2567 64 44 8.
1291 2567 64 44 v.
1323 2567 75 44 17.
1365 2567 128 44 legimus:
1461 2567 75 44 Ego
1504 2567 149 44 diligentes
1621 2567 64 44 me
1653 2567 117 44 diligo.
1738 2567 64 44 Et
1760 2567 53 44 Ioh

1045 2607 79 44 14.
1090 2607 102 44 vers.
1158 2607 79 44 21.
1203 2607 79 44 Qui
1249 2607 125 44 diligit
1339 2607 79 44 me,
1385 2607 147 44 diligetur
1498 2607 57 44 a
1521 2607 102 44 Patre
1577 2607 57 44 meo

1071 2638 106 45 RESP.
1142 2638 176 45 Syllogismus
1283 2638 82 45 hic
1318 2638 106 45 fuerit:

1068 2668 116 40 Facere
1150 2668 128 40 hominem
1242 2668 81 40 Deo
1289 2668 139 40 dilectum
1393 2668 81 40 est
1439 2668 162 40 charitatis
1555 2668 151 40 habitualis.

1075 2696 114 43 Facere
1155 2696 126 43 hominem
1246 2696 80 43 Deo
1292 2696 137 43 dilectum
1395 2696 80 43 est
1441 2696 126 43 gratiae
1532 2696 114 43 gratum
1601 2696 137 43 facientis:

1075 2733 91 40 Ergo
1131 2733 114 40 gratia
1211 2733 114 40 gratum
1291 2733 125 40 faciens
1382 2733 80 40 est
1427 2733 136 40 charitas
1518 2733 148 40 hubitualis:

1081 2765 72 39 At
1117 2765 132 39 negatur
1213 2765 108 39 major
1285 2765 180 39 propositio;
1429 2765 84 39 Eam
1478 2765 132 39 conatur
1574 2765 132 39 probare
1658 2765 168 39 Bellarminum,

1044 2797 121 37 duobus
1128 2797 169 37 Scripturae
1261 2797 193 37 testimoniis:
1418 2797 84 37 sed
1466 2797 133 37 illudit
1563 2797 157 37 homonymia
1683 2797 145 37 verborum
1780 2797 48 37 Di

1047 2830 95 36 ligo
1107 2830 59 36 &
1130 2830 166 36 Diligetur.
1261 2830 83 36 Nam
1309 2830 95 36 quum
1368 2830 107 36 dicit
1440 2830 131 36 aeterna
1535 2830 83 36 Dei
1582 2830 155 36 Sapientia
1701 2830 143 36 Proverb.
1796 2830 36 36 &

1057 2866 90 34 ver.
1113 2866 78 34 17.
1158 2866 78 34 Ego
1202 2866 157 34 diligentes
1325 2866 67 34 me
1359 2866 123 34 diligo:
1449 2866 78 34 non
1493 2866 78 34 hoc
1538 2866 101 34 vult,
1605 2866 123 34 hominis
1684 2866 145 34 dilectionem

1059 2893 92 36 isse
1117 2893 116 36 causam
1198 2893 81 36 cur
1244 2893 92 36 ipse
1302 2893 92 36 homo
1360 2893 58 36 a
1383 2893 150 36 Sapientia
1499 2893 81 36 Dei
1545 2893 162 36 diligatur,
1672 2893 81 36 sed
1707 2893 127 36 diligente

1054 2926 166 38 Sapientiam,
1187 2926 89 38 esse
1242 2926 155 38 subjectum,
1364 2926 78 38 cui
1409 2926 144 38 Sapientia
1520 2926 89 38 illa
1575 2926 166 38 dilectionis
1708 2926 89 38 suae
1752 2926 78 38 docu-

1055 2960 114 37 menta
1131 2960 63 37 &
1157 2960 114 37 certa
1347 2960 114 37 magis
1423 2960 76 37 ac
1461 2960 114 37 magis
1537 2960 152 37 imprimat
1651 2960 76 37 ac
1676 2960 165 37 demonstret.

1048 2991 92 37 Ergo
1105 2991 149 37 Sapientia
1219 2991 126 37 amantes
1311 2991 80 37 sui
1356 2991 137 37 diligere
1459 2991 137 37 dicitur,
1562 2991 92 37 quod
1620 2991 92 37 ipsa
1677 2991 80 37 sui
1723 2991 114 37 amoris
1791 2991 46 37 in

1050 3022 141 36 dubitata
1156 3022 106 36 signa
1227 3022 165 36 amatoribus
1357 3022 94 36 suis
1416 3022 141 36 ostendat
1522 3022 83 36 Sic
1569 3022 83 36 cum
1616 3022 106 36 dicit
1687 3022 141 36 Christus
1781 3022 59 36 Jo-

1054 3055 85 34 han.
1107 3055 74 34 14.
1150 3055 64 34 v.
1182 3055 74 34 21.
1224 3055 74 34 Qui
1267 3055 117 34 diligit
1352 3055 74 34 me,
1394 3055 138 34 diligetur
1500 3055 53 34 a
1522 3055 96 34 Patre
1585 3055 85 34 meo,
1638 3055 74 34 non
1681 3055 74 34 hoc
1723 3055 96 34 vult,
1776 3055 64 34 quod

1043 3086 101 49 homo
1106 3086 113 49 amore
1182 3086 88 49 suo
1232 3086 101 49 Deum
1295 3086 189 49 praeveniat,
1447 3086 101 49 quod
1510 3086 139 49 hominis
1611 3086 101 49 amor
1674 3086 113 49 causa
1749 3086 63 49 &
1762 3086 88 49 meri
