2063 3380
183 165 252 43 Cationem:quoniam
397 165 101 43 quum
460 165 151 43 probatus
574 165 126 43 fuerit
662 165 176 43 compertus,
800 165 151 43 accipiet
901 165 88 43 coro-

189 213 82 35 nam
236 213 117 35 vitae,
318 213 93 35 quam
376 213 140 35 promisit
481 213 129 35 Dominus
575 213 82 35 iis
622 213 58 35 a
645 213 117 35 quibus
727 213 93 35 ipse
773 213 129 35 diligitur

224 235 113 39 RESP.
300 235 113 39 Major
375 235 88 39 est
425 235 151 39 ambigua:
538 235 88 39 Nam
588 235 176 39 dupliciter
726 235 125 39 potest
801 235 176 39 intelliginem

197 272 62 31 pe
228 272 83 31 quod
280 272 125 31 separate
373 272 104 31 filios
446 272 94 31 regni
508 272 52 31 a
529 272 104 31 filiis
602 272 156 31 damnationis
727 272 83 31 sit,
779 272 73 31 vel
820 272 94 31 finis
872 272 104 31 charita.

184 304 87 39 tis,
238 304 76 39 vel
282 304 141 39 effectum.
390 304 87 39 Vera
444 304 87 39 est,
498 304 65 39 si
530 304 173 39 intelligatur
671 304 65 39 de
704 304 151 39 charitatis
823 304 97 39 fine,
887 304 76 39 hoc
920 304 54 39 est

193 330 90 41 quod
249 330 158 41 charitatis
374 330 79 41 hic
419 330 79 41 sit
464 330 113 41 scopus
543 330 57 41 &
566 330 102 41 usus,
634 330 68 41 ut
668 330 79 41 sit
713 330 113 41 signum
792 330 79 41 quo
826 330 147 41 separantur.

183 370 82 36 hoc
230 370 94 36 est,
289 370 188 36 dignoscuntur
442 370 106 36 filij
512 370 106 36 regni
583 370 59 36 a
606 370 117 36 filijs
688 370 188 36 damnationis,
829 370 153 36 quemadmodum

184 398 98 42 dicit
250 398 120 42 Dominus
337 398 87 42 Joh.
391 398 76 42 13.
435 398 65 42 v.
468 398 76 42 35.
512 398 65 42 Ex
544 398 76 42 hoc
588 398 98 42 omnes
653 398 153 42 cognoscent
774 398 76 42 vos
817 398 87 42 esse
861 398 109 42 discipu-

184 432 79 33 los
229 432 102 33 meos,
297 432 68 33 si
331 432 158 33 charitatem
455 432 158 33 habueritis
580 432 91 33 alij
636 432 68 33 in
670 432 113 33 alios.
750 432 79 33 Sed
795 432 170 33 Bellarminum
919 432 57 33 ho-

193 464 66 36 de
226 464 120 36 effecto
313 464 153 36 charitatis
434 464 175 36 intelligere,
576 464 120 36 colligi
664 464 109 36 potest
740 464 66 36 ex
773 464 164 36 probatione,
904 464 66 36 in
926 464 66 36 qua-

194 496 112 34 affert
272 496 112 34 Jacobi
350 496 179 34 testimonium,
495 496 89 34 quod
551 496 100 34 eodem
618 496 89 34 tomo
674 496 67 34 3.
707 496 100 34 libr.
774 496 67 34 2.
807 496 67 34 de
841 496 167 34 Justificat.

188 530 90 33 cap.
244 530 79 33 16.
289 530 147 33 explicat,
402 530 102 33 atque
470 530 68 33 ex
504 530 68 33 eo
538 530 136 33 colligit
640 530 124 33 quartum
730 530 158 33 charitatis
843 530 136 33 habitualis

193 564 133 31 effectum
293 564 89 31 esse
348 564 133 31 ordinare
448 564 67 31 ad
482 564 111 31 regnum
559 564 78 31 seu
604 564 122 31 gloriam
692 564 100 31 vitae
759 564 144 31 aeternae,
870 564 78 31 seu
903 564 67 31 face

194 592 65 33 re
227 592 131 33 haeredes
325 592 109 33 regni.
401 592 120 33 Negatur
489 592 109 33 itaque
565 592 98 33 major
631 592 76 33 sic
674 592 164 33 intellecta,
805 592 87 33 quia
849 592 131 33 haeredita-

196 626 81 34 tis
242 626 104 34 regni
311 626 138 34 coelorum
414 626 104 34 causa
483 626 104 34 falso
552 626 138 34 charitas
656 626 161 34 statuitur;
782 626 173 34 testimonium
909 626 81 34 autem

183 657 124 46 Jacobi
269 657 74 46 id
307 657 87 46 non
356 657 136 46 probat:
455 657 87 46 nam
505 657 136 46 jacobus
604 657 87 46 non
654 657 124 46 docet,
740 657 186 46 dilectionem
877 657 99 46 causan

193 690 91 37 esse
249 690 125 37 coronae
340 690 113 37 vitae,
419 690 79 37 sed
464 690 136 37 ostendit
566 690 147 37 solummodo
679 690 147 37 subjectum
793 690 57 37 ᾧ
815 690 68 37 id
849 690 91 37 est,
894 690 91 37 quibus

196 721 110 40 corona
273 721 99 40 vitae
339 721 77 40 sit
383 721 132 40 promissa
483 721 55 40 a
505 721 88 40 Deo,
560 721 99 40 nempe
626 721 77 40 iis
670 721 55 40 a
692 721 110 40 quibus
769 721 88 40 ipse
825 721 154 40 diligitur.
935 721 44 40 A-

184 752 109 40 causa
256 752 157 40 efficiens
377 752 60 40 &
401 752 157 40 subjectum
522 752 60 40 &
546 752 85 40 non
595 752 85 40 est
643 752 97 40 unum
703 752 60 40 &
715 752 85 40 idem.

386 796 233 46 SEPTIMVM
541 796 253 46 Argumentum.

224 831 153 41 Donorum
335 831 139 41 omnium
433 831 153 41 maximum
544 831 97 41 est
586 831 139 41 charitas

224 860 138 46 Donorum
325 860 126 46 omnium
413 860 138 46 maximum
514 860 88 46 est
564 860 126 46 gratia
652 860 126 46 gratum
740 860 151 46 faciens:
853 860 113 46 Ergo:
916 860 63 46 &c.

223 906 130 38 Majorem
318 906 118 38 probat
401 906 71 38 ex
436 906 71 38 1.
472 906 142 38 Corinth.
578 906 83 38 13.
626 906 95 38 ver.
685 906 83 38 13.
732 906 130 38 Coloss.
827 906 71 38 3.
863 906 95 38 ver.
922 906 83 38 14.

186 934 84 45 per
234 934 96 45 haec
294 934 107 45 autem
365 934 107 45 omnia
437 934 155 45 induimini
556 934 167 45 charitate,
688 934 96 45 quae
747 934 84 45 est
795 934 143 45 vinculum
890 934 96 45 perfe

183 967 95 38 ctionis.

213 994 107 39 RESP.
284 994 107 39 Primo
355 994 107 39 falsa
426 994 83 39 est
474 994 107 39 major
545 994 178 39 simpliciter
687 994 178 39 intellecta.
829 994 83 39 Nam
865 994 118 39 charita.

189 1028 82 41 est
236 1028 140 41 effectum
341 1028 117 41 fidei:
422 1028 82 41 non
469 1028 82 41 est
516 1028 117 41 itaque
597 1028 93 41 ἀλώς
656 1028 105 41 major
726 1028 58 41 &
749 1028 128 41 dignior
842 1028 105 41 fide:
900 1028 82 41 Effe-

192 1064 93 33 ctus
250 1064 93 33 enim
308 1064 81 33 est
355 1064 81 33 sua
401 1064 104 33 causa
471 1064 151 33 inferior.
586 1064 151 33 Praeterea
702 1064 104 33 fidei
772 1064 162 33 tribuuntur
888 1064 104 33 encomia

193 1095 138 39 insignia
297 1095 92 39 quae
355 1095 69 39 in
389 1095 150 39 charitate
505 1095 81 39 non
551 1095 161 39 competunt:
678 1095 81 39 per
724 1095 104 39 fidem
793 1095 104 39 fimus
862 1095 104 39 filij
920 1095 69 39 Dei,

197 1128 110 34 Johan.
274 1128 66 34 1.
307 1128 66 34 v.
341 1128 77 34 12.
385 1128 77 34 per
429 1128 99 34 fidem
495 1128 144 34 purgantur
606 1128 99 34 corda
672 1128 121 34 nostra,
760 1128 110 34 Actor.
837 1128 77 34 15.
882 1128 66 34 v.
915 1128 55 34 9
926 1128 66 34 per-

200 1158 99 36 fidam
266 1158 121 36 habitat
353 1158 131 36 Christus
452 1158 66 36 in
485 1158 131 36 cordibus
584 1158 131 36 nostris,
682 1158 110 36 Ephes.
759 1158 66 36 3.
792 1158 99 36 vers.
858 1158 77 36 13.
901 1158 77 36 per
934 1158 55 36 fi-

188 1192 93 40 dem
241 1192 146 40 habemus
347 1192 186 40 libertatem
494 1192 67 40 &
520 1192 133 40 aditum
613 1192 80 40 ad
653 1192 146 40 thronum
760 1192 93 40 Dei
813 1192 93 40 cum
853 1192 133 40 fiducia-

196 1224 115 35 Ephes.
276 1224 69 35 3.
310 1224 103 35 vers.
379 1224 80 35 12.
425 1224 80 35 per
470 1224 103 35 fidem
539 1224 137 35 vincimus
642 1224 126 35 mundum,
734 1224 69 35 1.
768 1224 115 35 Johan.
849 1224 69 35 5.
883 1224 103 35 vers.
940 1224 46 35 4.

201 1262 83 30 per
248 1262 106 30 fidem
319 1262 106 30 vitam
390 1262 142 30 aeternam
497 1262 165 30 obtinemus,
627 1262 118 30 Johan.
709 1262 83 30 20.
757 1262 95 30 vers
816 1262 83 30 31.
863 1262 83 30 His
910 1262 59 30 &
922 1262 71 30 mul-

198 1287 73 35 tis
239 1287 94 35 aliis
302 1287 126 35 effectis
397 1287 94 35 fides
459 1287 94 35 certe
522 1287 73 35 est
564 1287 136 35 charitate
669 1287 136 35 superior.
774 1287 84 35 Unde
826 1287 115 35 constat
899 1287 84 35 chari-

199 1321 112 37 tatem
273 1321 75 37 1.
311 1321 150 37 Corinth.
423 1321 87 37 13.
473 1321 112 37 vers.
548 1321 87 37 13.
598 1321 100 37 dici
661 1321 125 37 omnium
748 1321 150 37 maximam,
861 1321 87 37 non
898 1321 100 37 ἀπλώς,

190 1352 72 34 id
226 1352 96 34 est,
286 1352 84 34 per
334 1352 120 34 omnia:
418 1352 84 34 sed
466 1352 120 34 καζαζ,
550 1352 132 34 nimirum
647 1352 120 34 primo,
731 1352 144 34 secundum
827 1352 168 34 diffusionem:

189 1384 147 36 fructuum
299 1384 123 36 suorum
385 1384 74 36 ad
422 1384 98 36 usum
483 1384 147 36 proximi,
594 1384 159 36 in¬primis
716 1384 74 36 ad
753 1384 221 36 aedificationem
925 1384 61 36 Ec-

197 1417 136 35 clesiae;
299 1417 91 35 quum
356 1417 125 35 fructus
446 1417 102 35 fidei
515 1417 57 35 &
537 1417 102 35 spei,
605 1417 79 35 non
651 1417 170 35 egrediantur
787 1417 148 35 credentis
901 1417 57 35 &
912 1417 68 35 spe-

199 1452 125 40 rantis
286 1452 163 40 personam:
411 1452 125 40 deinde
499 1452 150 40 secundum
611 1452 188 40 durationem,
761 1452 88 40 nam
811 1452 150 40 perpetua
911 1452 75 40 erit

201 1482 98 43 quum
262 1482 98 43 fide
323 1482 61 43 &
348 1482 86 43 spe
397 1482 86 43 non
446 1482 135 43 amplius
544 1482 98 43 opus
605 1482 110 43 erit,
679 1482 147 43 postquam
789 1482 123 43 adepti
862 1482 123 43 fuerimur

198 1518 144 38 promissa
306 1518 108 38 bona,
378 1518 96 38 quae
437 1518 144 38 credimus
545 1518 60 38 &
569 1518 156 38 speramus.
689 1518 72 38 Ad
725 1518 132 38 Coloss.
820 1518 108 38 autem
892 1518 96 38 cap.
940 1518 48 38 3.

200 1546 103 41 vers.
268 1546 80 41 14.
314 1546 137 41 hortatur
416 1546 103 41 super
485 1546 103 41 omnes
553 1546 148 41 virtutes,
667 1546 91 41 quas
725 1546 148 41 enumerat;
839 1546 103 41 indui
896 1546 91 41 chari-

205 1578 94 43 ate,
264 1578 94 43 quae
323 1578 82 43 sit
370 1578 141 43 vinculum
475 1578 200 43 perfectionis,
640 1578 82 43 non
687 1578 106 43 coram
757 1578 94 43 Deo,
816 1578 94 43 quia
874 1578 70 43 in
898 1578 82 43 nullo

206 1617 137 37 hominum,
308 1617 126 37 Christo
400 1617 137 37 excepto,
503 1617 137 37 perfecta
606 1617 80 37 est
651 1617 137 37 charitas
754 1617 103 37 coram
823 1617 91 37 Deo:
880 1617 80 37 sed
914 1617 69 37 per-

198 1643 154 36 fectionis
317 1643 107 36 inter
388 1643 143 36 homines,
495 1643 95 36 quia
554 1643 131 36 vinculo
650 1643 166 36 charitatis
780 1643 107 36 omnia
851 1643 131 36 hominum
935 1643 59 36 in-

196 1684 77 32 ter
240 1684 66 32 se
273 1684 120 32 officia
360 1684 164 32 continentur
491 1684 66 32 ac
524 1684 153 32 cohaerent,
644 1684 66 32 ac
677 1684 120 32 proinde
764 1684 142 32 perfecte,
874 1684 98 32 bene,
928 1684 66 32 com-

199 1714 123 35 posite,
289 1714 56 35 &
311 1714 101 35 citra
378 1714 191 35 dissipationem
535 1714 123 35 homines
625 1714 101 35 inter
692 1714 67 35 se
726 1714 123 35 vivent,
816 1714 67 35 si
849 1714 135 35 charitas
939 1714 56 35 mu-

202 1746 78 29 tua
247 1746 101 29 inter
314 1746 101 29 ipsos
381 1746 134 29 vigebit.
482 1746 90 29 Ergo
538 1746 134 29 charitas
639 1746 78 29 est
683 1746 134 29 vinculum
784 1746 190 29 perfectionis,
941 1746 78 29 hoc

197 1773 92 36 est,
254 1773 149 36 unitatis:
369 1773 80 36 quo
415 1773 92 36 enim
472 1773 92 36 quid
530 1773 103 36 magis
599 1773 92 36 unum
656 1773 92 36 est,
714 1773 69 36 eo
748 1773 172 36 perfectius:
886 1773 92 36 unde
932 1773 69 36 Deus

198 1801 109 37 summe
270 1801 169 37 perfectus,
403 1801 97 37 quia
464 1801 109 37 summe
536 1801 109 37 unus.
609 1801 72 37 Ex
645 1801 85 37 his
693 1801 121 37 liquet
778 1801 121 37 Paulum
862 1801 121 37 καζακι
935 1801 60 37 de-

195 1837 163 33 charitatis
324 1837 175 33 excellentia
463 1837 117 33 loqui:
545 1837 70 33 ac
580 1837 128 33 proinde
673 1837 117 33 falsam
755 1837 93 33 esse
813 1837 163 33 Bellarmini
930 1837 58 33 Ma-

196 1868 111 38 jorem,
274 1868 89 38 quae
330 1868 67 38 ab
363 1868 89 38 ipso
419 1868 167 38 simpliciter
552 1868 78 38 est
597 1868 123 38 posita.
686 1868 100 38 Falsa
753 1868 78 38 est
797 1868 100 38 etiam
864 1868 111 38 minor:
942 1868 78 38 cui

198 1897 180 51 probationem
342 1897 120 51 nullam
425 1897 144 51 addidit.
533 1897 156 51 Conclusio
653 1897 120 51 igitur
737 1897 72 51 ex
773 1897 120 51 falsis
844 1897 144 51 praemissia

200 1930 88 39 falsa
249 1930 107 39 infertur.

399 1959 214 44 OCTAVVM
535 1959 252 44 Argumentum:

228 2005 175 40 Conjungere
365 2005 137 40 hominem
465 2005 87 40 Deo
514 2005 87 40 est
552 2005 162 40 charitatis:

238 2038 164 38 Conjungere
367 2038 129 38 hominem
461 2038 82 38 Deo
508 2038 82 38 est
555 2038 129 38 gratiae
649 2038 117 38 gratum
731 2038 164 38 facientis:
860 2038 106 38 Ergo:
918 2038 59 38 &c.

231 2070 105 38 Major
301 2070 140 38 probatur
407 2070 70 38 ex
442 2070 70 38 1.
477 2070 140 38 Corinth.
582 2070 70 38 6.
617 2070 105 38 vers.
688 2070 82 38 17.
734 2070 82 38 Qui
781 2070 140 38 adhaeret
886 2070 82 38 Deo
922 2070 58 38 (v-

202 2093 119 43 delicet
289 2093 76 43 per
332 2093 162 43 charitatem)
462 2093 86 43 unus
516 2093 130 43 Spiritus
613 2093 76 43 sit
656 2093 76 43 cum
699 2093 76 43 eo.
742 2093 65 43 Et
775 2093 65 43 I.
807 2093 108 43 Johan.
883 2093 65 43 4.
915 2093 65 43 v.
937 2093 54 43 16.

195 2135 84 37 Qui
243 2135 108 37 manet
315 2135 72 37 in
351 2135 168 37 Charitate,
483 2135 72 37 in
519 2135 84 37 Deo
567 2135 120 37 manet,
652 2135 60 37 &
676 2135 96 37 Deus
736 2135 72 37 in
772 2135 84 37 eo.
820 2135 72 37 Id
856 2135 96 37 quod
904 2135 84 37 prae-

206 2163 101 39 clare
273 2163 135 39 explicat
374 2163 67 39 S.
408 2163 146 39 Bernardus
520 2163 101 39 Serm.
588 2163 79 39 83.
633 2163 101 39 super
700 2163 135 39 Cantica,
801 2163 79 39 ubi
846 2163 135 39 ostendit
936 2163 56 39 ni-

204 2192 86 52 hil
253 2192 98 52 esse
314 2192 98 52 quod
376 2192 111 52 magis
450 2192 135 52 hominem
548 2192 86 52 Deo
597 2192 160 52 conjungat
720 2192 98 52 quam
782 2192 185 52 charitatem,
917 2192 74 52 qua,

195 2233 70 34 ut
230 2233 93 34 ipse
288 2233 151 34 loquitur,
405 2233 105 34 quasi
475 2233 151 34 maritatur
591 2233 105 34 anima
649 2233 70 34 Dei,

237 2261 108 41 RESP.
309 2261 108 41 Primo
381 2261 84 41 est
429 2261 72 41 in
464 2261 120 41 majore
548 2261 191 41 propositione
704 2261 108 41 error
776 2261 96 41 παρα
835 2261 72 41 ζο
871 2261 72 41 μη
895 2261 96 41 αίηον,

205 2290 68 41 ώς
239 2290 113 41 αιnον,
318 2290 91 41 quia
375 2290 193 41 conjunctionis
533 2290 125 41 nostrae
624 2290 79 41 cum
669 2290 79 41 Deo
714 2290 113 41 causam
794 2290 125 41 statuit
873 2290 113 41 charita.

204 2322 92 43 tem,
261 2322 92 43 quum
318 2322 80 43 non
364 2322 80 43 sit
410 2322 57 43 .
433 2322 138 43 Secundo,
537 2322 115 43 probat
617 2322 80 43 eam
663 2322 184 43 testimoniis,
813 2322 80 43 sed
859 2322 103 43 extra
916 2322 69 43 sco-

217 2360 81 38 lum
264 2360 162 38 productis:
391 2360 81 38 nam
437 2360 116 38 Paulus
518 2360 69 38 1.
553 2360 139 38 Corinth.
656 2360 69 38 6.
691 2360 92 38 ver.
749 2360 81 38 17.
795 2360 69 38 ne
830 2360 127 38 meminit
922 2360 81 38 qui

206 2381 80 45 dem
251 2381 171 45 charitatis.
388 2381 68 45 Ex
422 2381 103 45 aliis
491 2381 103 45 autem
559 2381 160 45 Scripturae
685 2381 103 45 locis
753 2381 148 45 discimus,
868 2381 103 45 fidem
936 2381 68 45 in
959 2381 57 45 no-

201 2421 83 37 bis
248 2421 59 37 a
272 2421 130 37 Spiritu
367 2421 118 37 Sancto
450 2421 178 37 procreatam,
592 2421 95 37 esse
651 2421 142 37 vinculum
757 2421 178 37 spiritualis
888 2421 107 37 conjun-

215 2450 125 40 ctionis
305 2450 125 40 nostrae
396 2450 79 40 cum
442 2450 136 40 Christo.
544 2450 79 40 Ait
589 2450 91 40 enim
646 2450 113 40 Paulus
725 2450 113 40 Ephes.
805 2450 68 40 3.
839 2450 68 40 v.
873 2450 79 40 17.
907 2450 79 40 Chri-

209 2489 87 34 stum
263 2489 130 34 habitare
361 2489 76 34 per
405 2489 98 34 fidem
470 2489 65 34 in
503 2489 130 34 cordibus
601 2489 130 34 nostris.
698 2489 109 34 Galat.
775 2489 76 34 20.
818 2489 65 34 v.
851 2489 76 34 20.
894 2489 87 34 Vivo
938 2489 54 34 au-

203 2520 86 41 tem
252 2520 86 41 non
301 2520 135 41 amplius
399 2520 98 41 ego;
460 2520 86 41 sed
509 2520 110 41 vivit
583 2520 74 41 in
619 2520 74 41 me
656 2520 159 41 Christus:
779 2520 61 41 &
803 2520 110 41 vitam
877 2520 98 41 quam
926 2520 74 41 nuno

200 2556 90 33 vivo
256 2556 68 33 in
290 2556 113 33 carne,
369 2556 90 33 vivo
425 2556 79 33 per
470 2556 101 33 fidem
538 2556 101 33 illam
606 2556 101 33 Filij
673 2556 90 33 Dei,
730 2556 79 33 qui
775 2556 124 33 dilexit
865 2556 79 33 me,
910 2556 56 33 &
921 2556 68 33 tra-

202 2575 104 51 didit
272 2575 161 51 semetipsum
398 2575 81 51 pro
445 2575 81 51 me.
491 2575 81 51 Nec
537 2575 115 51 aliter
618 2575 138 51 Christus
721 2575 127 51 oblatus
814 2575 58 51 a
837 2575 104 51 Patre
894 2575 104 51 potest.

214 2620 130 38 recipi,
309 2620 95 38 nisi
368 2620 83 38 per
415 2620 118 38 fidem.
498 2620 95 38 Ergo
557 2620 142 38 vinculum
663 2620 83 38 per
710 2620 95 38 quod
770 2620 130 38 Christo
852 2620 142 38 agglutina-

208 2646 86 44 mur
257 2646 61 44 &
281 2646 184 44 adhaeremus,
428 2646 86 44 est
477 2646 110 44 fides
551 2646 74 44 in
588 2646 123 44 nobis.
673 2646 86 44 Hoc
722 2646 110 44 autem
796 2646 208 44 intelligendum
955 2646 49 44 de

203 2673 209 44 instrumentali
375 2673 147 44 vinculo:
485 2673 86 44 nam
534 2673 172 44 principale
669 2673 147 44 vinculum
780 2673 86 44 per
829 2673 98 44 quod
878 2673 123 44 Christo-

213 2708 121 46 unimur
297 2708 60 46 &
322 2708 181 46 adhaeremus,
467 2708 85 46 est
515 2708 145 46 Spiritus
624 2708 133 46 Sanctus
720 2708 145 46 habitans
829 2708 72 46 in
865 2708 133 46 Christo
962 2708 60 46 &
974 2708 48 46 in

216 2742 109 42 nobis,
292 2742 164 42 quemadmodum
423 2742 120 42 dicitur
510 2742 65 42 1.
543 2742 109 42 Johan.
619 2742 65 42 3.
652 2742 76 42 24.
696 2742 55 42 &
718 2742 65 42 4.
750 2742 98 42 vers.
816 2742 76 42 13.
859 2742 76 42 Per
903 2742 76 42 hoc
936 2742 65 42 cog-

207 2782 142 35 noscimus
313 2782 83 35 nos
361 2782 71 35 in
396 2782 71 35 eo
431 2782 153 35 habitare,
549 2782 59 35 &
573 2782 106 35 ipsum
644 2782 71 35 in
679 2782 118 35 nobis,
762 2782 94 35 quod
821 2782 71 35 de
856 2782 130 35 Spiritu
939 2782 59 35 sub

209 2810 96 43 dedit
273 2810 106 43 nobis.
347 2810 85 43 Rom.
400 2810 64 43 8.
432 2810 96 43 vers.
496 2810 64 43 8.
528 2810 74 43 Vos
570 2810 96 43 autem
634 2810 74 43 non
677 2810 96 43 estis
740 2810 64 43 in
772 2810 106 43 carne,
846 2810 74 43 sed
889 2810 64 43 in
910 2810 85 43 Spiri-

220 2844 83 41 tu,
268 2844 142 41 siquidem
374 2844 142 41 Spiritus
481 2844 83 41 Dei
529 2844 130 41 habitat
623 2844 71 41 in
659 2844 119 41 vobis:
742 2844 95 41 quod
801 2844 71 41 si
837 2844 95 41 quis
884 2844 119 41 Spiritum

220 2875 120 34 Christi
307 2875 76 34 non
351 2875 109 34 habet,
427 2875 65 34 is
460 2875 76 34 non
504 2875 76 34 est
548 2875 98 34 ejus.
613 2875 87 34 Idem
668 2875 98 34 docet
733 2875 109 34 Paulus
809 2875 65 34 in
842 2875 87 34 loco
897 2875 55 34 a
908 2875 87 34 Bellar

209 2902 103 46 mino
274 2902 168 46 allegato.
403 2902 90 46 Nam
455 2902 90 46 qui
506 2902 207 46 agglutinatur
674 2902 142 46 Domino,
777 2902 103 46 unus
842 2902 155 46 Spiritus
945 2902 65 46 est

219 2942 84 39 cum
267 2942 109 39 ipso:
340 2942 60 39 (
364 2942 133 39 Spiritu
460 2942 109 39 autem
533 2942 193 39 agglutinatur
689 2942 133 39 Domino)
786 2942 109 39 sicut
858 2942 84 39 qui
894 2942 109 39 corpora

217 2971 185 41 agglutinatur
368 2971 127 41 scorto,
460 2971 92 41 unum
518 2971 81 41 est
564 2971 116 41 corpus
645 2971 81 41 cum
691 2971 127 41 seorto,
784 2971 69 41 ut
818 2971 150 41 Apostolus
934 2971 81 41 ait
968 2971 35 41 v

213 3004 92 44 16.
265 3004 92 44 Per
318 3004 157 44 Spiritum
436 3004 144 44 Sanctum
540 3004 131 44 igitur
632 3004 131 44 unimur
724 3004 157 44 Christo:
842 3004 92 44 per
881 3004 131 44 Christum

208 3035 189 38 conjungimur
360 3035 126 38 Patri.
448 3035 151 38 Christus
561 3035 101 38 enim
624 3035 88 38 est
674 3035 126 38 medium
763 3035 126 38 illud,
851 3035 88 38 per
901 3035 113 38 cujus
964 3035 63 38 ne-

221 3062 82 49 xum
268 3062 176 49 indistracte
409 3062 165 49 cohaeremus
539 3062 94 49 Deo.
597 3062 82 49 Ita
645 3062 106 49 primo
715 3062 176 49 testimonio,
856 3062 94 49 quod
915 3062 94 49 agit
962 3062 47 49 de

213 3101 196 46 conjunctione
372 3101 123 46 nostri
458 3101 86 46 cum
507 3101 86 46 Deo
556 3101 86 46 per
605 3101 159 46 Spiritum,
728 3101 123 46 abusus
814 3101 86 46 est
850 3101 172 46 Bellarminus,

1014 158 73 60 ut
1050 158 73 60 eo
1087 158 158 60 probaret,
1209 158 85 60 per
1257 158 170 60 charitatem
1391 158 85 60 nos
1440 158 146 60 conjungi
1549 158 97 60 Deo.
1610 158 134 60 Secundo
1695 158 122 60 testimo-

1023 209 81 35 nio
1070 209 69 35 ex
1104 209 69 35 1.
1139 209 116 35 Johan.
1220 209 69 35 4.
1255 209 69 35 v.
1289 209 81 35 16.
1336 209 127 35 petito,
1428 209 81 35 non
1475 209 104 35 minus
1544 209 139 35 abutitur
1648 209 69 35 ac
1683 209 116 35 primo:
1752 209 58 35 Nam

1032 240 145 43 Johannes
1141 240 73 43 eo
1177 240 85 43 non
1226 240 121 43 docet,
1310 240 85 43 per
1359 240 170 43 charitatem
1492 240 85 43 nos
1540 240 145 43 conjungi
1649 240 85 43 cum
1698 240 97 43 Deo:
1758 240 85 43 sed

1024 273 163 35 charitatem
1152 273 186 35 testificari,
1304 273 81 35 nos
1350 273 81 35 cum
1397 273 81 35 Deo
1443 273 163 35 conjunctos
1572 273 105 35 esse:
1641 273 151 35 charitate
1746 273 70 35 tan-

1029 308 97 45 quam
1090 308 110 45 certo
1163 308 61 45 &
1187 308 170 45 indubitato
1321 308 110 45 signo
1394 308 85 45 nos
1443 308 183 45 confirmari,
1589 308 85 45 nos
1637 308 97 45 esse
1698 308 73 45 in
1735 308 97 45 Deo,
1783 308 37 45 &

1025 334 103 43 Deum
1089 334 77 43 in
1115 334 103 43 nobis.

1067 365 137 45 Denique
1166 365 149 45 Bernardo
1278 365 149 45 affingit
1390 365 199 45 Bellarminus,
1552 365 87 45 cum
1602 365 174 45 ostendere,
1727 365 87 45 nihil

1025 393 103 43 esse
1090 393 103 43 quod
1154 393 116 43 magis
1232 393 142 43 hominem
1335 393 91 43 Deo
1387 393 181 43 conjungat,
1529 393 103 43 quam
1594 393 194 43 charitatem,
1736 393 78 43 quoc

1023 432 154 34 Bernardus
1142 432 71 34 in
1177 432 142 34 allegato
1284 432 130 34 sermone
1379 432 83 34 83.
1426 432 83 34 non
1473 432 154 34 ostendit:
1592 432 83 34 sed
1639 432 83 34 hoc
1687 432 118 34 tantum
1758 432 59 34 di-

1032 463 96 41 cit,
1092 463 120 41 amorem
1176 463 120 41 mutuum
1260 463 84 41 uno
1308 463 108 41 plane
1380 463 72 41 in
1416 463 132 41 Spiritu
1513 463 96 41 duos
1573 463 144 41 jungere,
1681 463 96 41 duos
1729 463 84 41 face-

1027 500 71 31 re
1063 500 83 31 jam
1110 500 83 31 non
1158 500 107 31 duos,
1230 500 83 31 sed
1277 500 107 31 unum,
1349 500 107 31 Paulo
1420 500 83 31 ita
1468 500 143 31 docente,
1575 500 83 31 Qui
1622 500 143 31 adhaeret
1730 500 83 31 Deo
1765 500 48 31 u-

1025 532 88 32 nus
1076 532 151 32 Spiritus
1189 532 101 32 est.
1252 532 76 32 Ac
1290 532 164 32 Bernardum
1416 532 177 32 charitatem
1555 532 139 32 hominis
1656 532 88 32 non
1694 532 126 32 statuere

1030 561 124 33 causam
1116 561 211 33 conjunctionis
1290 561 136 33 hominis
1389 561 87 33 cum
1439 561 99 33 Deo,
1501 561 74 33 ex
1538 561 112 33 eodem
1613 561 136 33 sermone
1712 561 124 33 liquet

1032 593 71 41 in
1068 593 83 41 quo
1115 593 106 41 paulo
1186 593 94 41 ante
1245 593 94 41 haec
1304 593 118 41 verba,
1386 593 118 41 dicit,
1469 593 94 41 quod
1528 593 106 41 anima
1599 593 59 41 a
1622 593 106 41 Verbo
1693 593 130 41 prorsus
1776 593 35 41 &

1033 630 196 32 praeveniatur
1192 630 122 32 amando
1277 630 61 32 &
1302 630 159 32 vincatur.
1424 630 110 32 Causa
1497 630 122 32 igitur
1583 630 208 32 conjunctionis
1742 630 73 32 ani-

1030 659 85 41 mae
1079 659 85 41 cum
1127 659 110 41 Verbo
1201 659 85 41 est
1250 659 98 41 amor
1311 659 122 41 verbi:
1396 659 110 41 anima
1469 659 110 41 autem
1542 659 159 41 conjuncta
1665 659 110 41 Verbo
1738 659 98 41 ipso

1025 696 129 34 quoque
1116 696 155 34 redamat,
1232 696 78 34 ut
1271 696 78 34 in
1309 696 116 34 eodem
1387 696 142 34 sermone
1490 696 129 34 tradit
1581 696 181 34 Bernardus,
1723 696 65 34 &
1736 696 78 34 quas

1032 722 136 44 maritatur
1136 722 104 44 Verbo,
1209 722 73 44 hoc
1251 722 84 44 est,
1303 722 115 44 diligit
1387 722 94 44 sicut
1449 722 115 44 dilecta
1533 722 84 44 est,
1585 722 94 44 sicut
1648 722 115 44 maritus
1731 722 115 44 diligit

1016 749 130 45 ponsam.

1245 774 175 52 NONVM
1342 774 253 52 Argumentum.

1061 808 115 42 Amicos
1141 808 80 42 Deo
1187 808 115 42 facere
1267 808 80 42 est
1301 808 138 42 charitatis

1063 852 114 40 Amicos
1142 852 80 40 Deo
1188 852 114 40 facere
1268 852 80 40 est
1313 852 125 40 gratiae
1405 852 114 40 gratum
1485 852 160 40 facientis:
1610 852 103 40 Ergo,
1667 852 57 40 &c.

1057 870 99 57 Major
1123 870 132 57 probatur
1222 870 66 57 ex
1255 870 88 57 Joh.
1309 870 77 57 15.
1353 870 88 57 ver.
1408 870 77 57 14.
1452 870 77 57 Vos
1496 870 99 57 amici
1562 870 77 57 mei
1606 870 110 57 estis,
1682 870 66 57 si
1704 870 121 57 feceritis

1030 912 172 47 quaecunque
1165 912 86 47 ego
1214 912 110 47 mando
1275 912 98 47 vobis.

1065 939 109 43 RESP.
1137 939 121 43 Primo,
1222 939 145 43 obscurum
1330 939 84 43 est
1379 939 121 43 medium
1463 939 121 43 amicos
1548 939 84 43 Deo
1596 939 133 43 facere.
1692 939 157 43 Explicat,

1036 979 100 33 autem
1103 979 100 33 illud
1170 979 167 33 Bellarminus
1303 979 100 33 dicto
1370 979 100 33 libro
1437 979 67 33 2.
1471 979 67 33 de
1504 979 167 33 Justificat.
1638 979 89 33 cap.
1693 979 78 33 16.
1727 979 89 33 aitque

1033 1007 88 38 esse
1088 1007 176 38 reconciliare
1231 1007 77 38 Deo
1274 1007 55 38 &
1296 1007 88 38 ipsi
1351 1007 110 38 gratos
1428 1007 121 38 facere.
1516 1007 132 38 Secundo,
1615 1007 99 38 medio
1680 1007 77 38 sic
1713 1007 110 38 explica-

1030 1043 68 36 to
1064 1043 102 36 major
1132 1043 159 36 propositio
1257 1043 80 36 est
1302 1043 114 36 falsa:
1382 1043 80 36 Nam
1428 1043 68 36 in
1462 1043 102 36 nobis
1530 1043 114 36 nullus
1609 1043 102 36 plane
1678 1043 80 36 est
1712 1043 102 36 habitus

1035 1077 83 40 qui
1082 1077 83 40 nos
1130 1077 83 40 Deo
1177 1077 189 40 reconciliet,
1330 1077 59 40 &
1353 1077 71 40 ex
1389 1077 141 40 inimicis
1495 1077 118 40 amicos
1577 1077 130 40 faciat:
1672 1077 83 40 Sed
1719 1077 94 40 quum
1766 1077 59 40 ad-

1042 1108 76 37 puc
1086 1108 120 37 inimici
1173 1108 131 37 essemus,
1271 1108 174 37 reconciliati
1413 1108 109 37 fuimus
1489 1108 76 37 Deo
1533 1108 76 37 per
1576 1108 109 37 mortem
1653 1108 98 37 Filij
1718 1108 98 37 ejus,
1772 1108 44 37 ut

1042 1136 107 39 aulus
1113 1136 143 39 testatur
1220 1136 95 39 Rom.
1280 1136 71 39 5.
1315 1136 71 39 v.
1351 1136 83 39 10.
1398 1136 131 39 Tertio,
1493 1136 154 39 profertur
1612 1136 71 39 ad
1648 1136 154 39 probandam
1755 1136 59 39 ma-

1032 1171 105 39 jorem
1103 1171 176 39 testimonium
1243 1171 164 39 ἔξαγώνιον,
1372 1171 94 39 quia
1431 1171 82 39 non
1478 1171 105 39 dicit
1548 1171 152 39 Christus,
1665 1171 82 39 vos
1712 1171 105 39 amici
1770 1171 59 39 mei

1040 1200 92 46 facti
1101 1200 102 46 estis,
1173 1200 72 46 vel
1214 1200 112 46 fietis;
1295 1200 82 46 sed,
1346 1200 72 46 vos
1387 1200 92 46 amici
1449 1200 72 46 mei
1490 1200 102 46 estis,
1561 1200 72 46 seu
1602 1200 112 46 eritis:
1684 1200 82 46 (sic
1735 1200 82 46 enim
1776 1200 51 46 po-

1033 1232 92 34 tius
1090 1232 161 34 vertendum,
1216 1232 69 34 ut
1251 1232 126 34 apparet
1343 1232 69 34 ex
1377 1232 69 34 eo
1412 1232 92 34 quod
1469 1232 138 34 additur,
1572 1232 69 34 si
1607 1232 161 34 feceritis:
1722 1232 103 34 quemad-

1033 1268 107 30 modum
1104 1268 59 30 &
1128 1268 119 30 Johan,
1211 1268 71 30 8.
1247 1268 107 30 vers.
1318 1268 95 30 31.)
1378 1268 83 30 hoc
1425 1268 95 30 est,
1484 1268 190 30 cognoscemini
1639 1268 95 30 esse
1698 1268 107 30 amici
1758 1268 59 30 mei

1032 1297 72 35 si
1068 1297 157 35 feceritis
1189 1297 169 35 quaecunque
1322 1297 85 35 ego
1370 1297 109 35 mando
1443 1297 121 35 vobis.
1527 1297 133 35 Quarto,
1624 1297 97 35 etum
1672 1297 145 35 retineretu

1042 1330 133 32 praesens
1141 1330 111 32 verbum
1219 1330 111 32 estis,
1296 1330 100 32 tamen
1363 1330 133 32 dilectio
1462 1330 122 32 fratrum
1551 1330 77 32 non
1595 1330 166 32 statueretur
1728 1330 55 32 a
1739 1330 77 32 Chri-

1040 1362 73 36 sto
1081 1362 94 36 causa
1144 1362 135 36 efficiens
1248 1362 135 36 amicitiae
1352 1362 114 36 istius,
1435 1362 73 36 sed
1477 1362 125 36 conditio
1570 1362 135 36 duntaxat,
1674 1362 73 36 ita
1716 1362 62 36 ut
1747 1362 62 36 ex
1768 1362 52 36 his

1041 1396 112 37 verbis
1119 1396 112 37 tantum
1197 1396 123 37 colligi
1287 1396 123 37 possit,
1376 1396 134 37 Christum
1477 1396 78 37 nos
1521 1396 123 37 dignari
1611 1396 123 37 censere
1700 1396 101 37 inter
1756 1396 67 37 ami-

1039 1433 79 37 cos
1084 1433 101 37 suos,
1151 1433 79 37 sed
1196 1433 79 37 hac
1241 1433 90 37 lege
1297 1433 56 37 &
1320 1433 169 37 conditione,
1454 1433 67 37 si
1488 1433 79 37 nos
1533 1433 146 37 fecerimus
1645 1433 157 37 quaecunque
1758 1433 56 37 no-

1029 1454 82 49 bis
1076 1454 129 49 mandat.
1170 1454 70 49 At
1205 1454 141 49 conditio
1311 1454 129 49 annexa,
1405 1454 82 49 non
1452 1454 82 49 est
1499 1454 117 49 causa,
1581 1454 82 49 sed
1628 1454 164 49 adjunctum.
1746 1454 70 49 Qua-

1030 1488 124 43 propter
1120 1488 112 43 peccat
1198 1488 169 43 Bellarminus
1333 1488 90 43 παρα
1389 1488 67 43 τό
1423 1488 67 43 μη
1457 1488 101 43 αιηον
1524 1488 67 43 ως
1558 1488 112 43 αιτον,

1227 1533 214 42 DECIMVM
1363 1533 253 42 Argumentum.

1069 1567 131 47 Formosos
1167 1567 55 47 &
1189 1567 142 47 gratiosos
1298 1567 109 47 facere
1374 1567 76 47 est
1407 1567 142 47 charitatis,

1060 1597 136 52 Formosos
1162 1597 57 52 &
1184 1597 147 52 gratiosos
1298 1597 113 52 facere
1377 1597 79 52 est
1422 1597 125 52 gratiae
1513 1597 113 52 gratum
1581 1597 136 52 facientis:

1063 1639 111 43 Ergo,
1124 1639 62 43 &c.

1078 1663 102 55 Major
1146 1663 147 55 probatur,
1259 1663 91 55 quia
1316 1663 136 55 charitas
1418 1663 79 55 est
1463 1663 113 55 vestis
1542 1663 91 55 illa
1599 1663 159 55 nuptialis,
1724 1663 91 55 quam
1780 1663 79 55 qui

1041 1709 133 45 carent,
1137 1709 157 45 mittuntur
1258 1709 72 45 in
1294 1709 145 45 tenebras
1403 1709 181 45 exteriores,
1548 1709 72 45 ut
1584 1709 133 45 exponit
1680 1709 72 45 S.
1704 1709 133 45 Gregorius

1039 1734 102 43 homil.
1100 1734 51 43 38.

1063 1750 112 51 RESP.
1137 1750 124 51 Primo,
1224 1750 112 51 major
1298 1750 174 51 propositio
1435 1750 87 51 est
1485 1750 124 51 falsa.
1571 1750 137 51 Secundo
1671 1750 149 51 probatio
1770 1750 62 51 ma-

1037 1798 97 39 joris
1102 1798 75 39 est
1145 1798 108 39 nulla,
1220 1798 119 39 propter
1307 1798 86 39 ejus
1361 1798 162 39 falsitatem:
1490 1798 75 39 Nam
1533 1798 108 39 vestis
1609 1798 86 39 illa
1663 1798 151 39 nuptialis,
1770 1798 65 39 quam

1044 1831 81 45 qui
1091 1831 127 45 carent,
1183 1831 150 45 mittuntur
1299 1831 69 45 in
1334 1831 139 45 tenebras
1438 1831 174 45 exteriores,
1577 1831 69 45 de
1611 1831 81 45 qua
1657 1831 116 45 Matth.
1738 1831 81 45 22.
1773 1831 58 45 12.

1039 1867 83 31 non
1086 1867 83 31 est
1134 1867 153 31 charitas,
1251 1867 83 31 sed
1299 1867 141 31 Christus
1405 1867 83 31 per
1452 1867 106 31 fidem
1523 1867 189 31 apprehensus,
1676 1867 59 31 &
1688 1867 141 31 interiorem

1034 1897 139 34 hominem
1135 1897 189 34 circumdans.
1287 1897 151 34 Christus
1400 1897 101 34 enim
1463 1897 76 34 is
1501 1897 101 34 est,
1564 1897 101 34 quem
1627 1897 114 34 omnes
1690 1897 139 34 servandos

1030 1930 134 35 induere
1127 1930 134 35 oportet
1224 1930 97 35 Rom.
1285 1930 85 35 13.
1334 1930 73 35 v.
1370 1930 85 35 14.
1419 1930 158 35 Induimini
1540 1930 122 35 Domino
1626 1930 97 35 Iesu
1686 1930 146 35 Christo,
1784 1930 36 35 &

1033 1963 117 38 carnis
1115 1963 106 38 curam
1186 1963 70 38 ne
1221 1963 117 38 habete
1303 1963 70 38 ad
1339 1963 188 38 cupiditates.
1491 1963 94 38 Gal.
1550 1963 82 38 13.
1597 1963 70 38 v.
1632 1963 82 38 27.
1679 1963 153 38 Quicunque
1785 1963 47 38 in

1039 1991 129 34 Christum
1136 1991 140 34 baptizati
1244 1991 129 34 fuistis,
1341 1991 119 34 Christo
1427 1991 119 34 fuistis
1513 1991 119 34 induti.
1600 1991 86 34 Haec
1654 1991 75 34 est
1697 1991 108 34 vestis
1761 1991 65 34 illa

1037 2024 100 37 alba,
1104 2024 67 37 de
1137 2024 78 37 qua
1182 2024 123 37 Apocal.
1271 2024 67 37 3.
1305 2024 89 37 ver.
1360 2024 67 37 4,
1394 2024 67 37 5.
1427 2024 67 37 ex
1461 2024 89 37 agno
1517 2024 89 37 illo
1572 2024 123 37 mactato
1662 2024 56 37 a
1684 2024 112 37 jactis
1751 2024 78 37 mundi

1039 2056 174 45 fundamentis
1178 2056 104 45 Apoc.
1248 2056 81 45 13.
1294 2056 69 45 8.
1329 2056 185 45 praefigurata
1479 2056 127 45 tunicis
1572 2056 150 45 pelliceis
1687 2056 93 45 quas
1733 2056 93 45 Jehova

1030 2088 127 37 fecerat
1123 2088 104 37 Adamo
1192 2088 58 37 &
1215 2088 104 37 Evae,
1284 2088 58 37 &
1307 2088 115 37 quibus
1387 2088 81 37 eos
1434 2088 173 37 vestiverat,
1572 2088 92 37 Gen.
1629 2088 69 37 3.
1664 2088 69 37 v.
1698 2088 81 37 21.
1733 2088 92 37 Tertio

1039 2120 93 44 quod
1097 2120 70 44 ad
1132 2120 186 44 expositionem
1283 2120 128 44 Gregorj
1376 2120 139 44 attinet,
1481 2120 93 44 illa
1539 2120 81 44 non
1585 2120 81 44 est
1632 2120 174 44 authentica,
1759 2120 70 44 quia

1040 2152 98 40 mullo
1105 2152 152 40 Scripturae
1225 2152 152 40 testimonio
1333 2152 109 40 nititur?

1059 2180 85 40 Sic
1107 2180 122 40 igitur
1193 2180 182 40 refutavimus
1339 2180 170 40 argumenta,
1472 2180 122 40 quibus
1557 2180 134 40 conatus
1655 2180 85 40 est
1691 2180 134 40 Bellarmi-

1038 2216 85 34 nus
1086 2216 133 34 probare
1183 2216 133 34 gratiam
1279 2216 121 34 gratum
1364 2216 157 34 facientem
1485 2216 97 34 esse
1545 2216 169 34 qualitatem
1678 2216 109 34 nobis
1738 2216 85 34 infu-

1035 2249 84 39 sam
1083 2249 60 39 &
1107 2249 132 39 habitum
1203 2249 168 39 charitatis
1335 2249 108 39 nobis
1407 2249 192 39 inhaerentem,
1562 2249 108 39 atque
1634 2249 84 39 ita
1682 2249 144 39 assertum
1778 2249 48 39 a-

1038 2278 116 44 tioma
1116 2278 142 44 primum:
1219 2278 155 44 sequitur
1335 2278 129 44 axioma
1413 2278 142 44 secundum.

1069 2301 112 54 Gratia
1147 2301 78 54 Dei
1192 2301 90 54 quam
1248 2301 146 54 servamur,
1360 2301 78 54 qua
1405 2301 112 54 electi
1484 2301 56 54 &
1506 2301 112 54 vocati
1585 2301 112 54 sumus,
1663 2301 90 54 quam
1708 2301 112 54 justifi-

1029 2348 106 34 camur
1100 2348 59 34 &
1123 2348 188 34 regeneramur,
1276 2348 82 34 est
1323 2348 71 34 in
1359 2348 94 34 solo
1417 2348 94 34 Deo:
1476 2348 94 34 quia
1535 2348 82 34 est
1582 2348 94 34 ipse
1641 2348 106 34 favor
1711 2348 82 34 Dei
1758 2348 59 34 &
1770 2348 59 34 be-

1036 2374 159 37 nevolentia
1161 2374 80 37 qua
1206 2374 91 37 ipse
1263 2374 80 37 nos
1309 2374 68 37 in
1343 2374 125 37 Christo
1434 2374 91 37 sibi
1491 2374 114 37 gratos
1570 2374 57 37 &
1593 2374 137 37 acceptos
1695 2374 114 37 facit,
1764 2374 68 37 Eph:

1046 2408 53 37 i,
1073 2408 80 37 vers.
1117 2408 36 37 6.

1065 2424 118 52 CONTRA
1148 2424 178 52 Bellarminus
1290 2424 107 52 libro
1361 2424 130 52 secundo
1456 2424 71 52 de
1491 2424 213 52 Justificatione
1669 2424 95 52 cap.
1728 2424 71 52 3.
1752 2424 71 52 con-

1036 2470 130 40 tendit,
1131 2470 130 40 Gratiam
1225 2470 83 40 qua
1272 2470 189 40 justificamur
1425 2470 59 40 a
1449 2470 94 40 Deo,
1508 2470 71 40 de
1543 2470 83 40 qua
1590 2470 141 40 loquitur
1696 2470 118 40 Paulus
1767 2470 59 40 Ro-

1045 2506 96 34 man.
1105 2506 72 34 3.
1141 2506 108 34 vers.
1213 2506 84 34 24.
1261 2506 84 34 non
1309 2506 96 34 esse
1369 2506 108 34 ipsum
1442 2506 132 34 favorem
1538 2506 84 34 Dei
1586 2506 60 34 &
1610 2506 204 34 benevolentiam
1766 2506 60 34 qua

1054 2534 90 47 ipse
1110 2534 79 47 nos
1155 2534 180 47 prosequitur,
1302 2534 79 47 sed
1347 2534 146 47 justitiam
1459 2534 68 47 ab
1493 2534 90 47 illo
1549 2534 124 47 donatam
1640 2534 101 47 nobis
1707 2534 56 47 &
1718 2534 113 47 infulam;

1044 2576 151 41 nobisque
1157 2576 201 41 inhaerentem;
1321 2576 113 41 Idque
1396 2576 138 41 nititur
1497 2576 138 41 probare
1597 2576 188 41 sequentibus
1735 2576 88 41 argu

1025 2600 108 42 mentis

1269 2620 278 55 PRIMVM.

1070 2653 163 56 In-primis
1196 2653 113 56 favor
1272 2653 88 56 Dei
1322 2653 113 56 satis
1397 2653 176 56 explicatur
1536 2653 88 56 per
1586 2653 113 56 illam
1662 2653 113 56 vocem
1724 2653 101 56 GRATIS

1039 2702 77 48 qui
1083 2702 88 48 enim
1138 2702 111 48 gratis
1216 2702 166 48 justificat,
1349 2702 100 48 certe
1415 2702 66 48 ex
1448 2702 177 48 benevolentia
1592 2702 55 48 &
1614 2702 177 48 liberalitate
1747 2702 88 48 justi-

1042 2734 112 49 ficat,
1120 2734 89 49 Illa
1176 2734 112 49 igitur
1254 2734 134 49 additio,
1355 2734 78 49 per
1400 2734 134 49 gratiam,
1500 2734 78 49 non
1545 2734 101 49 ipsum
1612 2734 134 49 favorem,
1713 2734 78 49 sed
1746 2734 101 49 aliquid

1050 2775 97 41 aliud,
1118 2775 58 41 id
1147 2775 77 41 est,
1195 2775 116 41 effectum
1282 2775 97 41 illius
1350 2775 106 41 favoris
1427 2775 145 41 significat,

1078 2800 112 46 RESP.
1152 2800 186 46 Syllogismus
1301 2800 112 46 talis
1363 2800 112 46 fuerit:

1074 2821 70 53 Si
1109 2821 94 53 voce
1168 2821 129 53 GRATIS,
1262 2821 117 53 favor,
1344 2821 187 53 beneuolentia
1496 2821 70 53 ac
1531 2821 176 53 liberalitas
1671 2821 82 53 Dei
1707 2821 140 53 significa-

1060 2863 98 44 tur,
1121 2863 86 44 tum
1170 2863 110 44 nomen
1243 2863 147 44 GRATIAE,
1353 2863 86 44 non
1402 2863 110 44 ipsum
1476 2863 147 44 favorem,
1586 2863 86 44 sed
1635 2863 147 44 effectum
1733 2863 110 44 faverum

1042 2899 122 40 illius,
1130 2899 100 40 nempe
1197 2899 144 40 justitiam
1308 2899 122 40 infusam
1396 2899 155 40 significat

1087 2918 107 56 Verum
1158 2918 83 56 est
1206 2918 95 56 quod
1266 2918 167 56 antecedit:
1396 2918 95 56 Ergo
1456 2918 59 56 &
1480 2918 95 56 quod
1539 2918 155 56 sequitur.

1089 2948 114 55 Hujus
1165 2948 177 55 Syllogismi
1304 2948 164 55 assumtio,
1430 2948 126 55 partim
1519 2948 101 55 vera
1582 2948 101 55 est,
1645 2948 202 55 partimfalsa.
1796 2948 76 55 Vera

1058 2991 76 42 est
1102 2991 65 42 ea
1134 2991 109 42 parte,
1210 2991 87 42 quam
1264 2991 119 42 dicitur
1351 2991 87 42 voce
1405 2991 109 42 gratis
1481 2991 184 42 liberalitatem
1633 2991 141 42 indicari,
1742 2991 76 42 hoc
1785 2991 87 42 est,
1829 2991 43 42 ex

1067 3038 136 37 gratuito
1169 3038 102 37 dono,
1237 3038 68 37 ac
1271 3038 91 37 mera
1328 3038 181 37 liberalitate
1475 3038 79 37 nos
1520 3038 181 37 justificari:
1668 3038 102 37 sicut
1736 3038 125 37 exponit
1815 3038 57 37 Am-

1053 3055 129 47 brosius
1147 3055 164 47 commentar.
1276 3055 70 47 in
1311 3055 105 47 caput
1381 3055 129 47 tertium
1474 3055 70 47 ad
1509 3055 94 47 Rom:
1568 3055 175 47 Iustificati
1708 3055 94 47 sunt
1755 3055 117 47 gratis,,

1058 3088 90 58 quia
1114 3088 102 58 nihil
1182 3088 158 58 operantes,
1307 3088 102 58 neque
1374 3088 102 58 vicem
1442 3088 158 58 reddentis,
1567 3088 90 58 sola
1623 3088 90 58 fide
1680 3088 170 58 justificati
1804 3088 68 58 sunt
