2063 3410
218 213 113 48 Eadem
294 213 163 48 Scriptura
419 213 151 48 secundum
532 213 151 48 accidens
645 213 201 48 considerata,
808 213 88 48 hoc
858 213 100 48 est,
909 213 100 48 quate-

190 256 84 42 nus
238 256 168 42 consignata
370 256 84 42 est
417 256 72 42 in
453 256 132 42 libris,
549 256 120 42 duobus
633 256 108 42 modis
705 256 108 42 Sacra
777 256 144 42 dicitur;
884 256 132 42 proprie
968 256 36 42 &

188 291 123 42 amproprio

216 310 132 54 Proprie
312 310 120 54 quidem
396 310 96 54 quae
456 310 84 54 καν
504 310 144 54 ἀληθεαν,
612 310 84 54 hoc
659 310 96 54 est,
719 310 144 54 secundum
827 310 156 54 veritatem
935 310 60 54 seu

197 357 88 41 vere
252 357 77 41 est
296 357 110 41 sacra,
373 357 55 41 &
394 357 77 41 ita
438 357 154 41 συνωνυμως,
559 357 77 41 hoc
603 357 88 41 est,
658 357 121 41 univoce
745 357 154 41 appellatur

219 389 161 40 Improprie
342 389 99 40 vero
404 389 99 40 quae
466 389 99 40 κατα
528 389 124 40 δέςαν,
615 389 74 40 id
652 389 99 40 est,
713 389 148 40 secundum
825 389 161 40 opinionem
936 389 62 40 hu-

185 424 116 38 manam
262 424 90 38 est
314 424 116 38 satra
391 424 64 38 &
417 424 142 38 divina,
520 424 155 38 secundum
636 424 168 38 veritatem
765 424 116 38 autem
842 424 90 38 non
894 424 103 38 est,
945 424 52 38 ac

195 458 129 48 proinde
289 458 105 48 sacra
359 458 152 48 oμωνυμως,
477 458 70 48 id
512 458 94 48 est,
570 458 152 48 aequivoce
676 458 117 48 nominatu

231 485 141 42 Scriptura
340 485 130 42 proprie,
438 485 87 42 vere
492 485 54 42 &
514 485 120 42 univoce
601 485 109 42 sacra,
677 485 87 42 sunt
731 485 98 42 certi
796 485 98 42 libri
862 485 76 42 qui
905 485 76 42 per
938 485 54 42 vo-

187 523 141 39 luntatem
293 523 82 39 Dei
340 523 71 39 ex
375 523 188 39 inspiratione
528 523 141 39 Spiritus
634 523 118 39 Sancti
716 523 94 39 sunt
775 523 59 39 a
798 523 106 39 fidis
869 523 118 39 servis
939 523 59 39 Dei

199 555 158 37 Prophetis,
323 555 146 37 Apostolis
435 555 56 37 &
458 555 180 37 Evangelistis
604 555 68 37 ad
638 555 68 37 id
672 555 191 37 sanctificatis
829 555 169 37 conscripti,
953 555 45 37 ut

189 588 73 42 in
225 588 145 42 Ecclesia
334 588 85 42 Dei
383 588 145 42 immobile
492 588 121 42 essent
577 588 182 42 fundamentum
722 588 109 42 fidei
795 588 61 42 &
819 588 170 42 religionis
940 588 61 42 di-

198 619 118 36 vinae.
281 619 71 36 De
316 619 82 36 hac
363 619 153 36 Scriptura
481 619 118 36 agitur
563 619 71 36 2.
598 619 94 36 Tim.
657 619 71 36 3.
692 619 71 36 v.
727 619 82 36 14.
775 619 118 36 15.16.
857 619 71 36 At
892 619 71 36 tu
916 619 82 36 mane-

194 659 61 39 to
224 659 61 39 in
255 659 82 39 iis,
306 659 82 39 quae
357 659 133 39 didicisti
460 659 51 39 &
480 659 82 39 quae
531 659 82 39 tibi
583 659 143 39 concredita
695 659 92 39 sunt,
756 659 102 39 sciens
828 659 51 39 a
849 659 72 39 quo
879 659 123 39 didiceris:

196 684 96 37 Teque
260 684 53 37 a
281 684 96 37 puero
345 684 106 37 sacras
420 684 117 37 literas
505 684 128 37 novisse,
601 684 85 37 quae
654 684 64 37 te
686 684 117 37 possunt
771 684 138 37 sapientem
877 684 117 37 reddere
951 684 43 37 ad

187 724 119 37 salutem
274 724 76 37 per
317 724 98 37 fidem
382 724 87 37 quae
437 724 76 37 est
480 724 65 37 in
513 724 119 37 Christo
599 724 98 37 Iesu.
665 724 87 37 Tota
719 724 141 37 Scriptura
827 724 152 37 diuvinitus
936 724 65 37 est?

195 752 164 37 inspirata,
324 752 59 37 &
347 752 117 37 utilis
429 752 70 37 ad
464 752 164 37 doctrinam,
593 752 70 37 ad
628 752 211 37 redargutionem,
804 752 70 37 ad
827 752 164 37 correctionem

190 785 66 41 ad
223 785 187 41 institutionem
377 785 66 41 in
410 785 143 41 iustitia,
520 785 66 41 ut
553 785 143 41 perfectus
664 785 77 41 sit
708 785 88 41 homo
763 785 77 41 Dei
807 785 66 41 ad
840 785 88 41 omne
895 785 88 41 opus
939 785 55 41 bo-

195 816 82 52 quu
231 816 247 52 perfecteiustructus,

419 867 299 48 APUT
568 867 187 48 XVI

202 916 137 54 Quid
288 916 223 54 autoritas
459 916 172 54 Sacrae
579 916 240 54 Scripturae
768 916 137 54 sit,
854 916 86 54 &
871 916 120 54 quotu

319 960 150 63 plex,
419 960 83 63 &
452 960 216 63 speciatim
619 960 100 63 de
669 960 166 63 divina
768 960 100 63 eius

475 1012 208 46 autoritate

248 1069 165 68 Hactenus
372 1069 151 68 ostensa
482 1069 96 68 est
537 1069 138 68 Sacrae
634 1069 193 68 Scripturae
771 1069 179 68 distinctio.

220 1137 85 56 TAM
269 1137 73 56 de
305 1137 171 56 Scripturae
440 1137 147 56 externae
549 1137 159 56 utriusque
672 1137 171 56 Testamenti
806 1137 159 56 quaeritur
916 1137 73 56 aute

233 1176 118 33 ritate,
319 1176 172 33 necessitate,
459 1176 129 33 editione
556 1176 161 33 authentica,
685 1176 172 33 translatione
825 1176 65 33 in
857 1176 118 33 linguas
932 1176 65 33 ver-

227 1207 137 39 naculas,
329 1207 148 39 lectione,
443 1207 205 39 perspicuitate,
614 1207 216 39 interpretatione
796 1207 80 39 seu
842 1207 171 39 expositione
967 1207 34 39 &

189 1239 194 43 perfectione.
346 1239 109 43 Horum
419 1239 170 43 πξοληψεις,
553 1239 61 43 &
577 1239 145 43 notitiae
686 1239 97 43 quia
747 1239 73 43 ad
783 1239 170 43 principium
904 1239 85 43 Theo-

197 1276 120 34 logiae
281 1276 156 34 pertinent
401 1276 60 34 &
425 1276 120 34 certae
509 1276 96 34 sunt
569 1276 168 34 immotaeque
700 1276 144 34 regulae,
808 1276 96 34 quae
856 1276 144 34 praecogno-

197 1307 117 40 scuntur
283 1307 75 40 seu
325 1307 96 40 prius
389 1307 139 40 creduntur
496 1307 64 40 ex
528 1307 107 40 lumine
603 1307 149 40 superioris
720 1307 149 40 scientiae,
838 1307 64 40 id
870 1307 85 40 est,
923 1307 64 40 ex
945 1307 53 40 re-

196 1345 145 34 velatione
307 1345 122 34 divina,
396 1345 100 34 etiam
463 1345 145 34 principia
574 1345 100 34 fidei
641 1345 56 34 &
663 1345 156 34 Theologiae
786 1345 178 34 appellantur.
919 1345 78 34 Prin-

201 1373 109 42 cipia
274 1373 122 42 igitur
359 1373 170 42 Theologiae
493 1373 61 42 &
517 1373 109 42 fidei
590 1373 109 42 sunt:
663 1373 122 42 Sacram
748 1373 170 42 Scripturam
881 1373 97 42 esse
930 1373 73 42 vero

196 1407 149 37 divinam:
307 1407 99 37 esse
369 1407 137 37 Canonem
469 1407 62 37 &
494 1407 137 37 regulam
593 1407 186 37 certissimam
742 1407 62 37 &
767 1407 199 37 infallibilem
916 1407 87 37 fide-

204 1436 60 40 &
228 1436 133 40 bonorum
325 1436 133 40 operum:
421 1436 96 40 esse
481 1436 96 40 nunc
542 1436 181 40 necessariam
686 1436 121 40 nobis:
771 1436 109 40 solam
843 1436 145 40 Hebraeam
940 1436 60 40 edi

199 1471 122 37 tionem
284 1471 134 37 veteris
381 1471 170 37 Testamenti
515 1471 61 37 &
539 1471 134 37 Graecam
636 1471 97 37 novi
697 1471 97 37 esse
758 1471 194 37 authenticam:
904 1471 97 37 omnino

196 1502 207 38 transferendam
366 1502 73 38 in
402 1502 134 38 linguas
500 1502 182 38 vernaculas:
646 1502 97 38 esse
706 1502 146 38 legendam
816 1502 61 38 &
828 1502 170 38 cognoscendam

199 1534 73 39 ab
235 1534 134 39 omnibus
333 1534 122 39 omnium
418 1534 134 39 ordinum
515 1534 170 39 hominibus:
649 1534 97 39 esse
709 1534 73 39 in
746 1534 73 39 se
782 1534 170 39 perspicuam
916 1534 61 39 &
928 1534 73 39 cla-

195 1566 99 40 ram:
257 1566 124 40 sensum
343 1566 99 40 eius
406 1566 149 40 genuinum
517 1566 62 40 &
542 1566 99 40 usum
604 1566 99 40 esse
666 1566 211 40 investigandum
840 1566 62 40 &
852 1566 149 40 diiudicans

202 1600 79 39 dum
247 1600 68 39 ex
281 1600 135 39 ipsamet,
382 1600 79 39 seu
427 1600 158 39 Scripturam
552 1600 113 39 Sacram
631 1600 90 39 esse
687 1600 169 39 interpretem
822 1600 158 39 suiipsius:
935 1600 68 39 ean-

199 1637 84 37 dem
247 1637 96 37 esse
307 1637 156 37 perfectam
426 1637 84 37 seu
474 1637 156 37 continere
594 1637 108 37 omnia
666 1637 132 37 dogmata
762 1637 72 37 ad
798 1637 132 37 salutem
881 1637 132 37 aeternam.

204 1670 178 36 necessaria,
346 1670 83 36 &c.
394 1670 95 36 Haec
453 1670 95 36 quum
512 1670 95 36 sint
572 1670 166 36 principia,
702 1670 107 36 credi
773 1670 130 36 propter
868 1670 71 36 se
903 1670 119 36 debent
974 1670 36 36 &

204 1700 123 38 minime
290 1700 111 38 egent
364 1700 185 38 probatione.
512 1700 86 38 Sed
561 1700 99 38 quia
622 1700 172 38 vaframento
758 1700 148 38 diaboli,
869 1700 86 38 qui
906 1700 99 38 adver-

195 1734 117 37 sarius
277 1734 82 37 est
324 1734 82 37 Dei
370 1734 58 37 &
394 1734 163 37 Scripturae
522 1734 117 37 Sacrae
604 1734 58 37 &
627 1734 163 37 Ecclesiae,
756 1734 152 37 malitiosi
873 1734 128 37 homines
954 1734 47 37 ea

198 1768 74 34 in
235 1768 123 34 dubium
321 1768 123 34 vocant
407 1768 86 34 vel
456 1768 172 34 obscurant:
592 1768 98 34 ideo
653 1768 123 34 ordine
739 1768 98 34 sunt
801 1768 160 34 exponenda
924 1768 62 34 &
936 1768 74 34 con-

194 1798 166 39 firmanda,
322 1798 64 39 &
348 1798 77 39 ab
386 1798 243 39 oppugnationibus
590 1798 141 39 illorum
693 1798 192 39 vindicanda.
846 1798 128 39 Initio
923 1798 89 39 autem

201 1833 71 41 de
237 1833 166 41 autoritate
367 1833 118 41 Sacrae
450 1833 166 41 Scripturae
568 1833 95 41 agemus

231 1859 94 47 AUT.
290 1859 106 47 RITAS
361 1859 118 47 Socrae
444 1859 177 47 Seriuturae,
585 1859 83 47 est
632 1859 142 47 dignitas
739 1859 59 47 &
762 1859 177 47 excellentia
904 1859 94 47 soli
951 1859 59 47 Sa-

203 1894 91 37 crae
259 1894 158 37 Scripturae
384 1894 91 37 prae
440 1894 125 37 omnibus
531 1894 102 37 aliis
599 1894 136 37 scriptis
701 1894 158 37 competens,
825 1894 91 37 quam
882 1894 79 37 est
927 1894 57 37 &
938 1894 57 37 ha-

200 1927 96 41 betur
264 1927 160 41 authentica,
393 1927 64 41 id
425 1927 86 41 est,
478 1927 192 41 infallibiliter
639 1927 107 41 certa,
714 1927 75 41 sic
756 1927 64 41 ut
788 1927 160 41 necessitate
906 1927 107 41 absoluta

201 1964 76 37 ab
239 1964 140 37 omnibus
341 1964 115 37 eisit
418 1964 165 37 credendum
545 1964 115 37 atque
621 1964 229 37 obtemperandum,
812 1964 140 37 propter
914 1964 115 37 auto¬

191 1998 116 39 rem
241 1998 100 39 Deum

233 2014 86 52 Duae
287 2014 86 52 sunt
341 2014 140 52 cognatae,
448 2014 75 52 sed
491 2014 97 52 tamen
556 2014 150 52 distinctae
674 2014 172 52 quaestiones:
814 2014 75 52 Una
857 2014 86 52 est,
910 2014 64 52 An
932 2014 75 52 Scri-

195 2060 123 44 pturae
281 2060 123 44 Sacrae
366 2060 74 44 ab
403 2060 135 44 omnibus
501 2060 159 44 credendum
624 2060 86 44 sit
673 2060 184 44 necessitate
820 2060 159 44 absoluta?
943 2060 86 44 Et¬

195 2101 73 37 An
231 2101 158 37 Scriptura
353 2101 109 37 Sacra
426 2101 85 37 sit
474 2101 170 37 necessaria
608 2101 182 37 necessitate
754 2101 158 37 absoluta?
875 2101 73 37 Ad
900 2101 109 37 priorem

199 2128 170 41 quaestionem
335 2128 170 41 respondemus
471 2128 170 41 affirmando,
607 2128 91 41 quia
663 2128 68 41 de
697 2128 113 41 Sacrae
776 2128 159 41 Scripturae
890 2128 113 41 veritate

196 2157 138 33 dubitare
299 2157 103 33 nullo
368 2157 92 33 modo
425 2157 115 33 licet,
506 2157 92 33 ideo
563 2157 172 33 necessitate
701 2157 138 33 absoluta
804 2157 69 33 ei
839 2157 161 33 credendum,
954 2157 57 33 non

201 2180 119 55 secus,
284 2180 71 55 ac
320 2180 83 55 Deo
367 2180 95 55 ipsi
427 2180 83 55 sua
474 2180 95 55 voce
534 2180 143 55 loquenti
641 2180 154 55 caelitus.
760 2180 71 55 Ad
795 2180 178 55 posteriorem
926 2180 107 55 negando

208 2227 176 36 respondemus,
351 2227 88 36 quia
406 2227 88 36 Deus
461 2227 77 36 non
505 2227 88 36 suit
560 2227 77 36 nec
604 2227 77 36 est
649 2227 154 36 Scripturae
770 2227 165 36 adstrictus.
891 2227 110 36 Scriptu-

197 2261 65 29 ra
230 2261 97 29 autem
294 2261 97 29 nobis
359 2261 75 29 est
402 2261 151 29 necessaria
520 2261 161 29 necessitate
649 2261 65 29 ex
681 2261 140 29 hypothesi
789 2261 151 29 voluntatis
896 2261 108 29 divinae,

205 2293 91 44 quia
262 2293 91 44 Deus
319 2293 148 44 Ecclesiam
433 2293 160 44 Scripturae
559 2293 114 44 Sacrae
639 2293 114 44 tandem
718 2293 160 44 adstrictam
844 2293 91 44 esse
901 2293 126 44 voluit.

212 2323 87 43 Prior
270 2323 116 43 quaestio
357 2323 68 43 est
396 2323 135 43 praesentis
492 2323 68 43 loci.

231 2347 159 43 Autoritas
353 2347 122 43 Sacrae
439 2347 171 43 Scripturae
573 2347 86 43 est
622 2347 134 43 duplex:
720 2347 122 43 Divina
805 2347 61 43 &
830 2347 159 43 Canonica.
940 2347 73 43 Illa

196 2388 114 46 natura
275 2388 80 46 est
321 2388 114 46 prior,
401 2388 91 46 haec
457 2388 159 46 posterior.
583 2388 102 46 Prius
651 2388 91 46 enim
708 2388 125 46 oportet
799 2388 114 46 credi,
867 2388 137 46 Scripturam

204 2422 100 39 esse
267 2422 150 39 divinam,
380 2422 100 39 quam
443 2422 150 39 credatur
555 2422 163 39 Canonicam
668 2422 88 39 esse.

250 2445 64 41 Di
282 2445 85 41 vina
336 2445 128 41 autoruas
432 2445 149 41 Scripturae
549 2445 117 41 Sacrae,
634 2445 75 41 est
677 2445 75 41 qua
720 2445 96 41 Sacra
784 2445 139 41 Scriptura
890 2445 64 41 in
922 2445 64 41 se
944 2445 53 41 ve-

210 2481 74 41 re
247 2481 86 41 est
296 2481 62 41 &
321 2481 62 41 a
345 2481 111 41 nobis
420 2481 173 41 indubitato
555 2481 136 41 habetur
654 2481 123 41 divina
741 2481 86 41 seu
790 2481 123 41 Verbum
877 2481 99 41 Dei,
926 2481 74 41 quos

204 2510 175 54 immediate
338 2510 94 54 per
392 2510 161 54 Spiritum
513 2510 148 54 Sanctum
620 2510 175 54 Prophetis
755 2510 67 54 &
782 2510 175 54 Apostolis
903 2510 134 54 inspira-

200 2552 90 43 tum
239 2552 77 43 est.

242 2576 131 53 Canonica
340 2576 142 53 autoritas
450 2576 109 53 Sacrae
526 2576 153 53 Scipturae,
646 2576 76 53 est
690 2576 87 53 quam
745 2576 98 53 Sacra
810 2576 142 53 Scriptura
920 2576 87 53 sola
963 2576 44 53 in

206 2613 68 43 se
240 2613 80 43 est
285 2613 57 43 &
308 2613 57 43 a
331 2613 103 43 nobis
400 2613 126 43 habetur
491 2613 137 43 Canonica
594 2613 80 43 seu
639 2613 114 43 Canon,
719 2613 80 43 hoc
765 2613 91 43 est,
822 2613 114 43 certa,
890 2613 126 43 stabilis,

208 2653 149 44 perfecta,
322 2653 103 44 unica
391 2653 57 44 &
414 2653 206 44 irrefragabilis
585 2653 114 44 Regula
666 2653 114 44 totius
746 2653 160 44 sapientiae
872 2653 103 44 rerum
929 2653 80 44 divi-

205 2687 115 39 narum,
285 2687 115 39 totius
365 2687 172 39 religionis,
503 2687 103 39 fidei
572 2687 57 39 &
595 2687 115 39 cultus
676 2687 126 39 divini,
768 2687 138 39 vitaeque
860 2687 149 39 Christianae

202 2714 78 39 sic
247 2714 67 39 ut
280 2714 67 39 ex
314 2714 90 39 ipsa
370 2714 90 39 sola
426 2714 90 39 tota
482 2714 146 39 sapientia
594 2714 101 39 rerum
661 2714 157 39 divinarum,
784 2714 90 39 tota
840 2714 123 39 religio
929 2714 56 39 &
941 2714 78 39 fides

210 2757 173 37 Christiann
345 2757 86 37 sit
395 2757 173 37 haurienda,
531 2757 74 37 ex
568 2757 99 37 ipsa
629 2757 99 37 sola
691 2757 185 37 assertiones
839 2757 123 37 omnium
913 2757 99 37 dogma-

204 2787 82 41 tum
251 2787 163 41 religionis
379 2787 128 41 divinae
473 2787 187 41 depromendae,
624 2787 70 41 ex
659 2787 93 41 ipsa
717 2787 93 41 sola
776 2787 128 41 errorum
869 2787 70 41 in
892 2787 117 41 religio-

209 2821 77 37 ne
248 2821 64 37 &
273 2821 167 37 haeresium
402 2821 193 37 falsorumque
556 2821 141 37 cultuum
659 2821 218 37 confutationes
838 2821 167 37 sumendae,
954 2821 64 37 ex-

205 2851 95 41 ipsa
265 2851 95 41 sola
324 2851 202 41 controversiae
490 2851 71 41 de
526 2851 154 41 religione
645 2851 178 41 decidendae,
787 2851 226 41 definiendaeque,
965 2851 48 41 ex

211 2883 89 44 ipsa
266 2883 89 44 sola
322 2883 100 44 vitae
388 2883 166 44 corrigendae
522 2883 55 44 &
544 2883 111 44 sancte
622 2883 178 44 instituendae
766 2883 100 44 ratio
832 2883 133 44 petenda,
932 2883 67 44 ex
954 2883 67 44 ipsa

213 2918 97 44 sola
274 2918 207 44 consolationes
444 2918 97 44 quae
505 2918 122 44 contra
590 2918 85 44 res
639 2918 146 44 adversas
748 2918 110 44 atque
821 2918 97 44 adeo
882 2918 110 44 ipsam
943 2918 73 44 mor-

213 2948 86 47 tem
262 2948 172 47 subsistant
385 2948 147 47 proferenda

249 2973 120 52 Divina
333 2973 156 52 autoritas
453 2973 192 52 consideratur
609 2973 132 52 ratione
704 2973 132 52 autoris
800 2973 120 52 Sacrae
872 2973 144 52 Scripturae

219 3017 140 42 Canonica
325 3017 105 42 vero,
395 3017 129 42 ratione
488 3017 117 42 formae
570 3017 164 42 Scripturae
699 3017 59 42 &
723 3017 105 42 finis
793 3017 94 42 inde
840 3017 140 42 pendentis:

257 3047 121 42 Ratione
345 3047 121 42 autoris
433 3047 88 42 sola
487 3047 143 42 Scriptura
597 3047 99 42 Sacra
663 3047 77 42 est
707 3047 121 42 divina,
795 3047 88 42 quia
849 3047 99 42 autor
915 3047 88 42 ejus
959 3047 66 42 est,

213 3082 96 40 Deus
273 3082 156 40 immediata
393 3082 203 40 inspiratione.
560 3082 72 40 Ut
596 3082 120 40 igitur
680 3082 96 40 Deus
740 3082 132 40 fallere
835 3082 84 40 non
883 3082 132 40 potest;
967 3082 60 40 ita

216 3114 82 37 nec
263 3114 105 37 Sacra
333 3114 164 37 Scriptura:
462 3114 94 37 quia
521 3114 82 37 vos
568 3114 82 37 Dei
615 3114 94 37 est,
673 3114 94 37 quia
732 3114 176 37 testamentum
873 3114 94 37 ejus
931 3114 94 37 est,
978 3114 47 37 de

214 3156 142 40 voluntate
324 3156 88 40 ejus
378 3156 99 40 nobis
444 3156 99 40 certo
510 3156 175 40 testificans,
652 3156 88 40 quia
707 3156 132 40 epistola
806 3156 88 40 ejus
861 3156 77 40 est
904 3156 66 40 ad
937 3156 77 40 nos
970 3156 55 40 ho-

208 3182 103 43 mines
276 3182 137 43 caelitus
379 3182 114 43 missa,
459 3182 91 43 quia
516 3182 126 43 edictum
608 3182 91 43 ejus
665 3182 80 43 est
711 3182 69 43 in
745 3182 137 43 Ecclesia
848 3182 160 43 solenniter
962 3182 69 43 pro-

215 3221 164 37 mulgatum:
341 3221 101 37 unde
404 3221 113 37 summe
480 3221 164 37 veneranda
606 3221 113 37 atque
682 3221 126 37 omnino
770 3221 202 37 infallibilis
921 3221 76 37 est.

1075 221 130 36 Ratione
1170 221 130 36 formae,
1264 221 154 36 Scriptura
1382 221 83 36 est
1430 221 106 36 prima
1500 221 142 36 veritas,
1607 221 106 36 sicut
1678 221 95 36 Deus
1737 221 106 36 ipse,
1796 221 47 36 ed

1041 246 93 52 fine
1100 246 152 52 inspirata
1216 246 152 52 Prophetis
1333 246 58 52 &
1357 246 152 52 Apostolis
1473 246 58 52 &
1497 246 82 52 per
1543 246 105 52 illos
1613 246 152 52 Ecclesiae
1719 246 128 52 commissa,

1042 290 66 40 ut
1075 290 77 40 sit
1119 290 155 40 veritatis,
1241 290 88 40 quae
1296 290 66 40 ab
1329 290 100 40 aliis
1396 290 133 40 docetur,
1495 290 111 40 Regula
1573 290 66 40 in
1606 290 88 40 fide
1661 290 55 40 &
1683 290 100 40 cultu
1750 290 88 40 Dei:
1794 290 55 40 un-

1044 322 72 46 de
1080 322 96 46 sola
1140 322 156 46 Scriptura
1260 322 108 46 Sacra
1331 322 84 46 est
1367 322 132 46 Canonica.

1078 356 128 40 Utraque
1171 356 93 40 haec
1229 356 151 40 autoritas
1345 356 162 40 Scripturae
1473 356 186 40 consideratur
1624 356 81 40 tum
1670 356 139 40 absolute
1763 356 93 40 inise,

1037 388 93 43 tum
1090 388 93 43 quo
1143 388 79 43 ad
1169 388 66 43 nos

1072 420 140 41 Absolute
1177 420 70 41 in
1212 420 70 41 se
1247 420 105 41 Sacra
1318 420 152 41 Scriptura
1434 420 82 41 est
1481 420 117 41 divina
1563 420 58 41 &
1586 420 152 41 Canonica,
1703 420 128 41 etiamsi
1785 420 58 41 ve-

1046 457 101 32 nemo
1109 457 139 32 hominum
1210 457 189 32 agnosceret,
1361 457 88 32 vel
1412 457 113 32 totus
1488 457 126 32 mundus
1576 457 227 32 contradiceret:
1765 457 113 32 sicut

1043 489 78 39 Sol
1088 489 67 39 in
1121 489 67 39 se
1155 489 78 39 est
1200 489 123 39 lucidus
1289 489 56 39 &
1312 489 123 39 mensura
1401 489 101 39 lucis
1468 489 123 39 etiamsi
1558 489 56 39 a
1580 489 112 39 caecis
1659 489 78 39 non
1703 489 134 39 cernatur
1793 489 56 39 aut

1042 522 66 40 ab
1075 522 100 40 illis
1142 522 77 40 qui
1186 522 66 40 in
1219 522 133 40 tenebris
1319 522 133 40 conclusi
1418 522 100 40 sunt:
1485 522 55 40 &
1507 522 111 40 Gnomon
1584 522 122 40 solarii
1673 522 66 40 in
1706 522 66 40 se
1739 522 77 40 est
1773 522 77 40 regu-

1037 552 69 42 la
1071 552 126 42 horarum
1162 552 92 42 sive
1220 552 137 42 cernatur
1323 552 57 42 &
1346 552 160 42 attendatur
1471 552 103 42 esse,
1540 552 92 42 sive
1586 552 57 42 non

1064 587 91 42 Quo
1116 587 78 42 ad
1155 587 104 42 nos,
1220 587 169 42 Scriptura
1350 587 91 42 est
1402 587 130 42 divina
1492 587 65 42 &
1518 587 156 42 Canonica
1635 587 156 42 quatenus
1752 587 65 42 a
1765 587 91 42 nobis

1046 620 177 46 ignoscitur
1185 620 63 46 &
1210 620 139 46 habetur
1311 620 88 46 pro
1362 620 126 46 divina
1450 620 63 46 &
1475 620 164 46 Canonica.
1601 620 76 46 De
1639 620 88 46 hac
1690 620 177 46 autoritate

1037 655 163 40 Scripturae
1165 655 81 40 quo
1212 655 70 40 ad
1246 655 81 40 nos
1293 655 128 40 dicitur
1386 655 70 40 2.
1420 655 93 40 Pet.
1479 655 70 40 1.
1513 655 81 40 19.
1560 655 128 40 Habemus
1653 655 151 40 firmiorem
1757 655 93 40 sermo-

1044 684 77 42 nem
1088 684 177 42 Propheticum,
1232 684 77 42 cui
1276 684 88 42 bene
1331 684 121 42 facitis
1419 684 88 42 quod
1475 684 166 42 attendatis,
1607 684 99 42 velut
1673 684 133 42 lucernae
1762 684 88 42 splen-

1040 717 103 38 denti
1108 717 69 38 in
1143 717 126 38 obscuro
1234 717 103 38 loco.
1303 717 103 38 Psal.
1372 717 92 38 119.
1429 717 69 38 v.
1463 717 92 38 105.
1521 717 126 38 Lucerna
1612 717 92 38 pedi
1670 717 80 38 meo
1716 717 115 38 verbum
1784 717 69 38 tuum

1039 752 93 42 est,
1097 752 58 42 &
1121 752 81 42 lux
1167 752 128 42 itineri
1260 752 93 42 meo.
1318 752 116 42 Ezech.
1400 752 81 42 20.
1446 752 70 42 v.
1481 752 81 42 19.
1528 752 81 42 Ego
1574 752 81 42 sum
1621 752 116 42 Iehova
1702 752 93 42 Deus
1748 752 105 42 vester;

1042 782 68 44 in
1076 782 137 44 statutis
1178 782 91 44 meis
1235 782 137 44 ambulate
1338 782 57 44 &
1361 782 91 44 tura
1418 782 80 44 mea
1463 782 148 44 observate
1577 782 137 44 acfacite
1668 782 80 44 ipsa.

1037 821 113 61 Sed
1101 821 113 61 jam
1166 821 96 61 de
1214 821 225 61 autoritate
1391 821 161 61 divina
1503 821 209 61 distincte
1664 821 193 61 agendum,
1793 821 48 61 &

1103 869 239 66 explicandum,
1297 869 75 66 a
1327 869 104 66 quo
1386 869 194 66 Scriptura
1535 869 134 66 Sacra
1610 869 164 66 autorita-

1271 916 113 55 tem
1335 916 177 55 divinam
1464 916 177 55 habeat.

1083 972 182 40 Autoritatem
1228 972 133 40 divinam
1325 972 85 40 tum
1374 972 146 40 absolute
1483 972 73 40 in
1520 972 85 40 se,
1568 972 85 40 tum
1617 972 85 40 quo
1665 972 73 40 ad
1701 972 97 40 nos,
1750 972 97 40 haber-

1053 1005 153 40 Scriptura
1171 1005 59 40 a
1194 1005 94 40 solo
1253 1005 94 40 Deo,
1312 1005 106 40 sicut
1382 1005 165 40 Augustinus
1512 1005 106 40 dicit
1582 1005 71 40 de
1618 1005 118 40 libris
1700 1005 118 40 sacris
1770 1005 71 40 tome

1046 1044 126 39 primo,
1135 1044 113 39 libro
1210 1044 113 39 sexto
1286 1044 202 39 Confessionum
1450 1044 126 39 capite
1538 1044 139 39 quinto:
1639 1044 189 39 Persuasisti
1777 1044 76 39 mihi

1045 1075 123 42 DDomine
1135 1075 101 42 Deus)
1202 1075 79 42 non
1247 1075 79 42 qui
1292 1075 146 42 crederent
1404 1075 112 42 libris
1483 1075 101 42 tuis,
1550 1075 90 42 quos
1606 1075 101 42 tanta
1673 1075 67 42 in
1707 1075 123 42 omnibus
1786 1075 67 42 fere

1050 1108 148 38 gentibus
1161 1108 284 38 AUTORITATEFUNDASTI,
1408 1108 87 38 sed
1458 1108 87 38 qui
1507 1108 87 38 non
1557 1108 161 38 crederent
1680 1108 99 38 esse
1730 1108 111 38 culpan-

1051 1142 89 36 dos.
1107 1142 67 36 Et
1140 1142 100 36 paulo
1207 1142 100 36 post:
1274 1142 78 36 Cum
1319 1142 123 36 essemus
1408 1142 123 36 infirmi
1497 1142 67 36 ad
1531 1142 167 36 inveniendam
1664 1142 123 36 liquida
1754 1142 112 36 ratio¬

1045 1173 68 38 ne
1079 1173 147 38 veritatem
1191 1173 56 38 &
1214 1173 68 38 ob
1248 1173 79 38 hoc
1293 1173 102 38 nobis
1361 1173 90 38 opus
1417 1173 102 38 esset
1485 1173 158 38 autoritate
1609 1173 147 38 sanctarum
1711 1173 135 38 literarum,

1054 1206 80 35 iam
1099 1206 125 35 credere
1190 1206 148 35 coeperam,
1305 1206 103 35 nullo
1373 1206 91 35 modo
1430 1206 68 35 te
1464 1206 114 35 fuisse
1544 1206 160 35 tributurum
1670 1206 80 35 tam
1704 1206 148 35 excellentem

1055 1238 87 45 illi
1110 1238 153 45 Scripturae
1230 1238 77 45 per
1274 1238 98 45 omnes
1339 1238 77 45 iam
1383 1238 109 45 terras
1460 1238 175 45 autoritatem,
1602 1238 87 45 nisi
1656 1238 55 45 &
1678 1238 77 45 per
1722 1238 98 45 ipsam
1776 1238 77 45 tibi-

1042 1272 98 38 credi
1107 1272 54 38 &
1129 1272 76 38 per
1172 1272 98 38 ipsam
1238 1272 65 38 te
1270 1272 109 38 quaeri
1346 1272 152 38 voluisses.
1466 1272 119 38 Proinde
1553 1272 141 38 Scriptura
1661 1272 98 38 Sacra
1727 1272 76 38 est
1770 1272 65 38 in
1792 1272 54 38 se-

1048 1304 120 37 divina
1132 1304 60 37 &
1156 1304 108 37 talis
1228 1304 60 37 a
1252 1304 108 37 nobis
1324 1304 144 37 habetur,
1432 1304 96 37 quia
1491 1304 84 37 est
1539 1304 156 37 immediate
1659 1304 60 37 a
1683 1304 84 37 Deo
1719 1304 132 37 Prophetis

1050 1338 63 32 &
1076 1338 163 32 Apostolis
1201 1338 176 32 inspirata.
1340 1338 163 32 Nequaquam
1465 1338 113 32 autem
1541 1338 113 32 illam
1616 1338 189 32 autoritatem
1767 1338 113 32 habet

1047 1370 73 35 ab
1083 1370 158 35 Ecclesia,
1204 1370 97 35 quae
1265 1370 121 35 quidem
1350 1370 170 35 potestatem
1483 1370 109 35 habet
1556 1370 182 35 discernendi
1701 1370 61 35 &
1714 1370 145 35 declarandi

1052 1402 142 41 Canonem
1155 1402 65 41 a
1181 1402 90 41 Deo
1233 1402 168 41 acceptum,
1362 1402 129 41 minime
1453 1402 103 41 vero
1517 1402 207 41 constituendi
1685 1402 90 41 aut
1724 1402 129 41 mutandi.

1057 1436 77 38 aut
1101 1436 155 38 abrogandi,
1223 1436 77 38 hoc
1267 1436 88 38 est,
1322 1436 133 38 faciendi
1422 1436 144 38 Scriptura
1532 1436 122 38 divina,
1621 1436 88 38 quae
1676 1436 77 38 non
1720 1436 77 38 est
1753 1436 100 38 divina,

1047 1468 84 38 aut
1095 1468 132 38 mutandi
1191 1468 84 38 vel
1239 1468 168 38 excludendi
1370 1468 60 38 e
1394 1468 120 38 Canone
1478 1468 180 38 Scripturam,
1622 1468 96 38 quae
1681 1468 84 38 est
1717 1468 96 38 divina

1091 1500 102 40 Porro
1158 1500 135 40 quaestio
1260 1500 147 40 agitatur:
1373 1500 90 40 Unde
1429 1500 102 40 nobis
1497 1500 135 40 constet,
1599 1500 79 40 seu
1644 1500 90 40 unde
1700 1500 79 40 nos
1734 1500 113 40 sciamus;

1048 1533 173 35 Scripturam
1183 1533 123 35 Sacram
1270 1533 99 35 quam
1332 1533 136 35 habemus
1430 1533 99 35 esse
1492 1533 99 35 vere
1554 1533 136 35 divinam
1653 1533 62 35 &
1677 1533 136 35 illorum
1764 1533 86 35 auto-

1046 1569 82 35 rum
1093 1569 117 35 quibus
1175 1569 188 35 adscribitur?
1328 1569 106 35 Trita
1398 1569 94 35 enim
1457 1569 94 35 fuit
1516 1569 94 35 olim
1574 1569 59 35 &
1598 1569 106 35 adhuc
1668 1569 82 35 est
1715 1569 106 35 hodie
1774 1569 70 35 can-

1057 1598 124 44 cilena:
1147 1598 90 44 Unde
1203 1598 90 44 scis
1259 1598 157 44 Scripturam
1383 1598 90 44 esse
1439 1598 135 44 divinam?
1540 1598 157 44 Evangelium
1664 1598 135 44 Matthaei
1754 1598 90 44 esste.

1047 1631 123 40 Matthaei-

1074 1658 76 43 Ea
1112 1658 126 43 primum
1200 1658 88 43 est
1251 1658 214 43 distinguenda,
1427 1658 126 43 deinde
1515 1658 113 43 demum
1578 1658 139 43 solvenda.

1077 1686 145 55 QUaeSTIO
1186 1686 97 55 Unde
1246 1686 97 55 seis
1306 1686 169 55 Scripturam
1439 1686 121 55 Sacram
1524 1686 97 55 esse
1584 1686 97 55 vere
1645 1686 145 55 divinam?
1753 1686 85 55 pro
1790 1686 60 55 di-

1060 1729 95 37 perso
1124 1729 148 37 quaerentis
1240 1729 116 37 affectu
1325 1729 53 37 &
1346 1729 85 37 sine
1399 1729 116 37 diversa
1483 1729 85 37 est.
1536 1729 74 37 Est
1579 1729 85 37 enim
1631 1729 127 37 quaestio
1716 1729 127 37 incredult.

1041 1760 117 38 tatis,
1123 1760 117 38 quando
1205 1760 128 38 movetur
1298 1760 70 38 ab
1333 1760 70 38 eo
1368 1760 82 38 qui
1415 1760 175 38 simpliciter
1555 1760 105 38 negat
1625 1760 58 38 &
1649 1760 117 38 tollit
1719 1760 140 38 divinitate

1052 1792 168 36 scripturae:
1186 1792 78 36 est
1231 1792 56 36 &
1253 1792 123 36 questio
1342 1792 201 36 perversitatis,
1510 1792 112 36 quando
1588 1792 123 36 movetur
1677 1792 67 36 ab
1711 1792 67 36 eo
1744 1792 78 36 qui
1778 1792 78 36 divi-

1045 1827 129 34 nitatem
1139 1827 164 34 Scripturae
1267 1827 105 34 negat
1338 1827 140 34 secundum
1443 1827 105 34 quid,
1513 1827 82 34 hoc
1560 1827 94 34 est,
1618 1827 152 34 suspendit
1735 1827 70 34 ab
1758 1827 94 34 Eccle-

1043 1866 86 39 siae
1097 1866 139 39 arbitrio:
1204 1866 75 39 est
1246 1866 118 39 denique
1332 1866 128 39 quaestio
1428 1866 171 39 docilitatis,
1567 1866 107 39 quando
1642 1866 182 39 investigantur
1781 1866 75 39 argu

1048 1926 153 34 certiores
1166 1926 106 34 simus
1237 1926 165 34 Scripturam
1367 1926 94 34 vere
1426 1926 94 34 esse
1484 1926 130 34 divinam
1579 1926 59 34 &
1602 1926 177 34 fanaticorum
1744 1926 83 34 ora
1779 1926 71 34 for-

1047 1962 95 33 tius
1107 1962 166 33 obturemus.
1237 1962 107 33 Primo
1308 1962 107 33 sensu
1380 1962 143 33 quaestio
1487 1962 95 33 haec
1546 1962 95 33 fuit
1605 1962 95 33 olim
1665 1962 190 33 Manichaeorum
1807 1962 36 33 &

1041 1990 115 35 hodie
1118 1990 89 35 est
1169 1990 192 35 fanaticorum
1322 1990 179 35 Scripturam
1463 1990 128 35 Sacram
1552 1990 89 35 Dei
1603 1990 128 35 Verbum
1693 1990 102 35 esse
1744 1990 102 35 negan-

1042 2025 104 41 tium.
1112 2025 128 41 Secundo
1205 2025 104 41 sensu
1274 2025 81 41 est
1321 2025 174 41 Papistarum,
1460 2025 81 41 qui
1507 2025 174 41 divinitatem
1646 2025 162 41 Scripturae
1762 2025 81 41 subji

1056 2090 93 39 vere
1114 2090 150 39 fidelium,
1230 2090 127 39 erudiri
1322 2090 81 39 vel
1369 2090 127 39 erudire
1461 2090 104 39 alios
1531 2090 116 39 sancte
1612 2090 174 39 cupientium.
1750 2090 104 39 Primo
1808 2090 35 39 &

1050 2122 146 34 secundo
1156 2122 119 34 sensu
1235 2122 146 34 tanquam
1341 2122 119 34 impia
1420 2122 66 34 &
1447 2122 146 34 curiosa
1553 2122 172 34 damnatur:
1672 2122 172 34 quemadmodum

1050 2154 181 37 AUGUSTINUS
1192 2154 103 37 tomo
1257 2154 129 37 primo,
1347 2154 116 37 libro
1424 2154 116 37 sexto
1502 2154 219 37 Confessionum,
1682 2154 129 37 capite
1760 2154 77 37 quin

1044 2188 69 33 to
1078 2188 80 33 ait
1124 2188 69 33 ad
1158 2188 103 33 Deum;
1227 2188 172 33 Persuasisti
1364 2188 103 33 mihi,
1433 2188 80 33 non
1479 2188 80 33 qui
1524 2188 149 33 crederent
1639 2188 114 33 libris
1719 2188 103 33 tuis,
1776 2188 69 33 quos

1052 2224 101 35 tanta
1119 2224 67 35 in
1153 2224 124 35 omnibus
1243 2224 90 35 fere
1299 2224 135 35 gentibus
1400 2224 157 35 autoritate
1524 2224 146 35 fundasti,
1636 2224 79 35 sed
1681 2224 79 35 qui
1726 2224 79 35 non
1760 2224 90 35 crede-

1050 2260 87 32 rent
1105 2260 87 32 esse
1159 2260 152 32 culpandos,
1279 2260 76 32 nec
1322 2260 142 32 audiendos
1431 2260 98 32 esse,
1496 2260 65 32 si
1529 2260 76 32 qui
1573 2260 98 32 forte
1638 2260 87 32 mihi
1692 2260 142 32 dicerent;
1790 2260 44 32 Un

1046 2511 79 44 haec
1086 2511 59 44 est?

1054 2289 115 34 DESCIS
1134 2289 103 34 illos
1203 2289 115 34 libros
1283 2289 103 34 unius
1352 2289 92 34 veri
1410 2289 57 34 &
1433 2289 172 34 veracissimi
1570 2289 80 34 Dei
1616 2289 126 34 Spiritu
1708 2289 92 34 esse
1754 2289 92 34 humano

1044 2324 118 42 generi
1127 2324 188 42 ministratos?
1279 2324 71 42 Id
1315 2324 106 42 ipsum
1385 2324 94 42 enim
1444 2324 118 42 maxime
1526 2324 153 42 credendum
1644 2324 106 42 erat.

1087 2346 122 53 Tertio
1172 2346 110 53 autem
1245 2346 110 53 sensu
1318 2346 146 53 quaestio
1428 2346 98 53 haec
1489 2346 85 53 non
1538 2346 171 53 improbatur
1672 2346 61 53 &
1696 2346 73 53 ex
1721 2346 134 53 Scriptura

1044 2379 91 55 ipsa
1089 2379 136 55 explicatur

1087 2402 86 50 iam
1136 2402 98 50 vero
1197 2402 73 50 ut
1233 2402 147 50 quaestio
1344 2402 98 50 ipsa
1405 2402 159 50 solvatur,
1527 2402 171 50 orthodoxam
1661 2402 134 50 nostram
1747 2402 110 50 senten-

1047 2448 100 40 tiam
1109 2448 75 40 de
1146 2448 75 40 ea
1184 2448 162 40 proponam;
1309 2448 62 40 &
1334 2448 112 40 simul
1409 2448 150 40 Papistas
1509 2448 137 40 refellam.

1085 2477 170 54 Orthodoxa
1216 2477 170 54 sententia
1347 2477 79 54 de
1386 2477 131 54 divina
1478 2477 183 54 autoritate
1622 2477 131 54 Sacrae
1701 2477 157 54 Scripturae

1081 2534 122 52 Sacram
1166 2534 171 52 Scripturam
1301 2534 86 52 tum
1350 2534 73 52 in
1387 2534 147 52 generali
1497 2534 86 52 tum
1546 2534 73 52 in
1583 2534 184 52 particulari
1730 2534 98 52 esse
1779 2534 73 52 vere

1052 2578 131 42 divinam
1147 2578 107 42 nobis
1219 2578 107 42 hodie
1290 2578 143 42 constat,
1397 2578 83 42 tum
1445 2578 71 42 ex
1481 2578 179 42 testimoniis
1624 2578 60 42 &
1648 2578 167 42 rationibus
1767 2578 83 42 divi-

1050 2610 82 56 nis
1097 2610 129 56 tanquam
1191 2610 105 56 veris
1261 2610 164 56 xρilnρiois
1389 2610 82 56 seu
1436 2610 117 56 normis
1518 2610 164 56 judicandi,
1647 2610 70 56 an
1682 2610 152 56 Scriptura
1787 2610 70 56 sit.

1059 2646 130 42 divina:
1154 2646 83 42 tum
1201 2646 71 42 ex
1237 2646 178 42 testimeniis
1367 2646 119 42 humanis.

1088 2677 179 40 Testimonia
1229 2677 128 40 divina
1318 2677 141 40 tanquam
1420 2677 166 40 praecipua
1548 2677 153 40 nρίίήρια
1663 2677 102 40 sunt
1727 2677 102 40 duo,
1778 2677 77 40 unum

1047 2710 160 42 externum,
1170 2710 136 42 alterum
1269 2710 160 42 internum:
1392 2710 111 42 Illud
1466 2710 160 42 procedit,
1590 2710 86 42 hoc
1639 2710 148 42 sequitur
1750 2710 74 42 in
1775 2710 86 42 nobis

1047 2743 127 44 ordinarie

1088 2775 188 45 Testimonium
1239 2775 138 45 divinum
1340 2775 163 45 externum,
1465 2775 88 45 est
1515 2775 163 45 ipsiusmet
1641 2775 176 45 Scripturae
1779 2775 75 45 de
1804 2775 63 45 se-

1069 2810 84 37 psa
1117 2810 156 37 testantis
1237 2810 96 37 quod
1297 2810 84 37 sit
1345 2810 132 37 divina.
1441 2810 96 37 Quod
1501 2810 180 37 testimonium
1645 2810 168 37 Scripturae
1777 2810 72 37 de
1801 2810 60 37 se-

1055 2841 104 36 ipsa
1120 2841 91 36 est
1172 2841 117 36 summe
1250 2841 143 36 idoneum
1354 2841 65 36 &
1380 2841 104 36 omni
1445 2841 182 36 exceptione
1587 2841 130 36 majus,
1678 2841 104 36 quum
1743 2841 91 36 sit
1782 2841 78 36 vos-

1056 2874 101 41 Dei:
1119 2874 88 41 nam
1170 2874 151 41 quicquid
1283 2874 163 41 Scriptura
1408 2874 126 41 dicit,
1496 2874 101 41 Deus
1559 2874 126 41 dicit:
1647 2874 101 41 Deus
1710 2874 113 41 autem
1773 2874 88 41 omni-

1069 2909 81 40 bus
1115 2909 104 40 modis
1184 2909 127 40 idoneus
1276 2909 81 40 est
1322 2909 69 40 de
1356 2909 115 40 seipso
1437 2909 115 40 suoque
1517 2909 104 40 verbo
1586 2909 127 40 testis.
1678 2909 92 40 Hinc
1736 2909 115 40 toties
1805 2909 58 40 res

1060 2940 125 49 petitur
1150 2940 68 49 ut
1185 2940 114 49 libiis
1264 2940 114 49 Mosis,
1343 2940 102 49 Dinit
1412 2940 125 49 Iehova;
1502 2940 68 49 in
1536 2940 114 49 libris
1616 2940 91 49 item
1673 2940 182 49 Propheticis,
1809 2940 68 49 Sic-

1059 2981 83 33 ait
1106 2981 130 33 Iehova.
1201 2981 71 33 In
1236 2981 177 33 Evangelicis
1378 2981 94 33 vero
1437 2981 130 33 libris;
1531 2981 106 33 Iesus
1602 2981 118 33 dixit.
1684 2981 118 33 Paulus
1755 2981 118 33 scribens

1059 3013 126 36 verbum
1148 3013 88 36 Dei
1198 3013 152 36 Christum
1312 3013 76 36 in
1350 3013 76 36 se
1388 3013 114 36 loqui
1464 3013 164 36 affirmat.
1590 3013 76 36 2.
1628 3013 101 36 Cor.
1691 3013 88 36 13.
1742 3013 76 36 3.
1767 3013 101 36 Quando

1069 3041 117 48 quidem
1151 3041 187 48 experimeneum
1303 3041 152 48 quaeritis
1419 3041 152 48 loquentis
1536 3041 70 48 in
1571 3041 70 48 me
1606 3041 140 48 Christi.
1711 3041 70 48 De
1746 3041 93 48 tota
1792 3041 82 48 Scri-

1065 3073 104 50 ptura
1135 3073 127 50 Veteris
1228 3073 162 50 Testamenti
1355 3073 116 50 Petrus
1436 3073 93 50 ait,
1494 3073 69 50 2.
1529 3073 93 50 Pet.
1587 3073 69 50 1.
1621 3073 69 50 v.
1656 3073 81 50 20.
1702 3073 81 50 21.
1749 3073 104 50 Illud
1807 3073 69 50 pri-

1069 3107 90 38 inum
1125 3107 158 38 noveritis,
1249 3107 113 38 nullam
1328 3107 158 38 Prophetiam
1452 3107 158 38 Scripturae
1576 3107 90 38 esse
1633 3107 135 38 propriae
1734 3107 169 38 explicatio¬

1063 3138 86 45 nis.
1117 3138 76 45 Non
1160 3138 86 45 enim
1214 3138 108 45 libitu
1290 3138 119 45 hominis
1376 3138 108 45 allata
1452 3138 76 45 est
1495 3138 86 45 olim
1549 3138 151 45 prophetia,
1668 3138 76 45 sed
1711 3138 86 45 acti
1765 3138 54 45 a
1776 3138 97 45 Spiritu

1065 3173 120 41 Sancto
1149 3173 132 41 loquuti
1245 3173 96 41 sunt
1305 3173 120 41 sancti
1389 3173 84 41 Dei
1437 3173 144 41 homines.
1546 3173 72 41 De
1582 3173 156 41 epistolis
1702 3173 108 41 Pauli
1774 3173 96 41 idem
1822 3173 60 41 ait

1069 3210 97 47 eadem
1134 3210 141 47 epistolam
1242 3210 86 47 cap.
1296 3210 65 47 3.
1329 3210 76 47 15.
1372 3210 97 47 Sicut
1437 3210 54 47 &
1458 3210 130 47 dilectus
1556 3210 108 47 frater
1631 3210 108 47 noster
1707 3210 108 47 Paulus
1783 3210 76 47 pro
1815 3210 65 47 sibi
