2063 3371
202 165 95 66 fios,
266 165 74 66 sed
308 165 64 66 ex
340 165 74 66 sua
383 165 170 66 misericordia
521 165 127 66 servavit
616 165 85 66 nos.
669 165 74 66 Sin
711 165 85 66 vero
764 165 64 66 ex
796 165 117 66 meritis
881 165 117 66 nostris
955 165 64 66 ser-

194 225 124 40 vamur:
280 225 87 40 non
330 225 124 40 igitur
417 225 74 40 ex
441 225 174 40 misericordia

237 253 108 43 Contra
313 253 161 43 Bellarminus
442 253 108 43 tertio
517 253 86 43 tomo
571 253 97 43 libro
635 253 65 43 5.
667 253 65 43 de
700 253 194 43 Iustificatione
861 253 86 43 cap.
915 253 65 43 5.
936 253 54 43 duo

199 284 126 47 excipit
290 284 69 47 ad
324 284 114 47 dictum
404 284 103 47 Pauli
473 284 80 47 jam
519 284 160 47 allegatum.
644 284 103 47 Primo
713 284 160 47 Aposteluam
838 284 103 47 loqui
907 284 69 47 de
930 284 57 47 sa-

201 319 84 39 lute
254 319 137 39 inchoata,
359 319 84 39 quae
412 319 116 39 habetur
496 319 63 39 in
528 319 74 39 hac
570 319 84 39 vita
623 319 74 39 per
665 319 116 39 gratiam
749 319 200 39 justificationis
918 319 53 39 &
928 319 53 39 re-

196 356 168 41 generationis,
334 356 69 41 non
374 356 59 41 de
403 356 99 41 salute
473 356 128 41 perfecta,
571 356 79 41 quae
621 356 118 41 reposita
710 356 69 41 est
749 356 89 41 nobis
808 356 59 41 in
838 356 109 41 coelis:
907 356 79 41 aitque

207 391 88 36 quod
262 391 77 36 non
306 391 165 36 contendant,
439 391 121 36 salutem
527 391 154 36 inchoatam,
648 391 77 36 hoc
692 391 88 36 est,
747 391 210 36 justificationem
913 391 77 36 habe-

196 415 69 37 ri
230 415 80 37 per
276 415 126 37 merita,
367 415 80 37 sed
413 415 114 37 gratis
493 415 80 37 eam
539 415 114 37 donari
619 415 160 37 gratissime
744 415 194 37 confiteantur.
893 415 103 37 Secuudo

203 452 125 36 excipit
293 452 147 36 Apostolum
407 452 102 36 loqui
475 452 68 36 de
509 452 136 36 justitia
611 452 57 36 &
634 452 147 36 operibus,
747 452 91 36 quae
804 452 102 36 fidem
872 452 57 36 &
883 452 102 36 gratiam

204 480 76 42 Dei
248 480 163 42 praecedunt,
378 480 76 42 nam
421 480 87 42 ideo
476 480 87 42 illa
530 480 98 42 fidei
595 480 54 42 &
617 480 119 42 gratiae
704 480 119 42 opponi:
791 480 54 42 &
812 480 152 42 profitetur
932 480 87 42 quod

205 515 95 38 istam
269 515 138 38 justitiam
375 515 53 38 &
396 515 95 38 opera
459 515 85 38 ipsi
512 515 106 38 quoque
586 515 159 38 despiciant,
713 515 53 38 &
734 515 106 38 merita
808 515 95 38 vitae
872 515 127 38 aeternae
967 515 74 38 non

201 542 92 54 esse
246 542 138 54 concedant.

228 555 122 64 RESP.
310 555 109 64 Quod
378 555 81 64 ad
418 555 136 64 primam
513 555 203 64 exceptionem
676 555 163 64 attinet,
798 555 95 64 duo
852 555 109 64 sunt
907 555 81 64 ejus

194 610 126 39 grandia
285 610 114 39 vitia.
365 610 103 39 Primo
434 610 91 39 enim
491 610 114 39 falsum
571 610 91 39 est,
628 610 114 39 Paulum
708 610 103 39 loqui
776 610 137 39 duntaxat
879 610 69 39 de
902 610 80 39 salu-

208 648 65 31 te
241 648 130 31 inchoata
338 648 87 31 quae
392 648 119 31 habetur
479 648 65 31 in
512 648 76 31 hac
555 648 87 31 vita
609 648 76 31 per
653 648 119 31 gratiam
739 648 206 31 justificationis
913 648 54 31 &
924 648 54 31 re-

200 677 188 42 generationis,
355 677 78 42 non
399 677 100 42 etiam
466 677 67 42 de
499 677 111 42 salute
577 677 144 42 perfecta,
688 677 89 42 quae
743 677 133 42 reposita
843 677 78 42 est
887 677 100 42 nobis
943 677 44 42 in

203 713 128 38 coelis.
296 713 81 38 Nam
343 713 105 38 salus
413 713 105 38 unica
482 713 81 38 est
529 713 128 38 numero,
622 713 81 38 non
668 713 163 38 multiplex,
796 713 93 38 etsi
843 713 139 38 principium

194 739 117 36 habeat
276 739 70 36 in
312 739 82 36 hac
359 739 94 36 vita
417 739 188 36 complementum
570 739 106 36 autem
640 739 82 36 sit
687 739 141 36 habitura
793 739 70 36 in
828 739 117 36 futura
899 739 82 36 vita-

196 769 74 37 non
239 769 106 37 igitur
313 769 74 37 est
355 769 95 37 causa
419 769 85 37 alia
472 769 148 37 inchoatae,
588 769 85 37 alia
641 769 138 37 completae
747 769 127 37 salutis,
842 769 74 37 sed
884 769 74 37 una
927 769 53 37 &
937 769 53 37 ea-

202 803 92 37 dem.
259 803 172 37 Impossipile
397 803 92 37 enim
454 803 80 37 est
500 803 80 37 rei
546 803 103 37 unius
614 803 115 37 numero
695 803 92 37 esse
752 803 92 37 duas
809 803 115 37 causas
878 803 115 37 adversas

197 828 65 43 &
223 828 78 43 se
262 828 117 43 mutuo
340 828 207 43 destruentes.
508 828 117 43 Quid?
586 828 104 43 quod
650 828 155 43 repugnat
767 828 155 43 exceptio
871 828 155 43 Bellarmini

204 868 102 38 Paulo
272 868 136 38 docenti,
373 868 102 38 vitam
441 868 136 38 aeternam
543 868 90 38 esse
600 868 102 38 donum
667 868 90 38 Dei,
724 868 113 38 Roman.
803 868 68 38 6.
837 868 68 38 v.
871 868 79 38 23.
905 868 79 38 repus

213 905 98 38 gnat
274 905 135 38 Christo
372 905 147 38 docenti,
482 905 122 38 regnum
568 905 135 38 paratum
666 905 61 38 a
690 905 110 38 jacto
763 905 110 38 mundi
825 905 171 38 fundamento,;

206 938 198 37 haereditatis
366 938 99 37 jure
428 938 198 37 possidendum,
589 938 124 37 Matth.
676 938 87 37 25.
725 938 87 37 34?
774 938 87 37 Tum
824 938 74 37 si
849 938 148 37 principium

200 966 150 33 duntaxat
312 966 199 33 adscribendum
474 966 87 33 est
524 966 212 33 misericordiae
698 966 100 33 Dei,
761 966 199 33 complementum
910 966 75 33 vero

200 995 122 41 salutis
289 995 122 41 nostris
378 995 134 41 meritis,
478 995 100 41 major
545 995 89 41 laus
601 995 145 41 tribuetur
712 995 122 41 nostris
801 995 122 41 meritis
890 995 89 41 quam
934 995 56 41 mi-

206 1029 152 38 sericordiae
328 1029 122 38 divinae.
419 1029 132 38 Praeterea
521 1029 132 38 dissentit
622 1029 152 38 Bellarminus
744 1029 61 38 in
775 1029 91 38 dicti
836 1029 102 38 istius
897 1029 81 38 inter-

218 1066 153 38 retatione
336 1066 70 38 ab
371 1066 106 38 aliis
441 1066 211 38 interpretibus,
617 1066 94 38 quos
676 1066 117 38 Romana
758 1066 141 38 Ecclesia
864 1066 153 38 approbat.

205 1092 90 39 Nam
257 1092 155 39 Nicolaus
373 1092 142 39 Lyranus
476 1092 103 39 hunc
540 1092 116 39 Pauli
617 1092 116 39 locum
695 1092 90 39 non
746 1092 77 39 de
785 1092 155 39 inchoata
888 1092 103 39 solum-

208 1134 94 32 modo,
270 1134 73 32 sed
312 1134 63 32 de
343 1134 83 32 tota
395 1134 104 32 salute
468 1134 125 32 accipit.
562 1134 94 32 Salus
625 1134 115 32 aeterna
708 1134 83 32 (ait
760 1134 115 32 Lyranus
843 1134 63 32 in
875 1134 73 32 sua
906 1134 73 32 expo-

202 1148 132 51 sitione)
301 1148 121 51 excedit
389 1148 143 51 totaliter
499 1148 154 51 facultatem
621 1148 121 51 naturae
709 1148 132 51 humanae:
808 1148 121 51 propter
896 1148 88 51 quod
951 1148 77 51 non
984 1148 33 51 I

197 1192 107 39 potest
272 1192 75 39 eam
315 1192 150 39 attingere,
433 1192 86 39 nisi
487 1192 64 39 ex
519 1192 139 39 largitate
626 1192 118 39 divinae
711 1192 193 39 misericordiae.
872 1192 107 39 Thomas
936 1192 54 39 ve-

194 1222 69 37 ro
228 1222 126 37 Aquinas
319 1222 69 37 in
354 1222 183 37 explanatione
502 1222 103 37 hujus
571 1222 92 37 loci
628 1222 80 37 sic
674 1222 137 37 scribit:
777 1222 80 37 Cum
823 1222 149 37 Apostolus
926 1222 57 37 di-

198 1250 88 40 cit,
253 1250 77 40 non
297 1250 66 40 ex
330 1250 142 40 operibus,
439 1250 77 40 &c.
483 1250 99 40 ponit
549 1250 131 40 rationem
647 1250 142 40 salvandi:
757 1250 66 40 Et
790 1250 99 40 primo
845 1250 142 40 excluditus.

198 1285 96 42 ratio
262 1285 149 42 praesumta:
380 1285 117 42 secundo
465 1285 149 42 ostenditur
582 1285 96 42 ratio
646 1285 96 42 vera.
710 1285 96 42 Ratio
774 1285 139 42 praesumta
880 1285 85 42 est,
923 1285 64 42 quod

204 1316 119 42 propter
291 1316 108 42 merita
367 1316 108 42 nostra
442 1316 97 42 simus
507 1316 130 42 salvati,
605 1316 87 42 quod
659 1316 130 42 excludit
757 1316 76 42 cum
800 1316 108 42 dicit:
876 1316 76 42 non
919 1316 65 42 ex
941 1316 43 42 o-

213 1349 133 42 peribus,
312 1349 77 42 &c.
357 1349 110 42 Roman.
434 1349 77 42 11.
478 1349 144 42 Reliquiae
588 1349 133 42 secundum
688 1349 155 42 electionem
809 1349 121 42 gratiae
898 1349 77 42 Dei
931 1349 66 42 sal-

208 1380 71 41 vae
248 1380 102 41 factae
320 1380 91 41 sunt.
380 1380 132 41 Deuteron.
482 1380 61 41 9,
513 1380 71 41 non
553 1380 112 41 propter
634 1380 132 41 justitias
736 1380 81 41 tuas
787 1380 51 41 &
807 1380 142 41 aequitates
909 1380 91 41 cordis.

195 1413 74 38 tui
238 1413 168 38 ingredieris,
374 1413 63 38 ut
406 1413 137 38 possideas
511 1413 105 38 terram
584 1413 105 38 eorum.
658 1413 74 38 Sed
700 1413 84 38 vera
753 1413 95 38 ratio
816 1413 74 38 est
858 1413 84 38 sola
900 1413 84 38 misera

195 1444 80 41 tio
240 1444 91 41 Dei.
297 1444 91 41 Unde
354 1444 114 41 dicit,
434 1444 80 41 sed
480 1444 137 41 secundum
583 1444 91 41 suam
640 1444 206 41 misericordiam,
811 1444 126 41 Thren.3
891 1444 103 41 Miseri-

195 1476 122 41 cordiae
284 1476 122 41 Domini,
372 1476 89 41 quod
428 1476 78 41 non
472 1476 100 41 sumus
539 1476 144 41 consumti.
649 1476 89 41 Luc.
705 1476 67 41 1.
738 1476 67 41 Et
771 1476 177 41 misericordia
915 1476 89 41 ejus
960 1476 33 41 a

204 1510 133 41 progenie
304 1510 66 41 in
337 1510 155 41 progeniem.
459 1510 78 41 Sic
503 1510 100 41 prima
569 1510 133 41 exceptio
669 1510 155 41 Bellarmini
791 1510 133 41 repugnat
890 1510 122 41 expres

197 1542 81 42 sae
244 1542 173 42 Scripturae,
382 1542 138 42 repugnat
486 1542 161 42 rationibus
613 1542 69 42 ex
647 1542 150 42 Scriptura
762 1542 161 42 depromtis,
878 1542 115 42 repugnat

193 1577 173 33 sententiae
329 1577 185 33 magistrorum
477 1577 62 33 &
502 1577 148 33 sociorum
613 1577 136 33 ipsius.
712 1577 124 33 Deinde
799 1577 99 33 quod
860 1577 124 33 primae
935 1577 49 33 ex

195 1608 133 36 ceptioni
295 1608 144 36 adjungit,
406 1608 67 36 se
439 1608 78 36 non
483 1608 166 36 contendere,
617 1608 122 36 salutem
705 1608 155 36 inchoatam,
828 1608 67 36 id
861 1608 89 36 est,
905 1608 89 36 justi-

197 1642 172 38 ficationem
332 1642 123 38 haberi
417 1642 86 38 per
466 1642 135 38 merita:
564 1642 74 38 in
601 1642 74 38 eo
638 1642 61 38 a
662 1642 135 38 Romanae
760 1642 159 38 Ecclesiae
871 1642 123 38 doctrina

194 1676 118 36 aperte
277 1676 154 36 discedit.
395 1676 95 36 Quid
454 1676 95 36 enim
513 1676 106 36 aliud
584 1676 142 36 Papistae
691 1676 118 36 semper
773 1676 201 36 contenderunt,
927 1676 71 36 quam

203 1708 129 45 propter
297 1708 117 45 merita
379 1708 82 45 sua
426 1708 129 45 hominem
520 1708 106 45 coram
591 1708 82 45 Deo
638 1708 188 45 justificari?
790 1708 70 45 id
826 1708 117 45 lippis
908 1708 59 45 &
920 1708 70 45 ton-

200 1738 129 38 soribus
294 1738 106 38 notum
353 1738 70 38 est,

236 1768 97 43 Quod
297 1768 73 43 ad
333 1768 146 43 secundam
442 1768 182 43 exceptionem
588 1768 146 43 attinet,
697 1768 121 43 gravia
782 1768 121 43 itidem
867 1768 97 43 sunt
915 1768 73 43 ejus

209 1801 136 41 peccata.
311 1801 102 41 Primo
379 1801 91 41 enim
436 1801 114 41 falsum
516 1801 91 41 est,
572 1801 148 41 Apostolum
686 1801 102 41 loqui
754 1801 68 41 de
788 1801 136 41 justitia
891 1801 57 41 &
902 1801 91 41 operi-

209 1839 84 32 bus
257 1839 97 32 quae
318 1839 109 32 fidem
390 1839 60 32 &
414 1839 133 32 gratiam
511 1839 84 32 Dei
559 1839 181 32 praecedunt:
704 1839 84 32 nam
752 1839 97 32 illa
812 1839 84 32 non
860 1839 97 32 sunt
909 1839 72 32 bona

206 1865 123 37 opera,
292 1865 86 37 sed
341 1865 111 37 omnia
415 1865 86 37 non
464 1865 160 37 renatorum
587 1865 111 37 opera
661 1865 98 37 sunt
722 1865 135 37 peccata
821 1865 62 37 &
845 1865 86 37 Deo
882 1865 111 37 displi-

207 1894 96 45 cent;
271 1894 85 45 quia
325 1894 128 45 quicquid
420 1894 64 45 ex
452 1894 85 45 fide
506 1894 75 45 non
548 1894 85 45 est,
602 1894 128 45 peccatum
698 1894 85 45 est,
751 1894 85 45 Rom.
804 1894 75 45 14.
847 1894 64 45 v.
879 1894 75 45 23.
911 1894 85 45 Fieri-

193 1927 82 34 non
240 1927 117 34 potest
322 1927 70 34 ut
357 1927 93 34 sine
415 1927 93 34 fide
473 1927 140 34 quisquam
578 1927 82 34 Deo
625 1927 140 34 placeat,
730 1927 93 34 Hebr
789 1927 82 34 11.
835 1927 105 34 vers.
905 1927 70 34 6.
929 1927 58 34 Hoc

202 1960 113 42 ipsum
278 1960 150 42 Origenes
391 1960 125 42 docuit
478 1960 75 42 in
516 1960 201 42 commentariis
679 1960 75 42 in
717 1960 163 42 epistolam
842 1960 75 42 ad
867 1960 113 42 Romanos

203 1999 94 35 subi
262 1999 105 35 opera
332 1999 164 35 infidelium
461 1999 70 35 ut
496 1999 105 35 impia
566 1999 58 35 &
589 1999 82 35 Deo
636 1999 187 35 displicentia
788 1999 129 35 damnat,
882 1999 58 35 &
905 1999 70 35 ad
929 1999 58 35 eam

199 2024 74 42 rem
242 2024 116 42 allegat
326 2024 95 42 Psal.
390 2024 85 42 109.
443 2024 169 42 testimonium,
581 2024 74 42 ubi
623 2024 116 42 dicitur
708 2024 95 42 vers.
771 2024 64 42 6.
803 2024 106 42 Oratio
877 2024 85 42 ejus
919 2024 64 42 fia-

201 2059 67 39 in
234 2059 145 39 peccatum.
346 2059 134 39 Anselmus
446 2059 134 39 Cantuar:
546 2059 100 39 ensis
613 2059 200 39 Archiepiscopus
780 2059 67 39 ad
813 2059 100 39 caput
880 2059 78 39 14.
913 2059 67 39 epi-

200 2092 113 36 stolae
279 2092 135 36 Paulinae
380 2092 68 36 ad
414 2092 124 36 Romanos
504 2092 79 36 sic
549 2092 146 36 scripsit:
661 2092 101 36 Omnis
729 2092 158 36 infidelium
853 2092 90 36 vita
898 2092 90 36 pecca-

201 2123 73 34 tum
242 2123 84 34 est,
295 2123 126 34 nihilque
389 2123 94 34 bonum
452 2123 73 34 est
494 2123 84 34 sine
546 2123 105 34 sunmmo
619 2123 94 34 bono.
682 2123 73 34 Ubi
724 2123 84 34 enim
776 2123 94 34 deest
839 2123 115 34 agnitio
912 2123 63 34 ater

198 2151 73 39 nae
239 2151 52 39 &
260 2151 188 39 incommutabilis
417 2151 146 39 veritatis,
532 2151 94 39 falsa
595 2151 104 39 virtus
668 2151 84 39 est,
720 2151 94 39 etiam
783 2151 63 39 in
814 2151 115 39 optimis
887 2151 94 39 moribus

213 2186 92 41 Quin
271 2186 104 41 etiam
340 2186 161 41 adversatur
467 2186 161 41 Bellarmino
593 2186 115 41 Glossa
674 2186 150 41 ordinatia
789 2186 196 41 interlinearis
939 2186 46 41 in

206 2218 92 41 hunc
264 2218 104 41 Pauli
334 2218 116 41 locum:
414 2218 81 41 Nam
461 2218 69 41 ad
495 2218 92 41 illa
553 2218 116 41 verba,
634 2218 81 41 Non
680 2218 69 41 ex
715 2218 139 41 operibus
819 2218 150 41 justitiae
923 2218 69 41 quae

200 2256 128 44 fecimus
293 2256 93 44 nos,
351 2256 105 44 addit
421 2256 128 44 Glossa,
514 2256 128 44 quoniam
607 2256 105 44 nulla
677 2256 93 44 bona
735 2256 151 44 feceramus
839 2256 70 44 nos.

230 2280 135 48 Secundum
331 2280 135 48 peccatum
432 2280 169 48 exceptionis
567 2280 135 48 secundae
668 2280 90 48 est,
724 2280 90 48 quod
780 2280 79 48 ait
825 2280 157 48 Bellarmin.
938 2280 56 48 ju-

204 2323 129 42 stitiam
298 2323 106 42 illam
368 2323 59 42 &
392 2323 106 42 opera
462 2323 94 42 quae
521 2323 106 42 fidem
591 2323 59 42 &
615 2323 129 42 gratiam
709 2323 164 42 praecedunt
838 2323 70 42 ab
861 2323 129 42 Apostolo-

201 2355 137 39 excludi:
303 2355 91 39 quia
361 2355 91 39 ideo
418 2355 103 39 fidei
486 2355 57 39 &
509 2355 126 39 gratiae
601 2355 171 39 opponuntur.
738 2355 103 39 Atqui
806 2355 103 39 nulla
863 2355 126 39 justitia,

208 2385 103 37 nulla
276 2385 103 37 opera
345 2385 91 37 bona
402 2385 91 37 sunt
459 2385 91 37 ante
516 2385 103 37 fidem
584 2385 57 37 &
607 2385 137 37 gratiam,
710 2385 69 37 ut
744 2385 69 37 ex
778 2385 103 37 paulo
847 2385 91 37 ante
893 2385 91 37 dictis

204 2419 132 48 liquet:
300 2419 96 48 Ergo
360 2419 108 48 etiam
432 2419 108 48 fidei
504 2419 60 48 &
528 2419 132 48 gratiae
625 2419 84 48 non
673 2419 180 48 opponuntur.
817 2419 96 48 Quod
877 2419 84 48 non
913 2419 72 48 est,

207 2454 102 44 mulli
275 2454 113 44 opponi
342 2454 102 44 potest.

234 2477 122 42 Tertium
323 2477 167 42 exceptionis
456 2477 133 42 secundae
556 2477 133 42 peccatum
656 2477 89 42 est,
712 2477 89 42 quod
768 2477 156 42 profitetur
879 2477 100 42 Bellar-

194 2521 120 36 minus,
278 2521 72 36 se
314 2521 120 36 quoque
398 2521 108 36 istam
470 2521 156 36 justitiam
590 2521 60 36 &
613 2521 108 36 opera
685 2521 96 36 quae
745 2521 108 36 fidem
817 2521 60 36 &
841 2521 132 36 gratiam
925 2521 60 36 an-

212 2543 138 46 recedunt
315 2543 161 46 despicere.
441 2543 103 46 Atqui
510 2543 103 46 alibi
579 2543 80 46 pro
625 2543 103 46 illis
694 2543 138 46 operibus
798 2543 126 46 pugnat,
890 2543 126 46 tanquam

207 2580 77 46 pro
251 2580 87 46 aris
305 2580 55 46 &
327 2580 109 46 focis,
404 2580 131 46 refutans
502 2580 77 46 nos
546 2580 77 46 qui
590 2580 131 46 docemus,
688 2580 98 46 omnia
754 2580 98 46 opera
819 2580 186 46 justificatio

212 2609 76 41 nem
256 2609 54 41 &
277 2609 195 41 regenerationem
440 2609 174 41 praecedentia
581 2609 87 41 esse
635 2609 130 41 peccata.
733 2609 76 41 Ita
776 2609 54 41 a
798 2609 108 41 seipso
874 2609 141 41 dissidet.

215 2644 92 38 Quin
273 2644 104 38 etiam
343 2644 139 38 discedit
447 2644 58 38 a
470 2644 127 38 quintae
562 2644 150 38 sessionis
678 2644 139 38 Concilii
782 2644 162 38 Tridentini
898 2644 92 38 Canone

206 2675 129 41 septimo,
303 2675 75 41 qui
346 2675 75 41 ita
389 2675 107 41 habet:
464 2675 64 41 Si
496 2675 86 41 quis
550 2675 129 41 dixerit,
646 2675 97 41 opera
711 2675 86 41 quae
765 2675 86 41 ante
807 2675 183 41 justificationem

209 2706 106 38 fiunt,
284 2706 138 38 quacunque
389 2706 116 38 ratione
474 2706 95 38 facta
538 2706 95 38 sunt,
601 2706 85 38 vere
654 2706 85 38 esse
707 2706 127 38 peccata,
802 2706 74 38 vel
845 2706 95 38 odium
908 2706 74 38 Dei
940 2706 53 38 me-

200 2739 104 45 reri,
270 2739 139 45 Anathema
374 2739 93 45 sit.
432 2739 81 45 Ita
478 2739 116 45 Patres
559 2739 116 45 Synodi
640 2739 139 45 Anathema
744 2739 116 45 dicunt
825 2739 81 45 ei,
871 2739 81 45 qui
906 2739 81 45 opera

207 2777 92 37 ante
264 2777 218 37 justificationem
447 2777 103 37 facta
516 2777 115 37 dicunt
596 2777 92 37 esse
654 2777 92 37 vere
711 2777 126 37 peccata
803 2777 57 37 &
826 2777 103 37 odium
894 2777 80 37 Dei
929 2777 57 37 me-

213 2803 99 39 reri.
279 2803 66 39 At
312 2803 165 39 Bellarminus
444 2803 99 39 dicit
510 2803 66 39 se
543 2803 77 39 cum
587 2803 77 39 suo
631 2803 143 39 sodalitio
741 2803 99 39 opera
807 2803 88 39 illa
851 2803 132 39 despicere.

219 2835 86 40 quae
273 2835 64 40 si
305 2835 86 40 bona
359 2835 97 40 sunt,
423 2835 118 40 viderit
509 2835 75 40 quo
552 2835 86 40 jure
606 2835 86 40 illa
659 2835 129 40 Jesuitae
756 2835 161 40 despiciant,
885 2835 54 40 &
895 2835 97 40 quomodo

213 2874 70 34 ab
248 2874 163 34 anathemate
376 2874 116 34 Synodi
457 2874 174 34 Tridentinae
597 2874 70 34 se
620 2874 128 34 liberent.

246 2893 146 45 Hactenus
355 2893 146 45 exceptio
465 2893 182 45 Bellarmini:
610 2893 158 45 Argumenta
732 2893 109 45 vero,
805 2893 121 45 quibus
890 2893 134 45 conatur

222 2934 147 39 probare,
332 2934 208 39 misericordiam
504 2934 86 39 Dei
553 2934 86 39 non
602 2934 123 39 touere
688 2934 123 39 merita
773 2934 123 39 operum
847 2934 147 39 humanorum,

207 2970 104 46 habet
276 2970 104 46 eodem
345 2970 92 46 lib.
402 2970 69 46 5.
437 2970 69 46 de
471 2970 207 46 Justificatione
644 2970 92 46 cap.
701 2970 69 46 5.
736 2970 69 46 Ea
770 2970 184 46 complectemur
908 2970 92 46 formis

205 2998 159 51 Syllogisticis

377 3036 371 55 PRIMVM

230 3093 136 46 Quicquid
332 3093 68 46 ex
366 3093 181 46 misericordia
513 3093 113 46 datur,
592 3093 102 46 illud
660 3093 193 46 misericordiam
819 3093 79 46 non
864 3093 113 46 tollit
932 3093 34 46 :

1055 189 118 47 Merita
1138 189 118 47 nostra
1220 189 71 47 ex
1255 189 188 47 misericordia
1408 189 82 47 Dei
1443 189 106 47 dartur:

1061 226 97 36 Ergo
1121 226 206 36 misericordiam
1291 226 85 36 Dei
1339 226 85 36 non
1375 226 109 36 tollunt

1062 251 136 58 Assumtio
1164 251 136 58 probatur
1266 251 68 58 ex
1300 251 102 58 105.,
1367 251 136 58 epistola
1458 251 136 58 Augustini.

1066 289 114 65 RESP.
1142 289 114 65 Primo
1218 289 177 65 propositio
1358 289 114 65 majer
1434 289 89 65 est
1485 289 152 65 ambigua.
1599 289 89 65 Nam
1650 289 76 65 si
1675 289 152 65 intelliga-

1024 332 85 49 tur
1072 332 97 49 quod
1133 332 97 49 dona
1193 332 85 49 Dei
1241 332 72 49 ex
1278 332 193 49 misericordia
1435 332 133 49 collata
1531 332 85 49 non
1579 332 133 49 tollant
1676 332 85 49 Dei
1712 332 109 49 miseri-

1035 365 130 53 cordiam;
1133 365 98 53 sicut
1198 365 130 53 effectum
1295 365 76 53 non
1339 365 108 53 tollit
1415 365 119 53 causam,
1502 365 87 53 vera
1556 365 87 53 est:
1610 365 65 53 at
1643 365 65 53 si
1675 365 174 53 intelligatur

1034 404 93 38 quod
1093 404 117 38 quando
1174 404 105 38 donis
1244 404 82 38 Dei
1291 404 151 38 tribuitur
1407 404 82 38 id,
1454 404 93 38 quod
1512 404 128 38 proprie
1605 404 82 38 est
1640 404 175 38 misericordiae

1041 425 88 58 Dei,
1096 425 98 58 quod,
1161 425 120 58 inquam,
1249 425 175 58 misericordia
1391 425 77 58 non
1435 425 142 58 tollatur,
1544 425 77 58 est
1588 425 109 58 falsa.
1665 425 88 58 Quia
1720 425 88 58 vero
1763 425 55 58 po-

1037 458 133 47 steriore
1136 458 100 47 sensu
1203 458 77 47 eam
1247 458 66 47 in
1280 458 77 47 hac
1324 458 177 47 disputatione
1468 458 122 47 necesse
1557 458 77 47 est
1601 458 122 47 accipi,
1689 458 88 47 (nam
1734 458 77 47 prio-

1028 498 68 42 ad
1062 498 80 42 rem
1107 498 80 42 non
1153 498 114 42 facit)
1232 498 91 42 ideo
1289 498 114 42 falsam
1369 498 91 42 esse
1426 498 193 42 propositionem
1585 498 159 42 asserimus.
1698 498 114 42 Secundi.

1030 532 146 41 assumtio
1140 532 171 41 ejusdemque
1274 532 146 41 probatio
1383 532 183 41 catechresin
1530 532 134 41 habent.
1627 532 85 41 Nam
1676 532 122 41 nostra
1749 532 61 41 bo-

1031 563 75 40 na
1068 563 112 40 opera
1143 563 162 40 improprie
1267 563 112 40 certe
1342 563 125 40 merita
1430 563 162 40 vocantur,
1554 563 125 40 quibus
1641 563 137 40 nimirum
1741 563 62 40 a
1754 563 62 40 Deo

1037 596 120 38 premia
1121 596 168 38 debeantur.
1253 596 144 38 Quicquid
1361 596 96 38 enim
1421 596 84 38 pro
1470 596 120 38 debito
1554 596 156 38 exigitur,
1674 596 132 38 meritum
1758 596 60 38 non

1028 630 99 41 est:
1090 630 149 41 quicquid
1201 630 112 41 autem
1276 630 136 41 bonorum
1375 630 124 41 operum
1461 630 149 41 facimus,
1573 630 74 41 id
1610 630 112 41 totum
1685 630 87 41 pro
1722 630 99 41 debito

1038 656 139 43 exigitur;
1145 656 96 43 teste
1210 656 118 43 Christo
1295 656 86 43 Luc.
1349 656 75 43 17.
1392 656 75 43 10.
1434 656 75 43 Cum
1477 656 139 43 feceritis
1584 656 96 43 omnia
1648 656 86 43 quae
1691 656 118 43 praecepto

1038 685 85 46 cunt
1092 685 107 46 vobis,
1166 685 117 46 dicite,
1252 685 96 46 servi
1316 685 128 46 inutiles
1412 685 107 46 sumus:
1487 685 75 46 nam
1529 685 85 46 quod
1583 685 128 46 debuimus
1679 685 117 46 facere;
1754 685 53 46 se-

1029 722 124 40 cimus:
1115 722 124 40 Nullum
1202 722 99 40 ergo
1264 722 124 40 operum
1351 722 161 40 gostrorum
1475 722 136 40 meritum
1574 722 99 40 est.
1636 722 99 40 Quod
1698 722 74 40 si
1722 722 87 40 nulla

1031 751 143 52 habeamus
1138 751 119 52 merita
1221 751 131 52 proprie
1316 751 154 52 loquendo,
1435 751 83 52 tum
1482 751 107 52 neque
1554 751 95 52 illa
1613 751 107 52 nobis
1684 751 71 52 ex
1708 751 107 52 miseri-

1028 780 116 48 cordia
1109 780 81 48 Dei
1144 780 104 48 dantur.

1051 826 68 44 Si
1085 826 169 44 replicetur,
1220 826 124 44 veteres
1310 826 113 44 Patres
1389 826 90 44 bona
1445 826 101 44 opera
1513 826 113 44 merita
1592 826 169 44 appellasse:
1716 826 101 44 Respon-

1042 852 88 60 leo,
1097 852 77 60 nec
1141 852 100 60 omnes
1208 852 111 60 Patres
1285 852 77 60 ita
1329 852 133 60 vocasse,
1429 852 77 60 nec
1473 852 66 60 eo
1506 852 100 60 sensu
1573 852 77 60 quo
1617 852 144 60 Papistae.
1716 852 100 60 Chryso-

1033 889 109 47 stomus
1109 889 87 47 enim
1164 889 120 47 homilia
1251 889 76 47 33.
1295 889 65 47 in
1328 889 120 47 Genesin
1415 889 76 47 sic
1459 889 131 47 scribit:
1557 889 109 47 Nestra
1633 889 65 47 si
1666 889 87 47 quae
1710 889 98 47 sequun-

1030 927 80 48 tur
1075 927 80 48 Dei
1121 927 149 48 gratuitam
1236 927 160 48 vocationem
1362 927 115 48 opera,
1442 927 160 48 retributio
1568 927 92 48 sunt
1626 927 57 48 &
1649 927 138 48 debitum.
1752 927 80 48 Qui

1028 960 90 41 vero
1084 960 67 41 ex
1118 960 135 41 Patribus
1219 960 112 41 meriti
1297 960 112 41 nomine
1376 960 79 41 usi
1421 960 101 41 sunt,
1488 960 135 41 officium
1589 960 202 41 intellexerunt:
1746 960 56 41 sic

1036 993 72 41 ut
1072 993 131 41 meritum
1167 993 131 41 Latinis
1263 993 83 41 est
1310 993 83 41 vel
1358 993 131 41 quodvis
1453 993 155 41 officium,
1573 993 95 41 quod
1632 993 95 41 alii
1680 993 155 41 praestatur,

1043 1023 185 44 quemadmodum
1191 1023 136 44 homines
1290 1023 99 44 alii
1352 1023 74 44 de
1389 1023 111 44 aliis
1463 1023 99 44 bene
1525 1023 124 44 mereri
1611 1023 161 44 dicuntur,
1723 1023 111 44 officia

1032 1055 99 50 grata
1098 1055 99 50 atque
1164 1055 110 50 utilia
1241 1055 99 50 illis
1307 1055 154 50 exhibendo:
1428 1055 77 50 vel
1472 1055 165 50 beneficium,
1604 1055 99 50 sicut
1670 1055 110 50 Cicero
1747 1055 110 50 loqui

1038 1091 84 43 tur
1086 1091 120 43 Epist.
1170 1091 72 43 2.
1206 1091 108 43 Tanta
1278 1091 156 43 magnitudo
1398 1091 84 43 est
1447 1091 120 43 tuorum
1531 1091 96 43 erga
1591 1091 72 43 me
1627 1091 168 43 meritorum,
1747 1091 60 43 hoc

1040 1114 91 52 est,
1097 1114 194 52 beneficiorum:
1256 1114 102 52 sicut
1324 1114 102 52 etiam
1393 1114 91 52 idem
1450 1114 114 52 Cicero
1529 1114 159 52 beneficium
1655 1114 57 52 a
1677 1114 91 52 diis
1723 1114 91 52 tribu-

1032 1149 78 41 tum
1077 1149 101 41 vocat
1144 1149 134 41 meritum:
1244 1149 179 41 Supplicatio,
1389 1149 123 41 inquit,
1479 1149 89 41 diis
1535 1149 179 41 immortalibus
1680 1149 78 41 pro
1714 1149 89 41 singu-

1028 1179 96 50 lari
1088 1179 108 50 eorum
1160 1179 120 50 merito
1245 1179 84 50 meo
1293 1179 120 50 nomine
1377 1179 133 50 decreta
1474 1179 96 50 est.
1534 1179 120 50 Merita
1618 1179 96 50 ergo
1678 1179 120 50 Patres
1751 1179 84 50 voca-

1030 1213 91 52 runt
1086 1213 125 52 officia
1177 1213 80 52 vel
1223 1213 102 52 opera
1291 1213 91 52 quae
1348 1213 148 52 praestare
1461 1213 136 52 tenemur,
1563 1213 80 52 non
1609 1213 102 52 autem
1677 1213 114 52 quibr.
1757 1213 57 52 a
1779 1213 80 52 Deo

1036 1244 129 56 praemia
1130 1244 164 56 debeantur.
1259 1244 82 56 Sic
1306 1244 94 56 enim
1365 1244 82 56 ait
1412 1244 164 56 Augustinus
1541 1244 70 56 de
1577 1244 235 56 praedestinatione
1765 1244 70 56 San-

1036 1274 127 57 ctorum:
1129 1274 116 57 Humana
1210 1274 116 57 merita
1291 1274 81 57 hic
1338 1274 197 57 conticescant,
1500 1274 93 57 quae
1558 1274 151 57 perierunt
1674 1274 81 57 per
1720 1274 104 57 Adam:
1778 1274 58 57 ca-

1032 1309 55 51 &
1054 1309 109 51 regnet
1131 1309 77 51 Dei
1174 1309 109 51 gratia
1251 1309 77 51 per
1295 1309 98 51 Iesum
1360 1309 142 51 Christum.
1470 1309 66 51 Et
1503 1309 66 51 in
1535 1309 98 51 Psal.
1601 1309 88 51 139.
1656 1309 120 51 Meritis
1732 1309 77 51 suiss

1036 1345 94 42 nihil
1098 1345 125 42 tribuunt
1192 1345 115 42 Sancti,
1276 1345 94 42 totum
1339 1345 73 42 non
1380 1345 84 42 nisi
1433 1345 178 42 misericordiae
1579 1345 84 42 tuae
1631 1345 125 42 tribuent
1725 1345 52 42 o
1736 1345 73 42 Deus.

1035 1370 102 52 Unde
1099 1370 141 52 ipsimet
1201 1370 128 52 Patres
1291 1370 166 52 negarunt,
1419 1370 128 52 merita
1508 1370 128 52 humana
1598 1370 89 52 cum
1636 1370 179 52 misericordia

1031 1404 82 45 Dei
1078 1404 164 45 subsistere
1207 1404 117 45 posse.
1290 1404 82 45 Sic
1336 1404 94 45 enim
1395 1404 153 45 Ambrosius
1513 1404 70 45 de
1548 1404 153 45 Vocatione
1665 1404 129 45 gentium
1747 1404 59 45 ca-

1036 1443 83 37 pite
1088 1443 104 37 quinto
1160 1443 83 37 ait:
1212 1443 145 37 Vilesceret
1327 1443 125 37 redemtio
1420 1443 135 37 sanguinis
1524 1443 125 37 Christi,
1618 1443 73 37 nec
1649 1443 166 37 misericordiae.

1041 1468 76 45 Dei
1085 1468 142 45 humanorum
1194 1468 109 45 operum
1270 1468 174 45 praerogativa
1412 1468 174 45 succumberet,
1553 1468 65 45 si
1586 1468 174 45 justificatio
1728 1468 87 45 quae
1771 1468 55 45 sit

1042 1503 75 50 per
1085 1503 129 50 gratiam,
1182 1503 118 50 meritis
1268 1503 194 50 praecedentibus
1430 1503 151 50 deberetur,
1548 1503 65 50 ut
1580 1503 75 50 non
1623 1503 97 50 munus
1677 1503 129 50 largientis

1035 1537 76 44 sed
1079 1537 109 44 merces
1155 1537 98 44 esset
1220 1537 153 44 operantis.
1340 1537 76 44 Sic
1384 1537 142 44 Bernardus
1493 1537 98 44 super
1558 1537 131 44 Cantica.
1656 1537 120 44 Sermone
1733 1537 76 44 sexa-

1040 1563 221 54 gesimo-septimo:
1227 1563 82 54 Non
1273 1563 82 54 est
1320 1563 82 54 quo
1366 1563 116 54 gratia
1448 1563 128 54 intret,
1541 1563 82 54 ubi
1588 1563 82 54 jam
1634 1563 128 54 meritum
1716 1563 93 54 occupa

1034 1605 92 52 vit.
1092 1605 69 52 Et
1127 1605 92 52 mox:
1184 1605 104 52 Deest
1253 1605 138 52 gratiae,
1357 1605 138 52 quicquid
1461 1605 127 52 meritis
1553 1605 138 52 deputas.
1657 1605 92 52 Nolo
1703 1605 115 52 meritum,

1040 1630 94 45 quod
1099 1630 129 45 gratiam
1193 1630 141 45 excludat

1149 1694 266 58 SECVNDVM
1348 1694 310 58 argumentum
1569 1694 133 58 Bel

1332 1739 159 56 larmini.

1059 1810 61 56 Si
1089 1810 61 56 in
1120 1810 81 56 ipsa
1171 1810 163 56 coronatione,
1303 1810 81 56 quae
1354 1810 102 56 merces
1425 1810 71 56 est
1465 1810 112 56 meriti,
1547 1810 71 56 est
1587 1810 91 56 etiam
1648 1810 163 56 misericordia
1770 1810 51 56 ne-

1036 1853 147 48 cessaria,
1149 1853 90 48 quae
1205 1853 124 48 peccata
1296 1853 136 48 venialia
1398 1853 147 48 remittat,
1511 1853 90 48 sine
1567 1853 113 48 quibus
1646 1853 102 48 nulli
1714 1853 113 48 vivunt
1782 1853 34 48 &

1025 1884 109 45 pauci
1097 1884 109 45 vitam
1170 1884 97 45 hanc
1230 1884 145 45 finiunt:
1339 1884 84 45 tum
1387 1884 121 45 merita
1471 1884 84 45 non
1520 1884 133 45 tollunt
1604 1884 193 45 misericordiam:

1062 1914 103 46 Verum
1130 1914 80 46 est
1176 1914 172 46 antecedens:
1313 1914 92 46 Ergo
1371 1914 57 46 &
1382 1914 149 46 consequens.

1056 1948 114 58 RESP.
1132 1948 152 58 Assumtum
1247 1948 127 58 multis
1336 1948 165 58 erroribus
1463 1948 140 58 scatet.
1564 1948 127 58 Primus
1653 1948 102 58 est,
1704 1948 114 58 corona-

1034 1982 119 53 tionem
1117 1982 95 53 esse
1177 1982 143 53 mercedem
1284 1982 131 53 meriti:
1379 1982 155 53 secundus,
1498 1982 95 53 quod
1557 1982 119 53 merito
1641 1982 131 53 accepta
1724 1982 95 53 fertur

1025 2028 171 41 coronatio,
1159 2028 73 41 at
1196 2028 208 41 misericordiae
1367 2028 85 41 Dei
1415 2028 122 41 tantum
1501 2028 171 41 peccatorum
1635 2028 110 41 venia
1708 2028 85 41 ium
1745 2028 61 41 re-

1022 2057 121 37 missio:
1110 2057 132 37 Tertius,
1209 2057 121 37 peccata
1297 2057 121 37 quaedam
1385 2057 77 37 sua
1428 2057 110 37 natura
1505 2057 132 37 venialia
1604 2057 99 37 esse.
1670 2057 66 37 At
1692 2057 121 37 principio

1031 2087 186 39 coronationem
1182 2087 81 39 non
1229 2087 93 39 esse
1287 2087 139 39 mercedem
1391 2087 128 39 meriti,
1484 2087 151 39 humiliter
1600 2087 116 39 fateri
1681 2087 81 39 nos
1727 2087 116 39 neces

1035 2117 67 44 se
1068 2117 89 44 est;
1124 2117 89 44 quia
1180 2117 145 44 coronatio
1292 2117 190 44 proficiscitur
1448 2117 67 44 ex
1481 2117 89 44 dono
1537 2117 89 44 Dei,
1593 2117 123 44 dicente
1682 2117 100 44 Paulo
1738 2117 67 44 Rom.

1039 2153 65 40 5.
1072 2153 65 40 v.
1104 2153 76 40 23.
1148 2153 152 40 Stipendium
1267 2153 130 40 peccati,
1365 2153 98 40 mors:
1431 2153 98 40 donum
1496 2153 98 40 autem
1561 2153 76 40 Dei
1604 2153 76 40 est
1648 2153 87 40 vita
1702 2153 109 40 aterna
1768 2153 43 40 in

1027 2185 126 40 Christo
1118 2185 92 40 Iesu
1176 2185 115 40 Domino
1256 2185 126 40 nostro.
1348 2185 92 40 Quod
1405 2185 103 40 autem
1474 2185 69 40 ex
1509 2185 92 40 dono
1566 2185 92 40 est,
1623 2185 103 40 illud
1692 2185 69 40 ex
1715 2185 92 40 merito

1021 2215 82 37 non
1068 2215 93 37 est.
1126 2215 117 37 Deinde
1208 2215 93 37 quod
1266 2215 117 37 merito
1348 2215 128 37 accepta
1441 2215 117 37 fertur
1523 2215 163 37 coronatio,
1651 2215 70 37 at
1674 2215 140 37 misericor-

1033 2245 93 45 diae
1091 2245 81 45 Dei
1138 2245 116 45 tantum
1219 2245 151 45 venialium
1335 2245 162 45 peccatorum
1463 2245 151 45 remissio;
1579 2245 104 45 error
1648 2245 93 45 est,
1706 2245 81 45 qui
1741 2245 58 45 non

1024 2278 179 45 argumentis
1165 2278 153 45 refutari
1280 2278 102 45 eget
1344 2278 89 45 sed
1395 2278 153 45 extremam
1510 2278 217 45 detestationem
1676 2278 128 45 meretur.

1033 2309 82 50 Nam
1080 2309 70 50 ex
1115 2309 70 50 eo
1151 2309 152 50 sequitur,
1268 2309 129 50 meritum
1362 2309 129 50 hominis
1455 2309 188 50 praestantius
1608 2309 94 50 esse
1666 2309 82 50 Dei
1701 2309 106 50 miseri-

1031 2346 121 40 cordia;
1119 2346 99 40 Cujus
1185 2346 88 40 enim
1240 2346 187 40 praestantiora
1394 2346 88 40 sunt
1448 2346 132 40 effecta,
1547 2346 99 40 illud
1613 2346 77 40 est
1646 2346 165 40 praestantius:

1026 2374 139 38 Perfecta
1131 2374 105 38 autem
1201 2374 105 38 salus
1270 2374 81 38 est
1317 2374 197 38 praestantior,
1479 2374 93 38 quam
1537 2374 151 38 inchoata.
1653 2374 128 38 Proinde
1735 2374 81 38 meri-

1034 2411 68 47 ta
1068 2411 114 47 humana
1147 2411 193 47 misericordiae
1307 2411 80 47 Dei
1352 2411 148 47 anteferre
1466 2411 80 47 est
1511 2411 193 47 intolerabilis
1659 2411 148 47 blasphemias

1060 2445 140 45 Postremo
1165 2445 117 45 nullum
1247 2445 140 45 peccatum
1352 2445 82 45 sua
1398 2445 117 45 natura
1480 2445 82 45 est
1526 2445 140 45 veniale,
1631 2445 82 45 sed
1678 2445 105 45 omnia
1736 2445 70 45 sunt

1033 2477 159 45 mortalia,
1155 2477 85 45 hoc
1204 2477 98 45 est,
1265 2477 122 45 mortem
1350 2477 146 45 aeternam
1460 2477 146 45 merentur
1570 2477 73 45 De
1606 2477 98 45 omni
1668 2477 98 45 enim
1716 2477 98 45 pecca-

1025 2518 71 32 to
1061 2518 189 32 intelligitur
1214 2518 94 32 quod
1273 2518 118 32 Paulus
1355 2518 165 32 pronunciat
1485 2518 118 32 Roman.
1567 2518 71 32 6.
1603 2518 71 32 v.
1638 2518 83 32 23.
1674 2518 141 32 Scipendium

1022 2549 196 41 peccatimors:
1181 2549 98 41 quod
1242 2549 98 41 Deus
1303 2549 171 41 pronunciat
1437 2549 110 41 Ezech
1511 2549 86 41 18.
1559 2549 110 41 vers.
1633 2549 86 41 20.
1682 2549 110 41 Anima
1743 2549 73 41 quae

1037 2583 122 40 peccat,
1126 2583 89 40 ipsa
1181 2583 145 40 morietur:
1293 2583 89 40 quod
1348 2583 133 40 Christus
1448 2583 156 40 pronunciat
1570 2583 111 40 Matth.
1648 2583 67 40 5.
1682 2583 67 40 v.
1715 2583 78 40 19.
1759 2583 78 40 Qui

1033 2614 176 40 transgressus
1176 2614 110 40 fuerit
1253 2614 88 40 unum
1308 2614 66 40 ex
1341 2614 132 40 mandatis
1439 2614 99 40 istis
1505 2614 132 40 minimis,
1604 2614 55 40 &
1626 2614 132 40 docuerit
1725 2614 77 40 sic
1758 2614 55 40 ho-

1028 2644 116 33 mines,
1109 2644 116 33 nullus
1190 2644 150 33 habebitur
1306 2644 69 33 in
1340 2644 104 33 regno
1410 2644 150 33 coelorum.
1525 2644 92 33 Omne
1583 2644 139 33 peccatum
1687 2644 81 33 est
1722 2644 92 33 adver-

1029 2670 80 40 sus
1074 2670 80 40 Dei
1120 2670 161 40 voluntatem
1247 2670 149 40 rebellio,
1361 2670 92 40 quae
1419 2670 92 40 ejus
1476 2670 92 40 iram
1534 2670 161 40 necessario
1660 2670 149 40 provocat:
1763 2670 46 40 O-

1034 2709 82 37 mne
1081 2709 140 37 peccatum
1186 2709 82 37 est
1233 2709 105 37 Legis
1303 2709 210 37 praevaricatio,
1478 2709 70 37 in
1513 2709 93 37 quam
1571 2709 128 37 edictum
1665 2709 82 37 est
1712 2709 93 37 sine
1758 2709 47 37 ex

1038 2740 141 36 ceptione
1144 2740 82 36 Dei
1191 2740 153 36 judicium:
1309 2740 165 36 Maledictus
1438 2740 106 36 omnis
1509 2740 82 36 qui
1556 2740 82 36 non
1603 2740 177 36 permanserit
1744 2740 71 36 in
1768 2740 47 36 o-

1040 2769 130 40 mnibus,
1135 2769 166 40 INOMNIBUS,
1265 2769 130 40 inquam,
1360 2769 95 40 quae
1420 2769 130 40 scripta
1515 2769 95 40 sunt
1574 2769 71 40 in
1609 2769 107 40 libro
1681 2769 119 40 Legis,
1764 2769 71 40 ut

1032 2804 114 42 faciat
1111 2804 79 42 ea,
1157 2804 91 42 Gal.
1213 2804 68 42 3.
1247 2804 79 42 10.
1293 2804 148 42 Deuteron.
1406 2804 79 42 27.
1452 2804 68 42 v.
1486 2804 79 42 26.
1531 2804 91 42 Omne
1588 2804 136 42 peccatum
1690 2804 79 42 est
1724 2804 91 42 divina

1027 2840 171 42 majestatis
1161 2840 61 42 &
1185 2840 110 42 summi
1258 2840 98 42 boni
1319 2840 158 42 violatio:
1441 2840 98 42 Quis
1502 2840 122 42 igitur
1587 2840 110 42 neget
1661 2840 110 42 morte
1722 2840 98 42 dignum

1029 2873 98 35 esse,
1095 2873 87 35 nisi
1149 2873 76 35 qui
1193 2873 153 35 hypocrisin
1313 2873 65 35 in
1345 2873 98 35 corde
1411 2873 109 35 fovet,
1487 2873 55 35 &
1509 2873 109 35 seipse
1585 2873 174 35 blandimentis
1727 2873 65 35 ad
1749 2873 65 35 sem-

1050 2900 135 38 piternum
1151 2900 124 38 exitium
1241 2900 124 38 mulcet?
1331 2900 68 38 In
1365 2900 169 38 aestimandis
1500 2900 146 38 peccatis,
1612 2900 113 38 inquit
1680 2900 135 38 Augustinus

1036 2934 105 37 libro
1106 2934 128 37 secundo
1199 2934 70 37 de
1234 2934 139 37 Baptismo
1338 2934 116 37 contra
1420 2934 174 37 Donatistas,
1559 2934 93 37 cap.
1617 2934 70 37 6.
1652 2934 81 37 non
1687 2934 139 37 afferamus.

1040 2962 148 41 stateras
1150 2962 148 41 dolosas,
1261 2962 86 41 ubi
1310 2962 172 41 appendamus
1446 2962 98 41 quod
1507 2962 135 41 volumus
1606 2962 62 41 &
1630 2962 135 41 quomodo
1716 2962 111 41 volumus

1040 2999 73 36 pro
1081 2999 126 36 arbitrio
1176 2999 105 36 nustro
1249 2999 136 36 dicentes,
1354 2999 73 36 hoc
1395 2999 105 36 grave,
1469 2999 73 36 hoc
1511 2999 84 36 levo
1563 2999 84 36 est:
1615 2999 73 36 sed
1657 2999 136 36 afferamus
1751 2999 84 36 state-

1034 3033 83 31 ram
1082 3033 130 31 divinam
1176 3033 71 31 de
1212 3033 166 31 Scripturis
1342 3033 142 31 Sanctis,
1449 3033 130 31 tanquam
1544 3033 71 31 de
1579 3033 154 31 thesauris
1686 3033 142 31 Dominicis,

1067 3061 74 53 in
1104 3061 98 53 illa
1165 3061 98 53 quid
1226 3061 86 53 sit
1275 3061 135 53 gravius
1373 3061 184 53 appendamus:
1520 3061 86 53 imo
1569 3061 86 53 non
1618 3061 184 53 appendamus,
1765 3061 86 53 sed
1802 3061 37 53 &

1048 3090 121 45 Domino
1133 3090 134 45 appensa
1218 3090 194 45 recognoscamus,
