2063 3531
247 164 95 57 Cum
302 164 135 57 igitur
396 164 163 57 assumtum
518 164 149 57 propter
627 164 95 57 tam
681 164 149 57 crassos
789 164 149 57 errores
884 164 176 57 repudiandum

214 210 90 49 sit:
270 210 181 49 conclusionem
417 210 102 49 etiam
485 210 113 49 rejici
564 210 124 49 necesse
643 210 68 49 est.

313 244 223 74 TERTIVM
475 244 284 74 argumentum
678 244 263 74 Bellarmini.

258 301 93 59 Quod
316 301 128 59 debitum
409 301 81 59 est
456 301 104 59 bonis
525 301 128 59 meritis
618 301 162 59 Sanctorum,
746 301 70 59 id
781 301 116 59 merita
862 301 81 59 non
897 301 104 59 tollit:

257 351 184 36 Misericordia
407 351 81 36 Dei
453 351 115 36 debita
534 351 81 36 est
580 351 104 36 bonis
649 351 127 36 meritis
730 351 138 36 Sanctorum:

260 387 81 36 Ergo
311 387 102 36 merita
382 387 71 36 non
423 387 112 36 tollit.

255 396 144 61 Aslumtio
363 396 156 61 probatur:
482 396 96 61 quia
542 396 72 61 in
578 396 132 61 judicio
674 396 192 61 misericordia
830 396 84 61 non
877 396 84 61 tam
913 396 120 61 donatur:

223 440 91 57 quam
279 440 148 57 redditur,
393 440 68 57 ut
427 440 91 57 dici
484 440 114 57 possit
563 440 102 57 justa
631 440 193 57 misericordia,
790 440 125 57 quoniam
881 440 102 57 justo
938 440 102 57 judicio

216 488 115 42 redditur.

255 495 110 66 RESP.
328 495 147 66 Assumtio
438 495 86 66 est
487 495 122 66 falsa:
573 495 98 66 quia
634 495 122 66 primo,
720 495 73 66 si
756 495 196 66 misericordia
915 495 98 66 est,
964 495 98 66 debita

223 543 76 50 non
266 543 86 50 est,
320 543 76 50 sed
363 543 129 50 gratuita
461 543 54 50 i
482 543 65 50 si
514 543 108 50 debita
590 543 86 50 est,
644 543 173 50 misericordia
784 543 76 50 non
827 543 86 50 est.
881 543 108 50 Deinde
957 543 65 50 si
978 543 65 50 nul-

223 589 70 39 la
258 589 93 39 sunt
316 589 151 39 sanctorum
433 589 128 39 merita,
526 589 105 39 nihil
595 589 81 39 eis
642 589 139 39 debetur:
746 589 81 39 nam
793 589 116 39 negata
863 589 174 39 universaliter

224 610 123 50 causa,
310 610 135 50 negatur
408 610 159 50 effectus:
530 610 110 50 Atqui
604 610 110 50 nulla
677 610 98 50 esse
739 610 159 50 Sanctorum
861 610 123 50 merita
935 610 110 50 proprie

220 650 61 43 d
244 650 98 43 cta,
305 650 122 43 nullus
391 650 147 43 negabit,
501 650 98 43 nisi
563 650 98 43 quem
624 650 135 43 ambitio
722 650 61 43 &
746 650 98 43 amor
807 650 86 43 sui
856 650 122 43 contra
930 650 110 43 miseri-

222 679 135 46 cordiam
320 679 86 46 Dei
369 679 147 46 extollit
479 679 61 46 &
503 679 147 46 inflatum
614 679 135 46 reddit.
711 679 147 46 Probatio
822 679 184 46 assumtionis
969 679 73 46 τὸ
993 679 49 46 ex

233 716 100 53 δρχι
295 716 162 53 λαμζανει.
420 716 100 53 Quis
482 716 100 53 enim
544 716 125 53 piorum
632 716 150 53 dixerit,
744 716 212 53 misericordiam
919 716 87 53 non
956 716 75 53 dona

228 748 78 51 tia
273 748 90 51 Deo,
329 748 78 51 sed
373 748 112 51 reddi:
452 748 90 51 quis
508 748 101 51 prior
575 748 101 51 dedit
642 748 67 51 ei
676 748 56 51 &
698 748 134 51 reddetur
799 748 78 51 ei?
844 748 78 51 Nam
888 748 67 51 ex
922 748 78 51 eo,
967 748 56 51 &
978 748 56 51 po-

234 784 91 47 eum,
291 784 57 47 &
314 784 69 47 in
348 784 103 47 ipsum
416 784 91 47 sunt
473 784 114 47 omnia,
553 784 80 47 ait
599 784 114 47 Paulus
679 784 114 47 Roman.
759 784 80 47 11.
805 784 103 47 vers.
873 784 80 47 35,
919 784 80 47 36.
953 784 80 47 Rect.

239 817 165 45 pronunciat
369 817 165 45 Augustinus
499 817 106 45 libro
569 817 118 45 quarto
652 817 71 45 ad
687 817 177 45 Bonifacium,
829 817 94 45 cap.
888 817 130 45 quarto:
970 817 71 45 Sic-

233 849 65 51 ut
266 849 97 51 solus
330 849 108 51 Filius
405 849 75 51 Dei
448 849 108 51 factus
524 849 75 51 est
567 849 108 51 Filius
642 849 129 51 hominis,
739 849 65 51 ut
771 849 75 51 nos
814 849 97 51 secum
879 849 108 51 filios
954 849 75 51 Dei
986 849 54 51 fa-

238 888 110 43 ceret:
315 888 77 43 ita
359 888 77 43 pro
403 888 99 43 nobis
469 888 99 43 solus
535 888 132 43 suscepit
634 888 88 43 sine
690 888 99 43 malis
756 888 121 43 meritis
844 888 121 43 poenam,
932 888 66 43 ut
965 888 77 43 nos
998 888 55 43 per

243 931 105 47 ipsum
313 931 94 47 sine
372 931 105 47 bonis
442 931 129 47 meritis
536 931 199 47 consequeremur
699 931 152 47 indebitam
805 931 105 47 gratiam

328 960 224 66 QVARTVM
491 960 286 66 argumentum
695 960 265 66 Bellarmini.

270 1029 96 46 Quae
330 1029 180 46 concurrunt,
474 1029 108 46 eorum
546 1029 96 46 unum
607 1029 132 46 alterum
703 1029 84 46 non
751 1029 120 46 tollit

270 1061 207 37 Misericordia
438 1061 91 37 Dei
490 1061 65 37 &
516 1061 129 37 merita
606 1061 129 37 humana
684 1061 168 37 concurrunt.

279 1100 91 34 Ergo
336 1100 183 34 misericordia
484 1100 91 34 Dei,
541 1100 114 34 humana
621 1100 114 34 merita
701 1100 80 34 non
747 1100 126 34 tollit.

272 1124 138 43 Assumtio
375 1124 126 43 obscura
467 1124 80 43 est
512 1124 69 43 ea
547 1124 80 43 sic
593 1124 57 43 a
616 1124 161 43 Bellarmino
742 1124 172 43 declaratur:
879 1124 149 43 comitatur
983 1124 57 43 mi-

248 1159 145 46 sericordia
362 1159 114 46 coronam
445 1159 124 46 gloriae,
538 1159 73 46 sed
579 1159 73 46 non
621 1159 73 46 est
662 1159 83 46 ipsa
714 1159 104 46 corona
787 1159 124 46 gloriae.
880 1159 104 46 Corona
953 1159 83 46 enim
994 1159 52 46 re-

251 1188 106 54 spicit
325 1188 85 54 bona
378 1188 116 54 merita,
463 1188 169 54 misericordia
600 1188 127 54 respicit
695 1188 116 54 peccata
780 1188 137 54 venialia,
886 1188 85 54 quae
939 1188 148 54 remissione
1044 1188 32 54 I

248 1237 123 36 delenda
337 1237 101 36 sunt.
405 1237 101 36 Sicut
472 1237 90 36 enim
528 1237 67 36 ex
562 1237 101 36 parte
629 1237 123 36 hominis
719 1237 78 36 duo
764 1237 101 36 sunt,
831 1237 90 36 bona
887 1237 123 36 merita,
977 1237 56 36 &
988 1237 67 36 pec-

247 1261 97 40 cata
307 1261 157 40 venialia,
429 1261 121 40 quorum
513 1261 97 40 unum
574 1261 85 40 non
622 1261 145 40 destruit
731 1261 145 40 alterum:
840 1261 85 40 ita
889 1261 73 40 ex
925 1261 109 40 parte
985 1261 61 40 DE-

243 1295 81 47 duo
290 1295 104 47 sunt,
359 1295 115 47 corona
440 1295 127 47 gloriae
532 1295 127 47 tanquam
624 1295 115 47 merces
705 1295 127 47 meriti,
797 1295 58 47 &
820 1295 185 47 misericordia
959 1295 92 47 tanqua

242 1327 154 43 medicina
358 1327 154 43 peccati,
474 1327 64 43 &
499 1327 116 43 horum
576 1327 116 43 etiam
654 1327 129 43 duorum
743 1327 103 43 unum
808 1327 90 43 non
859 1327 141 43 impedit
949 1327 103 43 aliud.

249 1361 77 41 Nam
293 1361 66 41 si
326 1361 131 41 remissio
424 1361 88 41 illa
479 1361 99 41 nullo
545 1361 88 41 modo
599 1361 109 41 debita
676 1361 109 41 esset,
753 1361 77 41 sed
796 1361 109 41 omnino
873 1361 142 41 gratuita,
971 1361 88 41 posset

247 1402 116 42 quidem
328 1402 93 42 Deus
386 1402 81 42 non
432 1402 150 42 remittere
548 1402 127 42 peccata
641 1402 93 42 illa
698 1402 150 42 venialia,
814 1402 81 42 sed
860 1402 104 42 tamen
930 1402 81 42 nec
964 1402 93 42 punire

244 1435 123 44 posset,
333 1435 89 44 nisi
389 1435 156 44 temporaria
512 1435 112 44 poena,
590 1435 78 44 cum
634 1435 89 44 illa
690 1435 123 44 peccata
779 1435 123 44 majorem
868 1435 112 44 poenam
946 1435 100 44 justo
1002 1435 56 44 ju-

250 1468 99 41 dicio
316 1468 77 41 non
360 1468 154 41 mereantur.
481 1468 110 41 Soluta
558 1468 88 41 vero
613 1468 66 41 in
646 1468 88 41 igne
700 1468 154 41 purgatorio
821 1468 88 41 illa
876 1468 110 41 poena,
953 1468 88 41 bona
997 1468 55 41 me-

242 1500 86 42 rita
296 1500 96 42 justo
360 1500 118 42 judicio
446 1500 118 42 coronam
532 1500 150 42 justitiae,
650 1500 96 42 nulla
714 1500 64 42 re
746 1500 75 42 jam
789 1500 161 42 impediente,
907 1500 139 42 perciperent

280 1533 191 36 RESPONDEO
427 1533 147 36 primum
530 1533 88 36 ad
574 1533 265 36 propositionem:
795 1533 118 36 Quae
854 1533 191 36 concurrunt.

242 1565 140 39 scilicet
347 1565 117 39 amice,
429 1565 82 39 non
476 1565 175 39 hostiliter;
616 1565 105 39 corum
686 1565 93 39 unum
744 1565 128 39 alterum
837 1565 82 39 non
884 1565 128 39 tollit.
966 1565 93 39 Deinde

255 1604 77 39 ad
294 1604 206 39 assumtionem:
461 1604 206 39 Misericordia
628 1604 90 39 Dei
680 1604 64 39 &
706 1604 142 39 hominum
808 1604 129 39 merita
886 1604 167 39 concurrunt.

242 1633 113 41 verum
318 1633 88 41 non
368 1633 126 41 amice,
457 1633 88 41 sed
507 1633 189 41 hostiliter:
658 1633 139 41 Proinde
759 1633 76 41 se
797 1633 113 41 mutuo
873 1633 151 41 evertunt
986 1633 63 41 &
999 1633 50 41 de

250 1666 143 40 struunt.
357 1666 119 40 Tertio
440 1666 166 40 declaratio
571 1666 178 40 assumtionis
713 1666 154 40 erroribus
832 1666 119 40 multis
915 1666 131 40 tanquam
999 1666 59 40 pu-

250 1701 102 37 tridis
321 1701 132 37 ulceribus
423 1701 112 37 scatet.

272 1727 124 45 Primus
358 1727 112 45 error
433 1727 99 45 est,
495 1727 99 45 quod
557 1727 198 45 misericordia
718 1727 136 45 coronam
817 1727 136 45 gloriae
904 1727 149 45 comitetur.

247 1766 101 40 Atqui
314 1766 79 40 cum
359 1766 180 40 misericordia
505 1766 79 40 sit
550 1766 123 40 coronae
640 1766 123 40 gloriae
729 1766 112 40 causa,
808 1766 123 40 necesse
898 1766 79 40 est
943 1766 67 40 ut
965 1766 90 40 proce-

248 1801 103 40 dat,
312 1801 90 40 non
364 1801 167 40 comitetur
493 1801 142 40 coronam
596 1801 154 40 gloriae.
711 1801 116 40 Manet
789 1801 103 40 enim
853 1801 142 40 firmum,
956 1801 103 40 quod
1007 1801 39 40 A

258 1839 122 44 postolus
349 1839 71 44 ait
390 1839 81 44 Tit,
441 1839 61 44 3.
471 1839 92 44 vers.
532 1839 61 44 5.
563 1839 71 44 Non
604 1839 61 44 ex
634 1839 122 44 operibus
726 1839 102 44 justis
797 1839 81 44 quae
848 1839 132 44 fecerimus
949 1839 81 44 nos,
1000 1839 71 44 sed

238 1869 68 44 ex
272 1869 80 44 sua
317 1869 182 44 misericordia
465 1869 137 44 servavit
557 1869 68 44 nos.

281 1898 147 48 Secundus
391 1898 111 48 error
465 1898 98 48 est,
527 1898 135 48 coronam
625 1898 160 48 respicere
748 1898 98 48 bona
809 1898 135 48 merita.
908 1898 111 48 Atqui
969 1898 86 48 nulla

237 1935 101 37 sunt
301 1935 126 37 operum
389 1935 164 37 nostrorum
515 1935 126 37 merita
604 1935 139 37 proprie
705 1935 164 37 loquendo:
831 1935 139 37 proinde
932 1935 88 37 nec
970 1935 76 37 illa

231 1972 197 32 coronantur.
389 1972 105 32 Quum
454 1972 105 32 bona
520 1972 118 32 opera
599 1972 131 32 nostra
691 1972 171 32 remunerat
822 1972 118 32 Deus,
901 1972 92 32 non
941 1972 105 32 merita

234 2006 130 44 nostra,
329 2006 83 44 sed
376 2006 83 44 sua
424 2006 95 44 dona
483 2006 142 44 coronat,
590 2006 83 44 ait
637 2006 130 44 August.
732 2006 119 44 homil.
815 2006 213 44 decima-quarta,
981 2006 71 44 item

221 2036 209 53 quinquagesima

274 2061 120 53 Tertius
361 2061 98 53 error
427 2061 87 53 est,
481 2061 87 53 esse
536 2061 120 53 peccata
623 2061 76 53 sua
667 2061 109 53 natura
743 2061 142 53 venialia,
852 2061 87 53 quae
895 2061 153 53 misericordia

243 2102 169 43 respiciat:
376 2102 96 43 hunc
436 2102 108 43 paulo
508 2102 96 43 ante
556 2102 157 43 refutavimus

282 2139 130 44 Quartus
377 2139 107 44 error
448 2139 95 44 est,
507 2139 95 44 quod
566 2139 71 44 ex
602 2139 130 44 hominis
697 2139 107 44 parte
768 2139 83 44 duo
815 2139 107 44 sint,
886 2139 95 44 bona
945 2139 118 44 merita
1016 2139 36 44 &

234 2179 135 38 peccata
332 2179 160 38 venialia,
455 2179 123 38 quorum
541 2179 98 38 unum
602 2179 86 38 non
652 2179 148 38 destruat
762 2179 148 38 alterum.
873 2179 111 38 Atqui
947 2179 74 38 ne
971 2179 74 38 uni-

224 2204 95 52 cum
278 2204 135 52 quidem
372 2204 95 52 est
426 2204 122 52 bonum
507 2204 149 52 hominis
615 2204 162 52 meritum,
737 2204 95 52 cum
791 2204 162 52 quicquid
912 2204 108 52 boni
966 2204 108 52 facit,

226 2238 84 42 sit
274 2238 145 42 debitum,
383 2238 84 42 imo
431 2238 84 42 sit
479 2238 109 42 munus
552 2238 84 42 Dei
600 2238 169 42 gratuitum.
732 2238 121 42 Deinde
817 2238 84 42 ubi
865 2238 133 42 peccata
962 2238 109 42 sunt,

225 2275 126 38 merita
314 2275 114 38 locum
390 2275 88 38 non
440 2275 139 38 habent.
541 2275 88 38 Sic
592 2275 101 38 enim
655 2275 177 38 pronunciat
794 2275 139 38 Dominus
895 2275 126 38 Ezech.
971 2275 63 38 16.

228 2314 109 34 vers.
301 2314 85 34 24.
349 2314 109 34 Omnia
422 2314 109 34 juste
495 2314 109 34 facta
567 2314 97 34 ejus
628 2314 97 34 quae
689 2314 133 34 fecerit
786 2314 85 34 non
822 2314 206 34 commemorabuntus

237 2339 127 41 propter
330 2339 230 41 praevaricationem
525 2339 81 41 qua
571 2339 207 41 praevaricatur,
744 2339 58 41 &
767 2339 127 41 propter
859 2339 138 41 peccatum
951 2339 92 41 ipsius

228 2375 83 42 quo
275 2375 130 42 peccat,
370 2375 130 42 propter
464 2375 94 42 haec
523 2375 153 42 morietur.
641 2375 83 42 Imo
689 2375 83 42 ubi
736 2375 83 42 vel
783 2375 118 42 unicum
866 2375 142 42 peccatum
960 2375 71 42 est,

229 2412 102 38 nulla
296 2412 79 38 jam
342 2412 136 38 justitia
443 2412 90 38 est,
500 2412 90 38 quia
556 2412 90 38 tota
613 2412 79 38 lex
658 2412 124 38 violata
748 2412 90 38 est:
805 2412 136 38 Quisquis
906 2412 90 38 enim
952 2412 90 38 tetam.

230 2442 103 51 legem
298 2442 172 51 servaverit,
436 2442 149 51 impegerit
550 2442 103 51 autem
619 2442 69 51 in
653 2442 92 51 uno,
711 2442 126 51 omnibus
802 2442 137 51 tenetur,
906 2442 80 51 ait
940 2442 103 51 Jacobus

232 2476 75 44 cap.
278 2476 56 44 2.
307 2476 56 44 v.
325 2476 47 44 10.

273 2508 128 47 Quintus
366 2508 104 47 error
436 2508 93 47 est,
494 2508 93 47 quod
552 2508 116 47 corona
633 2508 128 47 gloriae
726 2508 81 47 sit
772 2508 116 47 merces
853 2508 128 47 meriti:
946 2508 81 47 hic
981 2508 46 47 su

224 2540 84 51 pra
260 2540 143 51 refutatus.

255 2576 117 43 Sextus
337 2576 105 43 error
407 2576 93 43 est,
465 2576 93 43 quod
523 2576 175 43 Bellarminus
663 2576 128 43 coronam
756 2576 140 43 gloriae,
861 2576 82 43 non
908 2576 93 43 fert
954 2576 82 43 acce-

229 2611 100 40 ptam
291 2611 212 40 misericordiae
466 2611 100 40 Dei,
528 2611 87 40 sed
578 2611 125 40 tantum
665 2611 187 40 remissionem
815 2611 175 40 peccatorum
940 2611 100 40 venia.

219 2647 109 37 lium:
292 2647 109 37 atque
364 2647 85 37 ita
413 2647 206 37 misericordiam
582 2647 85 37 Dei
631 2647 133 37 humanis
727 2647 133 37 meritis
824 2647 169 37 longissime
945 2647 85 37 post.

227 2677 119 52 ponit,
310 2677 95 52 quae
369 2677 166 52 blasphemia
500 2677 83 52 est
547 2677 166 52 sempiterno
678 2677 95 52 igne
725 2677 83 52 digna

259 2719 147 43 Septimus
369 2719 110 43 error
443 2719 98 43 est,
504 2719 98 43 quod
565 2719 184 43 remissionem
712 2719 172 43 peccatorum
847 2719 196 43 praesupponit
994 2719 49 43 a-

225 2749 112 45 liquo
299 2749 99 45 modo
361 2749 99 45 esse
423 2749 149 45 debitam,
534 2749 74 45 ac
572 2749 87 45 non
621 2749 124 45 omnino
708 2749 173 45 gratuitam.
844 2749 74 45 At
881 2749 136 45 sancti,
968 2749 62 45 cum

217 2791 192 37 remissionem
371 2791 179 37 peccatorum
512 2791 64 37 a
537 2791 90 37 Deo
589 2791 192 37 petiverunt,
742 2791 90 37 non
794 2791 77 37 ut
832 2791 154 37 debitam,
947 2791 90 37 sed
986 2791 51 37 ut

226 2828 71 43 ex
262 2828 190 43 misericordia
416 2828 214 43 proficiscentem
595 2828 178 43 petiverunt.
738 2828 83 43 Sic
785 2828 95 43 enim
845 2828 107 43 David
916 2828 107 43 Psal.
976 2828 59 43 25.

229 2861 73 32 v.
265 2861 73 32 6,
302 2861 73 32 7.
339 2861 159 32 Recordare
461 2861 195 32 miserationum
620 2861 122 32 tuarum
705 2861 122 32 Iehova
791 2861 61 32 &
815 2861 195 32 benignitatum
962 2861 73 32 tua-

231 2892 94 33 rum:
290 2892 82 33 eas
337 2892 59 33 a
361 2892 118 33 seculo
443 2892 106 33 esse.
513 2892 165 33 Peccatorum
643 2892 153 33 pueritiae
760 2892 94 33 meae
819 2892 59 33 &
842 2892 176 33 defectionum
972 2892 71 33 mea-

227 2924 77 45 rum
271 2924 66 45 ne
304 2924 166 45 recorderis:
437 2924 77 45 pro
481 2924 166 45 benignitate
613 2924 77 45 tua
658 2924 144 45 recordare
768 2924 77 45 mei
812 2924 88 45 tiu,
867 2924 121 45 propter
945 2924 99 45 bonita-

227 2957 80 45 tem
272 2957 91 45 tuam
329 2957 125 45 Iehova.
420 2957 68 45 Et
454 2957 102 45 Psal.
522 2957 80 45 51.
567 2957 68 45 v.
601 2957 68 45 3.
636 2957 125 45 Gratiam
726 2957 80 45 fac
772 2957 102 45 mihi,
840 2957 57 45 o
863 2957 102 45 Deus,
919 2957 114 45 secundum

223 2994 196 34 amplitudinem
382 2994 196 34 miserationum
541 2994 135 34 tuarum,
639 2994 98 34 dele
700 2994 184 34 defectiones
835 2994 73 34 meus

268 3025 123 45 Octavus
357 3025 101 45 error
425 3025 90 45 est,
480 3025 90 45 quod
536 3025 123 45 fiugit,
626 3025 112 45 aliqua
704 3025 123 45 peccata
794 3025 67 45 in
828 3025 123 45 judicio
917 3025 112 45 ultimo
984 3025 45 45 de

234 3052 85 50 mum
283 3052 146 50 remissum
392 3052 97 50 iri.
453 3052 110 50 Atqui
526 3052 73 50 in
562 3052 85 50 hac
611 3052 97 50 vita
672 3052 85 50 est
721 3052 122 50 tempus
806 3052 195 50 remissionis:
952 3052 85 50 post.

219 3084 95 52 hanc
278 3084 107 52 vitam
349 3084 95 52 vero
397 3084 118 52 judicit:

267 3122 106 48 Nonus
338 3122 106 48 error
408 3122 94 48 est,
467 3122 94 48 quod
526 3122 94 48 Deus
585 3122 129 48 peccata
679 3122 141 48 quaedam,
785 3122 94 48 quae
844 3122 141 48 venialia
938 3122 94 48 appel-

232 3149 92 64 lat,
289 3149 115 64 punire
369 3149 80 64 non
415 3149 115 64 possit
495 3149 92 64 nisi
553 3149 160 64 temporaria
679 3149 115 64 poena.
759 3149 103 64 Atqui
828 3149 126 64 quodvis
919 3149 138 64 peccatum

238 3193 148 35 aeternam
348 3193 123 35 mortem
434 3193 148 35 meretur,
545 3193 74 35 ut
582 3193 98 35 ante
631 3193 160 35 probavimus.

254 3221 136 57 Decimus
353 3221 111 57 error
427 3221 99 57 est,
489 3221 99 57 quod
551 3221 136 57 peccata
650 3221 111 57 illa,
724 3221 136 57 majorem
823 3221 124 57 poenam
910 3221 111 57 justo
971 3221 87 57 judi-

228 3249 82 61 cio
275 3249 82 61 non
322 3249 163 61 mereantur.
450 3249 105 61 Atqui
520 3249 82 61 hoc
567 3249 82 61 est
613 3249 70 61 ex
648 3249 82 61 reo
695 3249 128 61 Judicem
788 3249 70 61 se
823 3249 187 61 constituere,
975 3249 58 61 &
986 3249 47 61 de

1074 157 93 53 suis
1133 157 140 53 peccatis
1237 157 82 53 pro
1284 157 82 53 suo
1331 157 140 53 arbitrio
1435 157 186 53 pronunciare.
1587 157 116 53 Aliter
1668 157 128 53 judicat
1762 157 93 53 Deus
1808 157 105 53 justis-

1080 204 117 38 simus
1158 204 117 38 mundi
1237 204 130 38 Judex,
1328 204 91 38 qui
1380 204 209 38 maledictioni
1550 204 157 38 subjicit
1667 204 117 38 omnem
1745 204 91 38 qui
1798 204 91 38 non
1837 204 78 38 per-

1077 244 138 41 manserit
1180 244 69 41 in
1215 244 127 41 omnibus
1307 244 92 41 quae
1364 244 127 41 scripta
1456 244 92 41 sunt
1514 244 69 41 in
1548 244 104 41 libro
1617 244 115 41 Legis,
1698 244 69 41 ut
1732 244 115 41 faciat
1801 244 46 41 ea

1116 268 163 43 Undecimus
1242 268 113 43 error
1317 268 100 43 est,
1379 268 100 43 quod
1442 268 88 43 sit
1492 268 113 43 ignis
1567 268 200 43 purgatorius,
1729 268 75 43 in
1767 268 100 43 quem
1817 268 100 43 animae

1076 309 179 35 morientium
1217 309 218 35 ingrediantur.
1397 309 77 35 At
1435 309 90 35 nos
1486 309 77 35 ex
1525 309 115 35 verbo
1602 309 90 35 Dei
1653 309 167 35 didicimus
1781 309 103 35 quod
1832 309 77 35 ani-

1077 340 86 36 mae
1126 340 172 36 morientium
1261 340 86 36 vel
1310 340 74 36 in
1347 340 123 36 coelum
1433 340 74 36 ab
1470 340 135 36 Angelis
1569 340 197 36 deportentur,
1729 340 86 36 vel
1778 340 74 36 ad
1802 340 111 36 inferos

1100 378 185 40 Daemonibus
1245 378 212 40 abripiantur:
1417 378 119 40 locum
1497 378 145 40 tertium
1602 378 172 40 Scriptura
1735 378 93 40 non
1774 378 106 40 novit:

1118 408 179 47 Duodecimus
1259 408 115 47 error
1335 408 102 47 est,
1399 408 102 47 quod
1463 408 77 47 in
1501 408 102 47 igne
1565 408 179 47 purgatorio
1705 408 166 47 solvantur
1820 408 89 47 poena

1076 440 179 44 temporales
1217 440 90 44 pro
1268 440 179 44 venialibus
1409 440 167 44 peccatis.
1537 440 77 44 At
1576 440 90 44 nos
1627 440 154 44 credimus
1742 440 154 44 Christum
1845 440 64 44 om-

1086 475 81 45 nes
1133 475 115 45 poenas
1213 475 138 45 peccatis
1317 475 127 45 nostris
1409 475 127 45 debitas
1501 475 184 45 persolvisse:
1650 475 127 45 proinde
1742 475 69 45 in
1777 475 92 45 ejus
1823 475 92 45 solius

1089 511 201 47 satisfactione
1243 511 178 47 acquiescimus.

1116 532 139 59 Decimus:
1221 532 127 59 tertius
1313 532 104 59 error
1383 532 93 59 est,
1441 532 93 59 quod
1499 532 116 59 soluta
1580 532 70 59 in
1615 532 93 59 igne
1673 532 162 59 purgatorio
1800 532 93 59 illa
1846 532 70 59 poe-

1083 577 83 45 na,
1131 577 95 45 bona
1190 577 119 45 merita
1273 577 107 45 justo
1345 577 131 45 judicio
1440 577 131 45 coronam
1535 577 166 45 justitiae,
1665 577 107 45 nulla
1737 577 71 45 re
1772 577 83 45 jam
1808 577 107 45 impedi-

1087 613 112 41 ente,
1161 613 100 41 sint
1224 613 187 41 perceptura.
1373 613 75 41 At
1411 613 87 41 nos
1461 613 137 41 coronam
1560 613 137 41 gloriae
1660 613 75 41 ex
1698 613 100 41 mera
1747 613 175 41 misericordia

1092 652 160 37 propter
1209 652 248 37 CHRISTIsolius
1413 652 160 37 meritum
1515 652 189 37 exspectamus

1112 676 91 54 Tam
1164 676 156 54 multorum
1281 676 143 54 errorum
1385 676 156 54 foecunda
1502 676 104 54 fuit
1567 676 221 54 Bellarminiana
1736 676 182 54 assumtionis.

1074 716 136 46 declavatio

1119 741 192 50 Concludimus
1273 741 141 50 igitur;
1375 741 217 50 Misericordiam
1554 741 89 50 Dei
1605 741 89 50 cum
1656 741 141 50 meritis
1758 741 141 50 humanis
1847 741 77 50 con-

1093 783 117 53 sistere
1178 783 74 53 non
1221 783 106 53 posse,
1295 783 74 53 δωο
1338 783 96 53 εδιει
1402 783 149 53 υωοασσίσαμ

1120 815 76 43 Sic
1164 815 87 43 fuit
1218 815 98 43 prima
1284 815 109 43 Thesis
1360 815 65 43 de
1393 815 185 43 misericordiae
1546 815 76 43 Dei
1578 815 164 43 dissentaneis.

1126 853 93 47 II.
1179 853 212 47 Misericordia
1351 853 93 47 Dei
1404 853 146 47 nunquam
1511 853 119 47 fuit,
1590 853 119 47 neque
1670 853 133 47 unquam
1763 853 106 47 erit
1829 853 106 47 vaga
1882 853 40 47 &

1083 886 151 44 fortuita.
1199 886 128 44 Proinde
1292 886 93 44 nemo
1350 886 93 44 sive
1408 886 70 44 ex
1443 886 162 44 Cajinitis,
1571 886 93 44 sive
1629 886 70 44 ex
1664 886 104 44 aliis
1733 886 93 44 vaga
1791 886 58 44 &
1803 886 116 44 fortuita

1093 928 182 40 misericordia
1240 928 79 40 Dei
1286 928 136 40 servatus
1388 928 102 40 fuit,
1456 928 68 40 2.
1490 928 125 40 Timoth.
1581 928 68 40 1.
1615 928 102 40 vers.
1683 928 68 40 9.
1717 928 79 40 Qui
1762 928 136 40 servavit
1853 928 57 40 nos

1087 959 59 42 &
1111 959 130 42 vocavit
1206 959 154 42 vocatione
1324 959 95 42 sua:
1383 959 83 42 non
1431 959 71 42 ex
1466 959 142 42 operibus
1573 959 118 42 notris
1656 959 83 42 sed
1703 959 71 42 ex
1738 959 83 42 suo
1774 959 142 42 proposito.

1091 997 58 37 &
1115 997 127 37 gratia,
1207 997 93 37 quae
1265 997 93 37 data
1323 997 81 37 est
1369 997 116 37 quidem
1450 997 104 37 nobis
1520 997 69 37 in
1555 997 127 37 Christo
1647 997 93 37 Iesu
1705 997 93 37 ante
1763 997 127 37 tempora
1844 997 81 37 secu-

1092 1028 124 51 lorum,
1166 1028 62 51 &c.

1176 1070 179 53 Hactenus
1311 1070 90 53 de
1355 1070 239 53 dissentaneis
1550 1070 254 53 misericordiae
1744 1070 75 53 Dei

1400 1117 179 63 sequuntur.

1117 1165 214 46 COMPARATA.
1285 1165 245 46 Misericordia
1484 1165 107 46 Dei
1545 1165 107 46 est
1607 1165 184 46 amplior,
1745 1165 123 46 quam
1806 1165 107 46 vindi

1088 1211 103 42 cta:
1152 1211 90 42 nam
1204 1211 218 42 misericordiam
1383 1211 103 42 Deus
1447 1211 77 42 in
1486 1211 115 42 mille
1563 1211 205 42 generationes
1730 1211 167 42 extendit,
1845 1211 77 42 vin-

1091 1250 114 48 dictae
1171 1250 137 48 duntaxat
1274 1250 126 48 quatuor
1365 1250 183 48 generationes
1514 1250 149 48 assignat,
1628 1250 103 48 Exod.
1697 1250 80 48 20.
1743 1250 103 48 vers.
1811 1250 69 48 5,
1834 1250 46 48 6.

1329 1300 281 55 VSVS.

1119 1366 104 44 Fines
1188 1366 81 44 seu
1234 1366 92 44 usus
1291 1366 196 44 misericordiae
1452 1366 127 44 divinae
1544 1366 92 44 sunt
1590 1366 161 44 multiplices.

1370 1412 105 54 USUS
1435 1412 79 54 in
1462 1412 183 54 διδασκαλίαᾳ.

1135 1454 121 53 Primo.
1220 1454 97 53 Deus
1281 1454 170 53 amplissima
1414 1454 97 53 dona
1475 1454 73 53 in
1511 1454 85 53 nos
1560 1454 146 53 confert:
1669 1454 97 53 quia
1730 1454 85 53 est
1766 1454 158 53 misericors,

1113 1495 84 41 es.
1161 1495 84 41 63.
1209 1495 72 41 7.
1245 1495 192 41 Amplitudinem
1401 1495 156 41 bonitatis
1521 1495 144 41 contulit
1628 1495 108 41 domut
1700 1495 144 41 Israelis
1796 1495 120 41 secundum

1106 1536 185 38 misericordiam
1258 1536 98 38 suam.
1323 1536 109 38 Ephes.
1399 1536 65 38 2.
1432 1536 65 38 v.
1465 1536 65 38 4,
1497 1536 65 38 5,
1530 1536 65 38 6.
1562 1536 76 38 Sed
1606 1536 98 38 Deus,
1671 1536 65 38 ut
1704 1536 76 38 qui
1747 1536 98 38 dives
1812 1536 76 38 sit
1845 1536 76 38 mise-

1093 1566 157 33 ricordia,
1214 1566 133 33 propter
1310 1566 121 33 multam
1394 1566 169 33 charitatem
1527 1566 96 33 suam
1587 1566 84 33 qua
1636 1566 133 33 dilexit
1732 1566 96 33 nos,
1792 1566 109 33 Etiam
1853 1566 60 33 nos

1104 1597 96 42 quum
1164 1597 72 42 in
1200 1597 144 42 offensis
1308 1597 120 42 mortui
1393 1597 144 42 essemus,
1501 1597 84 42 una
1549 1597 180 42 vivificavit
1693 1597 84 42 cum
1742 1597 144 42 Christo,
1838 1597 84 42 cujus

1106 1635 104 33 gratia
1178 1635 93 33 estis
1240 1635 124 33 servati:
1333 1635 104 33 Vnaque
1406 1635 155 33 suscitavit,
1530 1635 104 33 unaque
1602 1635 145 33 collocavit
1716 1635 62 33 in
1747 1635 104 33 coelis
1820 1635 62 33 in
1841 1635 72 33 Chri-

1099 1663 75 41 sto
1142 1663 86 41 Iesu
1196 1663 65 41 1.
1229 1663 86 41 Pet.
1282 1663 65 41 1.
1315 1663 97 41 vers.
1379 1663 65 41 3.
1412 1663 151 41 Benedictus
1530 1663 86 41 esto
1584 1663 86 41 Deus
1638 1663 54 41 &
1659 1663 97 41 Pater
1724 1663 108 41 Domini
1799 1663 108 41 nostri
1864 1663 54 41 Ie-

1095 1707 72 43 su
1131 1707 143 43 Christi,
1239 1707 84 43 qui
1286 1707 72 43 ex
1322 1707 108 43 multa
1394 1707 84 43 sua
1442 1707 191 43 misericordia
1597 1707 143 43 regenuit
1705 1707 84 43 nos
1753 1707 72 43 in
1788 1707 96 43 spem
1836 1707 84 43 vivam

1102 1733 77 39 per
1146 1733 199 39 resurrecttonem
1312 1733 89 39 Iesu
1368 1733 122 39 Christi
1456 1733 66 39 ex
1478 1733 111 39 mortuis.

1133 1765 153 39 Secundo.
1248 1765 102 39 Deus
1312 1765 89 39 est
1363 1765 192 39 misericors:
1516 1765 102 39 Ergo
1580 1765 115 39 etiam
1657 1765 115 39 alios
1733 1765 153 39 homines,
1848 1765 64 39 &
1861 1765 64 39 in-

1104 1798 128 42 primis
1194 1798 115 42 Reges
1270 1798 64 42 &
1296 1798 166 42 Principes
1424 1798 64 42 &
1449 1798 192 42 Magistratus
1603 1798 141 42 flectit
1705 1798 77 42 ad
1730 1798 192 42 misericordiam

1099 1834 92 39 erga
1157 1834 104 39 pios,
1226 1834 115 39 Jerem.
1307 1834 81 39 42.
1353 1834 81 39 12.
1400 1834 150 39 Praestabo
1515 1834 104 39 vobis
1584 1834 196 39 misericordiam
1746 1834 69 39 ut
1769 1834 150 39 misereatur.

1094 1864 138 51 vestri,
1195 1864 151 51 nimirum,
1308 1864 88 51 Rex
1346 1864 151 51 Babyloniae

1412 1907 151 49 ιλεγχος.

1132 1949 195 44 Consideratio
1290 1949 207 44 misericordiae
1460 1949 85 44 Dei
1509 1949 110 44 facit
1582 1949 73 44 ad
1619 1949 170 44 frangendos
1753 1949 146 44 insultus
1850 1949 73 44 ten-

1093 1994 148 40 tationum
1204 1994 74 40 de
1241 1994 173 40 desertione
1376 1994 136 40 nostri:
1475 1994 99 40 Deus
1537 1994 86 40 est
1586 1994 185 40 misericors:
1734 1994 86 40 Non
1783 1994 99 40 ergo
1833 1994 86 40 dese-

1089 2027 87 40 ret
1138 2027 87 40 me.
1188 2027 100 40 Hunc
1251 2027 100 40 usum
1313 2027 150 40 monstrat
1426 2027 125 40 Nehem.
1513 2027 100 40 cap.
1576 2027 75 40 9.
1613 2027 87 40 31.
1663 2027 137 40 Propter
1751 2027 162 40 miseratione

1092 2054 117 46 magnas
1174 2054 82 46 non
1221 2054 129 46 fecisti
1315 2054 106 46 eorum
1385 2054 199 46 consumtionem,
1550 2054 106 46 neque
1620 2054 188 46 dereliquisti
1772 2054 94 46 eos:
1831 2054 106 46 quid¬

1088 2089 102 34 Deus
1152 2089 140 34 fortis,
1254 2089 166 34 gratiosus
1382 2089 64 34 &
1407 2089 179 34 misericors
1548 2089 89 34 es.
1599 2089 89 34 Hoc
1650 2089 179 34 declaratur
1790 2089 115 34 etiam
1854 2089 64 34 ex-

1089 2123 109 44 emplo
1161 2123 109 44 Jobi,
1234 2123 121 44 Jacob.
1318 2123 72 44 5.
1355 2123 72 44 v.
1391 2123 85 44 11.
1439 2123 181 44 Tolerantiam
1584 2123 85 44 Iob
1632 2123 145 44 audistis
1741 2123 60 44 &
1765 2123 109 44 finem
1825 2123 97 44 Domini

1087 2157 169 45 vidistis:
1217 2157 91 45 nam
1269 2157 143 45 abundat
1374 2157 130 45 intima
1465 2157 209 45 misericordia
1634 2157 143 45 Dominus
1739 2157 65 45 &
1765 2157 91 45 est
1804 2157 117 45 misera

1070 2192 69 43 tor.

1398 2220 167 57 Eπανίρηωσις,

1115 2260 116 57 Facit
1193 2260 116 57 eadem
1270 2260 78 57 ad
1309 2260 220 57 objurgationem
1490 2260 129 57 eorum,
1580 2260 90 57 qui
1632 2260 220 57 misericordiam
1813 2260 78 57 in
1838 2260 78 57 pro-

1076 2306 115 36 ximum
1153 2306 90 36 non
1204 2306 167 36 exercent,
1333 2306 90 36 cum
1384 2306 115 36 ipsis
1461 2306 205 36 misericordia
1628 2306 90 36 Dei
1679 2306 64 36 a
1705 2306 90 36 Deo
1743 2306 167 36 contigerit.

1087 2339 82 39 Sic
1134 2339 165 39 objurgatur
1264 2339 106 39 malus
1334 2339 129 39 servus,
1428 2339 118 39 Matth.
1511 2339 82 39 18.
1558 2339 82 39 33.
1605 2339 106 39 Nonne
1675 2339 141 39 oportuit
1781 2339 71 39 te
1804 2339 118 39 misereri

1088 2378 134 46 conservi
1188 2378 89 46 tui,
1244 2378 67 46 ut
1277 2378 56 46 &
1300 2378 78 46 ego
1344 2378 78 46 tui
1389 2378 134 46 misertus
1478 2378 67 46 sum.

1427 2412 126 47 Πανδειαs.

1122 2453 106 47 Primo
1193 2453 106 47 facit
1263 2453 70 47 ad
1298 2453 164 47 excitandos
1428 2453 82 47 nos
1475 2453 70 47 ad
1510 2453 129 47 preces.
1604 2453 94 47 Deus
1662 2453 82 47 est
1709 2453 176 47 misericors:
1839 2453 70 47 Ergo

1087 2488 75 42 in
1124 2488 211 42 calamitatibus
1298 2488 187 42 invocandus.
1447 2488 87 42 Sic
1497 2488 112 42 David
1572 2488 100 42 sese
1634 2488 199 42 exstimulavit
1796 2488 75 42 ad
1820 2488 100 42 implo-

1094 2531 120 40 tandam
1178 2531 84 40 Dei
1226 2531 108 40 opem,
1297 2531 108 40 Psal.
1369 2531 84 40 86.
1417 2531 108 40 vers.
1489 2531 84 40 14,
1536 2531 120 40 15,16.
1620 2531 60 40 O
1644 2531 96 40 Deus
1704 2531 132 40 superbi
1787 2531 132 40 insurgunt

1083 2562 122 35 contra
1168 2562 85 35 me,
1217 2562 61 35 &
1241 2562 122 35 coetus
1326 2562 183 35 violentorum
1473 2562 146 35 quaerunt
1582 2562 110 35 vitam
1655 2562 110 35 meam,
1728 2562 85 35 qui
1777 2562 85 35 non
1814 2562 97 35 propo-

1086 2595 94 35 nunt
1145 2595 70 35 te
1180 2595 106 35 sibi.
1250 2595 70 35 Tu
1286 2595 106 35 autem
1356 2595 117 35 Domine
1438 2595 94 35 Deus
1497 2595 129 35 fortis,
1590 2595 164 35 misericors
1719 2595 59 35 &
1743 2595 152 35 gratiosus
1848 2595 59 35 esx

1089 2628 168 46 longanimis
1221 2628 60 46 &
1245 2628 120 46 multus
1329 2628 180 46 benignitate
1473 2628 60 46 &
1497 2628 108 46 fide.
1568 2628 132 46 Respice
1664 2628 72 46 ad
1700 2628 72 46 me
1736 2628 60 46 &
1760 2628 132 46 gratiam
1844 2628 72 46 fac-

1091 2664 101 34 mihi,
1158 2664 67 34 da
1192 2664 101 34 robur
1259 2664 90 34 tuum
1315 2664 101 34 servo
1382 2664 90 34 tuo,
1438 2664 56 34 &
1460 2664 101 34 serva
1527 2664 112 34 filium
1606 2664 134 34 ancillae
1695 2664 56 34 tua

1118 2685 143 50 Secundo
1222 2685 117 50 facit
1300 2685 78 50 ad
1338 2685 182 50 excitandam
1481 2685 65 50 &
1507 2685 207 50 confirmandam
1676 2685 78 50 in
1715 2685 117 50 nobis
1779 2685 130 50 fiduciam

1080 2731 203 31 exauditionis:
1247 2731 95 31 Unde
1306 2731 95 31 orat
1366 2731 107 31 David
1437 2731 107 31 Psal.
1509 2731 83 31 25.
1557 2731 71 31 v.
1592 2731 71 31 6,
1628 2731 71 31 7.
1664 2731 155 31 Recordare
1771 2731 143 31 miseratio-

1086 2766 84 38 num
1134 2766 131 38 tuarum,
1229 2766 131 38 Iehova,
1325 2766 60 38 &
1349 2766 191 38 benignitatum
1504 2766 131 38 tuarum,
1600 2766 84 38 eas
1647 2766 60 38 a
1671 2766 119 38 seculo
1755 2766 107 38 esse.
1814 2766 96 38 Pecca-

1076 2798 108 40 torum
1148 2798 156 40 pueritiae
1268 2798 96 40 meae
1328 2798 60 40 &
1352 2798 180 40 defectionum
1496 2798 120 40 mearum
1580 2798 72 40 ne
1616 2798 180 40 recorderis.
1760 2798 72 40 Et
1796 2798 108 40 Psal.
1856 2798 48 40 5n

1086 2832 72 42 v.
1122 2832 72 42 3.
1158 2832 145 42 secundum
1267 2832 193 42 amplitudinem
1424 2832 229 42 misericordiarum
1617 2832 121 42 tuarum
1702 2832 97 42 delo
1750 2832 157 42 defectione.

1076 2869 115 32 meas.
1153 2869 115 32 Psal.
1230 2869 90 32 69.
1281 2869 77 32 v.
1320 2869 90 32 17.
1371 2869 154 32 Secundum
1486 2869 205 32 amplitudinem
1653 2869 205 32 miserationum
1807 2869 103 32 tuarum

1090 2903 125 47 respice
1181 2903 68 47 ad
1215 2903 80 47 me.
1260 2903 102 47 Psal.
1328 2903 91 47 119.
1385 2903 91 47 156.
1442 2903 182 47 Miserationes
1590 2903 91 47 tuae
1646 2903 114 47 amplae
1726 2903 91 47 sunt
1783 2903 125 47 Iehova,
1862 2903 57 47 se-

1083 2936 127 35 cundum
1172 2936 139 35 judicia
1273 2936 89 35 tua
1324 2936 114 35 vivum
1400 2936 152 35 conserva
1502 2936 63 35 me.

1106 2962 125 41 Tertio
1193 2962 112 41 facit
1268 2962 75 41 ad
1305 2962 187 41 impellendum
1455 2962 87 41 nos
1505 2962 75 41 ad
1542 2962 187 41 imitationem
1692 2962 87 41 Dei
1742 2962 137 41 nostri.
1829 2962 75 41 Deus

1076 2998 88 40 est
1127 2998 188 40 misericors:
1277 2998 100 40 Ergo
1339 2998 63 40 &
1365 2998 88 40 nos
1415 2998 200 40 misericordes
1577 2998 100 40 esse
1640 2998 125 40 decet.
1728 2998 100 40 Hunc
1790 2998 100 40 usum
1840 2998 63 40 os-

1083 3041 118 42 tendit
1166 3041 142 42 Christus
1272 3041 94 42 Luc.
1331 3041 71 42 6.
1367 3041 83 42 36.
1414 3041 118 42 Estote
1497 3041 201 42 misericordes,
1662 3041 106 42 sicut
1733 3041 59 42 &
1756 3041 106 42 Pater
1816 3041 94 42 vester

1084 3066 146 41 misericors
1188 3066 62 41 est.

1115 3102 131 44 Quarto
1207 3102 118 44 facit
1286 3102 79 44 ad
1325 3102 92 44 nos
1378 3102 223 44 exstimulandos
1561 3102 79 44 ad
1601 3102 210 44 conversionem
1772 3102 66 44 &
1785 3102 131 44 pietatem

1080 3130 167 46 sinceram.
1208 3130 102 46 Deus
1272 3130 90 46 est
1324 3130 192 46 misericors:
1477 3130 102 46 Ergo
1541 3130 192 46 convertamur
1695 3130 77 46 ad
1733 3130 102 46 eum.
1798 3130 90 46 Sic
1836 3130 64 46 ex-

1079 3170 150 41 hortatur
1191 3170 100 41 Joel
1253 3170 100 41 cap.
1316 3170 75 41 2.
1353 3170 75 41 v.
1391 3170 87 41 13.
1441 3170 187 41 Revertimini
1591 3170 75 41 ad
1628 3170 137 41 lehovam
1728 3170 100 41 Deum
1778 3170 125 41 vestrum.

1078 3205 90 41 quia
1134 3205 146 41 gratiosus
1246 3205 56 41 &
1269 3205 157 41 misericors
1393 3205 90 41 est.
1449 3205 90 41 Rom.
1505 3205 79 41 12.
1550 3205 67 41 1.
1584 3205 135 41 Adhortor
1685 3205 112 41 igitur
1764 3205 90 41 vos,
1809 3205 101 41 fratres

1087 3238 79 39 per
1132 3238 181 39 miserationes
1279 3238 90 39 Dei,
1335 3238 68 39 ut
1369 3238 136 39 sistatis
1471 3238 124 39 corpora
1562 3238 113 39 vestra
1641 3238 124 39 hostiam
1731 3238 113 39 vivam,
1799 3238 113 39 sanctam,

1080 3272 161 42 placentem
1203 3272 99 42 Deo,
1265 3272 173 42 rationalem
1401 3272 111 42 illum
1475 3272 124 42 cultum
1549 3272 124 42 vestrum.
