2063 3385
253 166 124 56 Quinto
339 166 112 56 facit
414 166 74 56 ad
451 166 174 56 excitandum
588 166 87 56 nos
637 166 74 56 ad
675 166 186 56 celebrandum
823 166 112 56 Deum.
898 166 99 56 Deus
948 166 74 56 est,

231 212 176 40 nisericors:
372 212 152 40 laudandus
489 212 129 40 igitur,
583 212 105 40 Psal.
653 212 94 40 111.
711 212 70 40 v.
747 212 70 40 4.
782 212 141 40 Memoriam
875 212 141 40 comparavit

231 243 154 40 mirabilibus
354 243 93 40 suis,
416 243 134 40 gratiosus
519 243 51 40 &
540 243 144 40 misericors
653 243 113 40 Iehova.
735 243 72 40 Sic
776 243 93 40 Psal.
838 243 82 40 145.
889 243 62 40 v.
920 243 62 40 7,
951 243 62 40 8,
972 243 41 40 9.

223 276 143 38 Memoriam
330 276 119 38 amplae
414 276 155 38 bonitatis
533 276 95 38 tuae
592 276 155 38 eructent,
711 276 60 38 &
735 276 155 38 iustitiam
854 276 95 38 tuam
902 276 107 38 cantent

228 306 162 35 Gratiosum
352 306 62 35 &
377 306 199 35 misericordem
539 306 137 35 Iehovam
639 306 112 35 esse,
714 306 175 35 longanimem
851 306 62 35 &
876 306 125 35 magnum
951 306 62 35 be-

222 344 165 34 nignitate.
352 344 106 34 Bonum
423 344 94 34 esse
482 344 130 34 Iehovam
576 344 142 34 omnibus,
683 344 59 34 &
706 344 201 34 misericordiam
871 344 94 34 eius
930 344 71 34 in
954 344 59 34 om-

219 378 106 37 nibus
290 378 141 37 operibus
395 378 106 37 eius.
466 378 94 37 Luc.
525 378 70 37 1.
560 378 106 37 vers.
630 378 82 37 50.
677 378 106 37 Maria
748 378 106 37 mater
818 378 117 37 Domini
901 378 82 37 hoc
936 378 82 37 argu-

219 411 109 32 mento
291 411 121 32 laudat
376 411 145 32 Dominum:
485 411 109 32 Cuius
557 411 193 32 misericordia
714 411 72 32 in
750 411 109 32 omnes
823 411 133 32 aetates
907 411 109 32 parata.

226 439 75 35 est
269 439 149 35 timentibus
386 439 107 35 ipsum.
461 439 85 35 Rom.
514 439 75 35 15.
557 439 64 35 v.
589 439 64 35 9.
621 439 64 35 Vt
652 439 107 35 gentes
727 439 75 35 pro
770 439 170 35 misericordia
897 439 107 35 glorifi-

233 467 84 39 cent
286 467 95 39 Deum:
350 467 95 39 sicut
413 467 127 39 scriptum
508 467 84 39 est,
561 467 137 39 propterea
666 467 137 39 celebrabo
772 467 63 39 te
803 467 169 39 intergentes,
941 467 53 39 &
951 467 53 39 no-

229 499 91 41 mini
285 499 79 41 tuo
319 499 114 41 psallam.

252 533 105 40 Sexto
322 533 105 40 facit
393 533 70 40 ad
428 533 175 40 praestandum
568 533 82 40 Deo
615 533 152 40 obsequium
732 533 70 40 in
767 533 175 40 suscipienda
895 533 117 40 castiga-

220 565 100 37 tione
287 565 78 37 cum
331 565 156 37 patientia,
453 565 100 37 sicut
520 565 100 37 David
587 565 100 37 dixit
653 565 89 37 Gadi
709 565 156 37 Prophetae,
831 565 67 37 2.
865 565 89 37 Sam.
920 565 78 37 24.
953 565 56 37 14.

219 602 147 37 Angustia
329 602 86 37 est
378 602 98 37 mihi
439 602 123 37 valde:
525 602 159 37 incidamus
648 602 123 37 quaeso
733 602 74 37 in
770 602 110 37 manum
844 602 147 37 Iehovae,
942 602 61 37 nan

222 630 118 44 magnae
305 630 95 44 sunt
364 630 189 44 miserationes
518 630 106 44 cius,
589 630 71 44 in
624 630 106 44 manum
695 630 106 44 autem
766 630 130 44 hominis
861 630 71 44 ne
884 630 95 44 cadam.

509 671 189 55 ΠαραXλσεις.

256 718 109 52 Facit
328 718 72 52 ad
365 718 205 52 consolationem
533 718 145 52 adversus
642 718 181 52 tentationes
787 718 181 52 gravissimas
932 718 72 52 de
956 718 60 52 ma-

217 765 145 47 gnitudine
329 765 134 47 peccati.
429 765 89 47 Deus
485 765 78 47 est
530 765 168 47 misericors:
664 765 89 47 Ergo
719 765 134 47 remittit
820 765 89 47 tibi
876 765 123 47 peccata
954 765 67 47 tua-

222 799 165 38 quantumvis
352 799 130 38 maxima,
446 799 83 38 nec
493 799 71 38 te
529 799 130 38 propter
623 799 94 38 illa
682 799 130 38 deseret
776 799 83 38 aut
823 799 130 38 perdet:
918 799 106 38 major
977 799 35 38 &

220 831 157 39 potentior
341 831 85 39 est
389 831 85 39 Dei
438 831 206 39 misericordia,
607 831 97 39 quam
668 831 157 39 peccatum:
789 831 109 39 major
862 831 85 39 est
910 831 85 39 Dei
946 831 61 39 mi-

223 863 181 35 sericordia,
368 863 97 35 quam
428 863 121 35 totius
512 863 109 35 mundi
585 863 145 35 miseria.
693 863 97 35 Hanc
754 863 205 35 consolationem
911 863 97 35 tradi-

226 893 141 37 scriptura
334 893 97 37 Deut.
399 893 65 37 4.
432 893 65 37 v.
464 893 76 37 31.
507 893 162 37 Quandoquide
637 893 108 37 Iehova
713 893 87 37 Deus
767 893 87 37 tuus
821 893 87 37 est,
875 893 87 37 Deus
919 893 97 37 fortis,

221 928 154 31 misericors,
344 928 72 31 non
385 928 123 31 deseret,
477 928 92 31 neque
538 928 102 31 perdet
610 928 72 31 te,
651 928 92 31 neque
712 928 164 31 obliviscetur
845 928 113 31 federis
917 928 92 31 matorum

217 961 116 35 tuorum,
302 961 84 35 quod
354 961 137 35 juramento
460 961 126 35 sancivit
555 961 105 35 illis.
628 961 95 35 Psal.
691 961 74 35 78.
734 961 63 35 v.
765 961 74 35 38.
807 961 84 35 Ille
860 961 147 35 misericors
965 961 53 35 ex-

223 989 112 45 piabat
301 989 167 45 iniquitatem
435 989 78 45 ita
480 989 67 45 ut
513 989 78 45 non
558 989 145 45 perderet,
669 989 56 45 &
692 989 134 45 plurimum
792 989 145 45 avertebat
904 989 89 45 iram
948 989 56 45 sui

227 1018 78 46 am,
271 1018 100 46 neque
338 1018 144 46 excitabat
449 1018 100 46 totum
515 1018 111 46 aestum
581 1018 78 46 suum.

248 1048 115 43 Eadem
325 1048 205 43 misericordia
492 1048 90 43 Dei
543 1048 179 43 consolatur
684 1048 90 43 nos
735 1048 154 43 adversus
850 1048 141 43 hominum
940 1048 64 43 sui

216 1088 149 42 perborum
327 1088 62 42 &
352 1088 186 42 violentorum
501 1088 248 42 immisericordiam:
712 1088 112 42 sicut
787 1088 99 42 sese
849 1088 112 42 David
911 1088 87 42 sola;

223 1120 86 35 tur,
277 1120 107 35 Psalm.
352 1120 75 35 86.
394 1120 75 35 14,
437 1120 75 35 15.
480 1120 53 35 O
501 1120 86 35 Deus
555 1120 118 35 superbi
640 1120 139 35 insurgunt
747 1120 107 35 contra
822 1120 75 35 me,
865 1120 53 35 &
886 1120 107 35 coetus
951 1120 53 35 vi-

229 1149 153 40 plentorum
347 1149 141 40 quaerunt
452 1149 106 40 vitam
523 1149 106 40 meam,
593 1149 82 40 qui
640 1149 70 40 no
675 1149 153 40 proponunt
793 1149 70 40 te
828 1149 106 40 sibi.
898 1149 70 40 Tu
922 1149 82 40 autem

214 1188 119 38 Domine
298 1188 96 38 Deus
357 1188 131 38 fortis,
453 1188 167 38 misericors
584 1188 60 38 &
608 1188 155 38 gratiojus
727 1188 84 38 es,
775 1188 167 38 longanimis
907 1188 60 38 &
918 1188 96 38 multus

215 1215 159 40 benignitate
343 1215 64 40 ac
364 1215 74 40 fide.

256 1245 132 40 Insuper
352 1245 108 40 facit
424 1245 72 40 ad
460 1245 204 40 consolationem
628 1245 72 40 in
664 1245 132 40 omnibus
760 1245 228 40 afflictionibus.
940 1245 60 40 Nam

208 1275 80 39 cum
253 1275 92 39 Deus
311 1275 80 39 sit
356 1275 172 39 misericors,
494 1275 126 39 avertet
585 1275 183 39 afflictiones
734 1275 114 39 quibus
814 1275 103 39 juste
883 1275 80 39 nos
917 1275 92 39 casti-

221 1319 83 35 gat.
273 1319 83 35 Ista
325 1319 146 35 consglatio
440 1319 115 35 exstat,
523 1319 94 35 Psal.
586 1319 83 35 103.
638 1319 63 35 8,
669 1319 63 35 9.
700 1319 146 35 Misericors
815 1319 52 35 &
836 1319 136 35 gratiosus
930 1319 73 35 Ieho-

221 1346 78 30 va,
265 1346 156 30 longanimis
388 1346 56 30 &
411 1346 112 30 multus
489 1346 179 30 benignitate.
634 1346 78 30 Non
678 1346 67 30 in
712 1346 134 30 aeternum
812 1346 134 30 litigat,
913 1346 100 30 neque
968 1346 45 30 in

225 1375 127 45 seculum
318 1375 92 45 iram
376 1375 150 45 asservat.
491 1375 127 45 Jesaiae
584 1375 81 45 54.
630 1375 69 45 v.
665 1375 69 45 7.
699 1375 69 45 Ad
734 1375 139 45 momentum
838 1375 116 45 parvum
908 1375 92 45 dereli

217 1412 112 37 queram
295 1412 78 37 te,
340 1412 78 37 sed
384 1412 201 37 miserationibus
552 1412 112 37 magnis
630 1412 156 37 congregabo
752 1412 78 37 te:
797 1412 67 37 Et
830 1412 100 37 vers.
897 1412 78 37 10.
931 1412 78 37 Beni-

217 1443 107 43 gnitas
292 1443 75 43 mea
335 1443 53 43 a
356 1443 64 43 te
388 1443 75 43 non
431 1443 128 43 recedet,
527 1443 53 43 &
548 1443 96 43 fedus
613 1443 96 43 pacis
677 1443 85 43 meae
730 1443 75 43 non
773 1443 171 43 dimovebitur,
912 1443 75 43 ait
944 1443 53 43 mi-

224 1471 114 36 serator
307 1471 83 36 tuus
348 1471 94 36 Iehova.

255 1501 181 40 Consolatur
397 1501 142 40 denique
500 1501 155 40 adversus
617 1501 129 40 mortem
707 1501 129 40 ipsam.
797 1501 90 40 Nam
849 1501 90 40 cum
888 1501 116 40 miseri-

215 1537 113 36 cordia
294 1537 79 36 Dei
339 1537 79 36 sit
384 1537 135 36 aeterna,
486 1537 68 36 ne
519 1537 113 36 quidem
598 1537 68 36 in
632 1537 102 36 morte
700 1537 90 36 ipsa
756 1537 79 36 nos
802 1537 158 36 destituet,
926 1537 79 36 sed
960 1537 56 36 tum

213 1569 211 40 abundantissime
389 1569 200 40 explicabitur,
554 1569 141 40 remissis
659 1569 106 40 nobis
730 1569 141 40 peccatis
836 1569 129 40 omnibus
930 1569 59 40 &
941 1569 59 40 li-

226 1601 127 41 beratis
319 1601 104 41 nobis
388 1601 69 41 ab
423 1601 92 41 omni
469 1601 115 41 miseria.

322 1639 171 58 Hactenus
450 1639 85 58 de
492 1639 228 58 misericordia
677 1639 114 58 DEI:
748 1639 171 58 sequitur
862 1639 57 58 de

521 1685 92 54 eius
566 1685 138 54 patientia.

435 1795 254 63 CAPUT
576 1795 197 63 XXIV.

403 1872 101 58 In
454 1872 117 58 quo
521 1872 101 58 de
571 1872 218 58 Patientia
722 1872 101 58 DEI.

225 1949 179 42 TEpatientia
368 1949 83 42 DEI
416 1949 167 42 quaeritur,
547 1949 72 42 An
583 1949 83 42 sit
630 1949 72 42 in
666 1949 83 42 Deo
714 1949 167 42 proprietas
833 1949 167 42 essentialis.

230 1988 90 46 Quid
286 1988 90 46 sit?
342 1988 90 46 quae
399 1988 90 46 eius
455 1988 124 46 causae,
545 1988 135 46 effecta,
635 1988 56 46 &c.

334 2014 96 41 Quod
394 2014 72 41 ad
430 2014 119 41 primam
513 2014 179 41 quaestionem
657 2014 143 41 attinet,
764 2014 155 41 distingui
884 2014 108 41 debet
943 2014 60 41 vos

232 2059 152 37 patientiae
352 2059 54 37 a
373 2059 65 37 re
406 2059 87 37 voce
460 2059 76 37 hac
504 2059 163 37 intellecta.
634 2059 65 37 Si
667 2059 98 37 vocem
732 2059 130 37 spectes,
830 2059 87 37 quia
884 2059 54 37 a
895 2059 109 37 patiende

217 2095 136 27 dicitur,
319 2095 148 27 nequaquam
433 2095 125 27 proprie
524 2095 159 27 essentiali
649 2095 171 27 proprietati
785 2095 80 27 Dei
830 2095 159 27 tribuitur:
944 2095 57 27 imo

222 2118 118 36 nullae
305 2118 106 36 voces
376 2118 106 36 sunt,
447 2118 118 36 quibus
530 2118 130 36 proprie
624 2118 142 36 possumus
731 2118 189 36 proprietatem
885 2118 106 36 ullam
944 2118 59 36 es-

221 2152 145 38 sentialem
332 2152 78 38 Dei
377 2152 156 38 exprimere;
500 2152 89 38 quum
556 2152 145 38 quaelibet
667 2152 78 38 vox
712 2152 78 38 sit
757 2152 123 38 finita,
846 2152 145 38 quaelibet
946 2152 45 38 au

232 2186 69 35 em
267 2186 173 35 essentialis
406 2186 162 35 proprietas
532 2186 81 35 Dei
579 2186 150 35 infinita.
694 2186 81 35 Sin
740 2186 92 35 vero
798 2186 81 35 rem
832 2186 162 35 consideremus

221 2211 95 45 quam
281 2211 166 45 patientiae
411 2211 83 45 Dei
459 2211 273 45 nomineintelligimus,
697 2211 71 45 ea
732 2211 190 45 propriissime
887 2211 83 45 Deo
923 2211 71 45 com-

220 2243 101 48 petit
287 2243 56 48 &
310 2243 90 48 vere
366 2243 157 48 proprietas
489 2243 90 48 ejus
545 2243 168 48 essentialis
680 2243 90 48 est:
736 2243 90 48 quia
793 2243 101 48 primo
860 2243 67 48 ei
882 2243 124 48 convenit,

219 2279 108 43 nobis
291 2279 108 43 autem
363 2279 132 43 nonnisi
446 2279 132 43 αυκλόγως,

259 2310 77 44 Qui
303 2310 88 44 vero
358 2310 110 44 negant
435 2310 154 44 patientiam
556 2310 77 44 Dei
600 2310 88 44 esse
655 2310 88 44 ipsi
710 2310 176 44 essentialem,
853 2310 77 44 seu
897 2310 88 44 esse
941 2310 66 44 pro-

225 2347 151 42 prietatem
341 2347 81 42 Dei
388 2347 186 42 essentialem,
539 2347 81 42 his
585 2347 162 42 argumentis
701 2347 116 42 utuntur:

260 2374 62 39 I.
291 2374 72 39 Qui
332 2374 93 39 nihil
394 2374 124 39 patitur,
487 2374 62 39 in
518 2374 62 39 eo
549 2374 72 39 non
590 2374 72 39 est
621 2374 124 39 patientia.

259 2408 91 41 Deus
316 2408 103 41 nihil
373 2408 114 41 patitur:

259 2435 84 50 Ergo
311 2435 63 50 in
343 2435 74 50 Deo
385 2435 74 50 non
427 2435 74 50 est
458 2435 126 50 patientia.

250 2469 112 43 RESP.
324 2469 124 43 Medius
411 2469 149 43 terminus
523 2469 87 43 est
572 2469 161 43 ambiguus:
697 2469 99 43 quia
759 2469 99 43 pati
821 2469 137 43 diversa
908 2469 99 43 signi-

220 2501 143 41 ficatione
330 2501 154 41 accipitur;
452 2501 154 41 significat
573 2501 88 41 enim
628 2501 77 41 vel
672 2501 143 41 sustinere
782 2501 132 41 dolorem,
871 2501 132 41 cruciatum,

223 2535 197 42 afflictionem,
386 2535 81 42 vel
432 2535 116 42 modera
514 2535 93 42 iram
572 2535 104 42 etiam
641 2535 186 42 justissimam,
792 2535 81 42 Jam
839 2535 93 42 etsi
897 2535 93 42 Deus
943 2535 58 42 ni-

227 2568 79 43 hil
272 2568 125 43 patitur
363 2568 125 43 doloris
453 2568 57 43 &
476 2568 193 43 afflictionis:
635 2568 102 43 tamen
703 2568 91 43 iram
760 2568 91 43 suam
816 2568 147 43 moderatur

256 2597 75 46 II.
299 2597 96 46 Omnis
363 2597 160 46 essentialis
491 2597 149 46 proprietas
609 2597 75 46 Dei
651 2597 75 46 est
683 2597 107 46 aeterna.

265 2631 138 44 Patientia
372 2631 74 44 Dei
414 2631 74 44 non
457 2631 74 44 est
499 2631 128 44 aeterna:
595 2631 96 44 Ergo,
648 2631 53 44 &c.

253 2649 105 50 RESP.
323 2649 140 50 Assumtio
428 2649 82 50 est
475 2649 117 50 falsa:
557 2649 82 50 nam
603 2649 152 50 patientia
720 2649 82 50 Dei
767 2649 70 50 in
802 2649 93 50 tota
848 2649 152 50 aeternitati

228 2697 175 34 moderabitur
368 2697 93 34 iram
427 2697 70 34 in
462 2697 140 34 diabolos
567 2697 58 34 &
590 2697 128 34 homines
683 2697 152 34 damnatos,
800 2697 82 34 ne,
846 2697 70 34 si
881 2697 105 34 illam
940 2697 58 34 om-

219 2728 86 41 nem
268 2728 74 41 in
305 2728 110 41 ipsos
378 2728 184 41 effunderet,
525 2728 74 41 in
562 2728 135 41 nihilum
660 2728 184 41 redigantur.
807 2728 196 41 Omnipotentia
954 2728 49 41 i1

226 2754 81 40 Deo
273 2754 69 40 ab
307 2754 115 40 eterno
388 2754 104 40 fuit,
457 2754 92 40 etsi
515 2754 139 40 operibus
619 2754 139 40 externis
723 2754 81 40 eam
769 2754 139 40 definito
873 2754 104 40 demum
931 2754 69 40 tem-

220 2797 88 32 pore
275 2797 142 32 declarare
384 2797 142 32 coeperit.
494 2797 131 32 Charitas
593 2797 77 32 Dei
636 2797 66 32 in
669 2797 77 32 nos
713 2797 121 32 aeterna
801 2797 99 32 erit,
867 2797 77 32 nec
910 2797 99 32 tamen
965 2797 44 32 ea

231 2825 114 32 effecta
314 2825 83 32 quae
365 2825 93 32 nobis
428 2825 62 32 in
459 2825 73 32 hac
500 2825 83 32 vita
552 2825 156 32 praestitit,
677 2825 93 32 etiam
739 2825 83 32 post
791 2825 83 32 hanc
842 2825 93 32 vitam
894 2825 104 32 praesta-

220 2856 98 39 bit:
281 2856 86 39 non
330 2856 98 39 enim
391 2856 135 39 amplius
489 2856 123 39 mittet
575 2856 123 39 Filium
661 2856 74 39 in
698 2856 135 39 carnem,
796 2856 86 39 non
845 2856 123 39 tradet
930 2856 86 39 cum
967 2856 49 39 in

229 2893 117 37 mortem
311 2893 117 37 nostri
393 2893 117 37 causa:
475 2893 105 37 sicut
546 2893 141 37 charitas
651 2893 117 37 nostra
733 2893 82 37 non
780 2893 82 37 est
827 2893 94 37 pest
885 2893 94 37 hanc
932 2893 82 37 vitam

223 2922 139 40 habitura
328 2922 104 40 omnia
397 2922 116 40 opera,
479 2922 93 40 quae
537 2922 93 40 modo
595 2922 139 40 exercet:
699 2922 81 40 non
746 2922 104 40 enitm
815 2922 70 40 in
850 2922 128 40 aeterna
931 2922 70 40 feli

233 2955 106 43 citate
308 2955 128 43 pascendi
404 2955 96 43 erunt
467 2955 160 43 esurientes,
595 2955 74 43 nec
638 2955 138 43 sitientes
744 2955 117 43 potandi
829 2955 53 43 &
850 2955 85 43 alia
904 2955 96 43 hujus
957 2955 53 43 ge

219 2989 77 37 neris.

250 3014 100 44 Ratum
317 3014 112 44 igitur
395 3014 100 44 esto,
462 3014 156 44 patientiam
585 3014 67 44 si
618 3014 78 44 rem
663 3014 100 44 ipsam
730 3014 123 44 spectes
819 3014 78 44 Deo
853 3014 156 44 propriissime

220 3049 135 43 tribui:
318 3049 86 43 Sic
367 3049 110 43 autem
428 3049 171 43 describitur:

263 3081 178 57 PATIENTIA
400 3081 110 57 DEI,
469 3081 96 57 est
524 3081 219 57 benignissima
702 3081 110 57 ejus
771 3081 178 57 voluntas,
908 3081 96 57 per
949 3081 82 57 quam

1050 169 83 52 ita
1098 169 154 52 moderatur
1216 169 95 52 iram
1276 169 107 52 suam,
1347 169 71 52 ut
1383 169 83 52 vel
1430 169 83 52 diu
1478 169 143 52 sufferat
1585 169 154 52 peccantes
1704 169 166 52 creaturas,
1822 169 36 52 &

1068 209 115 40 boenas
1149 209 150 40 differat,
1265 209 162 40 exspectans
1392 209 127 40 ipsorum
1484 209 219 40 resipiscentiam:
1668 209 81 40 vel
1715 209 92 40 iram
1772 209 81 40 non
1807 209 46 40 o-

1059 245 98 44 mnem
1120 245 86 44 uno
1169 245 135 44 momento
1268 245 74 44 in
1304 245 111 44 illos
1378 245 160 44 effundat,
1501 245 74 44 ne
1538 245 74 44 in
1575 245 160 44 nihihilum
1697 245 184 44 redigantur.

1059 274 132 42 Dicitur
1155 274 120 42 Graece
1239 274 120 42 ανογι,
1323 274 84 42 Rom
1371 274 72 42 2.
1407 274 72 42 v.
1443 274 72 42 4.
1479 274 60 42 &
1503 274 72 42 3.
1539 274 84 42 26.
1587 274 180 42 Tolerantia:
1719 274 132 42 μακμῳνμια

1056 304 174 37 longanimitas,
1199 304 102 37 Roman.
1270 304 61 37 2.
1301 304 61 37 v.
1332 304 61 37 4.
1362 304 51 37 &
1383 304 51 37 9
1403 304 61 37 v.
1434 304 72 37 22.
1475 304 61 37 1.
1505 304 92 37 Petr,
1567 304 61 37 3.
1597 304 61 37 v.
1628 304 72 37 20.
1669 304 61 37 Et
1700 304 61 37 2.
1730 304 92 37 Petr.
1792 304 61 37 3.
1812 304 41 37 v.

1060 341 84 33 15.
1108 341 133 33 Vocatur
1205 341 96 33 Hebr
1265 341 108 33 PIaM,
1337 341 72 33 id
1373 341 96 33 est,
1433 341 169 33 mansuetudo
1566 341 96 33 Dei,
1626 341 72 33 2.
1662 341 96 33 Sam.
1722 341 84 33 22.
1771 341 72 33 v.
1795 341 60 33 36.

1060 374 126 34 vulgata
1151 374 114 34 versio
1231 374 114 34 habet:
1311 374 126 34 dedisti
1403 374 92 34 mihi
1460 374 126 34 clypeum
1552 374 126 34 salutis
1643 374 92 34 tuae
1700 374 57 34 &
1712 374 137 34 mansuetude

1056 402 86 40 tua
1105 402 209 40 multiplicavit
1277 402 86 40 me:
1326 402 86 40 Vel
1375 402 74 40 ut
1412 402 184 40 Termelliana
1560 402 61 40 &
1584 402 135 40 Juniana
1683 402 123 40 versio
1757 402 98 40 haber:

1063 434 67 40 Et
1096 434 155 40 mansuetudo
1218 434 78 40 tua
1263 434 122 40 adauget
1352 434 78 40 me.
1396 434 89 40 Idem
1452 434 111 40 exstat
1529 434 100 40 Psal.
1596 434 78 40 18.
1640 434 67 40 v.
1663 434 44 40 3.

1088 461 173 46 Patientia
1221 461 106 46 Dei,
1287 461 106 46 quam
1354 461 239 46 longanimitatem
1553 461 67 46 &
1580 461 226 46 mansuetudinem
1753 461 93 46 etiam

1045 502 82 32 Dei
1092 502 176 32 appellamus,
1233 502 70 32 re
1268 502 94 32 idem
1326 502 129 32 prorjus
1420 502 82 32 est
1467 502 82 32 cum
1514 502 164 32 clementia:
1642 502 129 32 ratione
1736 502 105 32 tamen
1794 502 59 32 ab-

1054 531 72 38 ea
1090 531 143 38 differt.
1197 531 83 38 Nam
1245 531 155 38 patientia
1364 531 83 38 seu
1412 531 167 38 mansuetudo
1543 531 83 38 sic
1591 531 95 38 iram
1650 531 167 38 moderatur,
1781 531 72 38 ut
1805 531 48 38 ad

1063 565 108 37 poenas
1139 565 162 37 infligendas
1268 565 76 37 non
1312 565 151 37 prorumpat,
1430 565 65 37 ut
1463 565 119 37 faciunt
1549 565 151 37 ἀκροχρλοι,
1668 565 119 37 extreme
1744 565 97 37 biliosi

1054 598 68 34 At
1088 598 148 34 clementia
1202 598 114 34 poenam
1282 598 80 34 ita
1327 598 160 34 moderatur,
1453 598 68 34 ut
1487 598 80 34 eam
1533 598 80 34 vel
1578 598 125 34 mitiget
1670 598 80 34 vel
1715 598 125 34 prorsus
1795 598 57 34 re-

1058 628 120 34 mittat.
1145 628 153 34 Μaκgoθuμια
1265 628 109 34 virtus
1342 628 87 34 est,
1396 628 87 34 quam
1451 628 87 34 etsi
1505 628 109 34 odimus
1581 628 153 34 malefacta,
1701 628 65 34 in
1734 628 98 34 ipsos
1788 628 55 34 ta-

1051 662 78 36 men
1095 662 177 36 malefactores
1239 662 78 36 non
1283 662 89 36 cito
1339 662 78 36 aut
1383 662 111 36 facile
1461 662 210 36 animadvertimus,
1638 662 78 36 sed
1682 662 78 36 eos
1726 662 66 36 ad
1748 662 89 36 resipi

1055 695 134 34 scentiam
1156 695 179 34 exspectamus.
1301 695 78 34 Est
1346 695 90 34 haec
1402 695 112 34 virtus
1480 695 123 34 propria
1570 695 134 34 parentum
1671 695 90 34 erga
1727 695 134 34 liberos,
1816 695 34 34 &

1059 721 109 37 amici
1132 721 97 37 erga
1193 721 134 37 amicum:
1290 721 61 37 &
1314 721 182 37 testimonium
1460 721 85 37 est
1509 721 134 37 apertum
1606 721 85 37 tum
1655 721 158 37 bonitatis
1764 721 85 37 natu-

1057 756 75 35 rae
1100 756 75 35 tum
1143 756 107 35 amoris
1218 756 85 35 erga
1271 756 107 35 alios.
1346 756 96 35 Talis
1410 756 96 35 etiam
1474 756 75 35 est
1517 756 96 35 Deus,
1581 756 53 35 &
1602 756 107 35 quidem
1677 756 96 35 longe
1730 756 107 35 perfecti

1064 790 85 35 pri,
1118 790 85 35 quam
1171 790 75 35 nos
1214 790 107 35 simus,
1288 790 96 35 modo,
1352 790 85 35 Hanc
1406 790 85 35 sibi
1459 790 85 35 Deus
1512 790 85 35 ipse
1566 790 117 35 tribuit
1651 790 64 35 in
1683 790 139 35 luculenta
1779 790 64 35 illa

1052 823 191 35 descriptione,
1209 823 90 35 quae
1265 823 112 35 exstat
1344 823 101 35 Exod.
1412 823 79 35 34.
1457 823 67 35 6,
1490 823 67 35 7.
1524 823 146 35 Transiens
1636 823 112 35 Iehova
1715 823 90 35 ante
1760 823 90 35 faciem

1060 855 102 40 ejus,
1128 855 170 40 inclamavit,
1264 855 125 40 Jehova,
1355 855 125 40 Jehova,
1446 855 91 40 Deus
1502 855 125 40 fortis,
1593 855 159 40 misericors
1718 855 57 40 &
1741 855 125 40 gratio¬

1051 888 92 36 sus:
1109 888 161 36 longanimis
1236 888 58 36 &
1259 888 115 36 multus
1340 888 173 36 benignitate
1478 888 58 36 &
1501 888 104 36 fide.
1570 888 92 36 Haec
1628 888 104 36 eadem
1697 888 161 36 patientiae
1812 888 35 36 &

1048 918 195 40 longanimitatis
1211 918 119 40 divinae
1298 918 163 40 praedicatio
1428 918 141 40 repetitur
1536 918 108 40 Numer.
1612 918 76 40 14.
1656 918 65 40 v.
1688 918 76 40 18.
1732 918 98 40 Psal.
1786 918 54 40 86.

1059 949 56 38 v.
1087 949 56 38 4.
1115 949 66 38 14.
1152 949 84 38 Psal.
1209 949 75 38 103.
1256 949 56 38 8.
1284 949 84 38 Psal.
1340 949 75 38 145.
1387 949 56 38 8.
1415 949 84 38 Ioel.
1471 949 56 38 2.
1499 949 66 38 13.
1537 949 94 38 Nahum.
1603 949 56 38 1.
1631 949 56 38 v.
1659 949 56 38 3.
1687 949 75 38 Ion.
1734 949 56 38 4.
1762 949 56 38 2.
1781 949 56 38 Cae-

1049 981 122 45 terum
1131 981 163 45 Hebraeis
1253 981 95 45 CON
1307 981 81 45 TN
1348 981 122 45 erech
1429 981 149 45 appajim
1537 981 149 45 dicitur
1646 981 136 45 longis
1727 981 122 45 naribs.

1054 1017 93 43 sive
1112 1017 116 43 longas
1193 1017 104 43 nares
1263 1017 127 43 habens,
1355 1017 174 43 metaphorice
1494 1017 104 43 autem
1563 1017 116 43 longus
1644 1017 81 43 seu
1691 1017 116 43 tardus
1760 1017 81 43 iris:

1060 1052 70 41 OM
1095 1052 128 41 appajim
1188 1052 93 41 enim
1246 1052 93 41 sunt
1304 1052 104 41 nares
1374 1052 139 41 proprie,
1478 1052 58 41 &
1501 1052 151 41 transtate
1617 1052 104 41 irae.
1687 1052 174 41 Significat.

1057 1091 103 37 autem
1125 1091 217 37 longanimitatem,
1308 1091 92 37 quam
1365 1091 92 37 Deus
1423 1091 160 37 declavans,
1549 1091 103 37 tarde
1617 1091 160 37 irascitur,
1732 1091 114 37 injurias

1052 1121 86 37 fert
1106 1121 182 37 aequanimiter,
1256 1121 75 37 nec
1299 1121 107 37 facile
1374 1121 150 37 irritatur,
1492 1121 54 37 &
1513 1121 97 37 tarde
1578 1121 97 37 punit
1642 1121 75 37 eos
1685 1121 75 37 qui
1717 1121 118 37 derelique

1054 1159 102 38 runt.
1121 1159 136 38 Notandum
1223 1159 90 38 Deum
1280 1159 79 38 non
1325 1159 124 38 dicere,
1415 1159 68 38 se
1449 1159 90 38 esse
1505 1159 90 38 sine
1562 1159 90 38 ira,
1618 1159 102 38 quasi
1686 1159 124 38 nunquam
1765 1159 68 38 pec-

1054 1189 97 45 catis
1119 1189 151 45 irascatur:
1237 1189 75 45 sed
1280 1189 108 45 tantum
1356 1189 65 45 se
1388 1189 108 45 tardum
1463 1189 86 45 esse
1517 1189 65 45 ad
1549 1189 97 45 iram.
1614 1189 140 45 Irascitur
1722 1189 97 45 ergo,
1786 1189 75 45 sed

1048 1212 83 38 neque
1103 1212 83 38 cito,
1158 1212 83 38 neque
1213 1212 101 38 facile,
1286 1212 83 38 neque
1332 1212 83 38 temere.

1076 1253 98 38 Causa
1141 1253 87 38 ejus
1196 1253 153 38 efficiens,
1316 1253 76 38 non
1359 1253 76 38 est
1403 1253 185 38 ωροσθποληψια,
1556 1253 153 38 personarum
1676 1253 142 38 acceptio,
1774 1253 65 38 Deus

1051 1277 92 47 enim
1109 1277 81 47 non
1155 1277 81 47 est
1201 1277 219 47 ωροσυθποληπτης,
1386 1277 81 47 qui
1432 1277 150 47 dignitate
1547 1277 81 47 vel
1593 1277 150 47 opulentia
1697 1277 138 47 personarum

1048 1314 97 42 sicut
1113 1314 161 42 Magistratus
1241 1314 64 42 in
1273 1314 75 42 his
1316 1314 118 42 terris,
1402 1314 139 42 moveatur,
1509 1314 64 42 ut
1542 1314 64 42 in
1574 1314 129 42 delictis
1670 1314 118 42 illorum
1745 1314 86 42 conni-

1053 1352 104 34 veat;
1123 1352 81 34 sed
1169 1352 92 34 mera
1226 1352 127 34 bonitas
1319 1352 127 34 divinae
1411 1352 138 34 naturae:
1515 1352 92 34 Ideo
1572 1352 92 34 enim
1630 1352 127 34 patiens
1722 1352 58 34 &
1734 1352 115 34 longani-

1061 1376 71 43 mis
1102 1376 81 43 est,
1152 1376 81 43 quia
1203 1376 92 43 bonus
1254 1376 61 43 est,

1090 1408 155 46 Patientia
1209 1408 107 46 autem
1281 1408 83 46 Dei
1328 1408 83 46 non
1376 1408 83 46 est
1423 1408 143 46 accidens
1530 1408 143 46 quoddam,
1638 1408 107 46 velut
1709 1408 71 46 in
1733 1408 95 46 homine

1057 1435 80 51 sed
1102 1435 80 51 est
1148 1435 126 51 ipsamet
1240 1435 80 51 Dei
1285 1435 149 51 essentia,
1400 1435 57 51 a
1423 1435 80 51 qua
1468 1435 80 51 non
1514 1435 126 51 reipsa,
1606 1435 80 51 sed
1652 1435 69 51 τῶ
1686 1435 92 51 λόγῳ
1732 1435 114 51 duntaxat

1062 1471 142 42 differt.
1169 1471 95 42 Deus
1228 1471 118 42 igitur
1311 1471 130 42 patiens
1405 1471 59 42 &
1429 1471 166 42 longanimis
1559 1471 83 42 est
1606 1471 83 42 per
1654 1471 95 42 suam
1701 1471 130 42 essentiam

1059 1509 84 53 non
1107 1509 84 53 per
1155 1509 131 53 aliquam
1250 1509 179 53 qualitatem:
1393 1509 84 53 ita
1441 1509 72 53 ut
1477 1509 84 53 non
1525 1509 119 53 tantum
1608 1509 131 53 patiens
1704 1509 60 53 &
1716 1509 119 53 longani-

1048 1543 89 37 mis,
1103 1543 78 37 sed
1148 1543 89 37 ipsa
1204 1543 78 37 sit
1248 1543 145 37 patientia
1359 1543 56 37 &
1370 1543 156 37 longanimitas

1088 1569 122 37 Effecta
1176 1569 155 37 patientiae
1298 1569 55 37 &
1320 1569 199 37 longanimitatis
1475 1569 66 37 Dei,

1092 1599 84 44 Per
1140 1599 84 44 eam
1188 1599 96 44 Deus
1248 1599 132 44 peccata
1343 1599 84 44 non
1391 1599 96 44 modo
1451 1599 84 44 non
1499 1599 156 44 vindicat,
1619 1599 84 44 sed
1666 1599 108 44 etiam
1738 1599 96 44 illa
1786 1599 48 44 in

1054 1630 85 46 suis
1108 1630 74 46 diu
1150 1630 128 46 tolerat.
1246 1630 85 46 Rom.
1299 1630 64 46 3.
1331 1630 64 46 v.
1363 1630 74 46 23,
1405 1630 74 46 24,
1448 1630 74 46 25.
1491 1630 96 46 Omnes
1554 1630 170 46 peccaverunt,
1693 1630 64 46 ac
1714 1630 117 46 deficiun-

1051 1672 75 36 tur
1094 1672 107 36 gloria
1169 1672 85 36 Dei:
1222 1672 64 36 ut
1254 1672 75 36 qui
1297 1672 181 36 justificentur
1446 1672 117 36 gratis,
1532 1672 85 36 ejus
1585 1672 117 36 gratra,
1670 1672 75 36 per
1702 1672 139 36 redemtionem

1057 1695 114 43 factam
1136 1695 68 43 in
1171 1695 125 43 Christo
1262 1695 103 43 Iesu:
1330 1695 91 43 quem
1387 1695 148 43 proposuit
1501 1695 91 43 Deus
1558 1695 171 43 placamentum
1695 1695 80 43 per
1740 1695 103 43 fidem
1797 1695 46 43 in

1053 1735 145 34 sanguine
1162 1735 121 34 ipsius
1246 1735 72 34 ad
1282 1735 205 34 demonstrandam
1451 1735 157 34 justitiam
1572 1735 109 34 suam,
1644 1735 84 34 per
1680 1735 157 34 remissionem

1064 1768 155 42 peccatorum
1186 1768 89 42 quae
1242 1768 200 42 antecesserunt,
1408 1768 67 42 ἐν
1441 1768 67 42 τῆ
1475 1768 67 42 αυ
1508 1768 78 42 oχι
1552 1768 56 42 φ
1575 1768 89 42 Θεκ,
1630 1768 67 42 in
1663 1768 155 42 tolerantia
1774 1768 67 42 Dei,

1055 1795 76 55 hoc
1099 1795 87 55 est,
1153 1795 76 55 Deo
1196 1795 87 55 illa
1251 1795 152 55 tolerante.
1370 1795 76 55 Hoc
1413 1795 87 55 est,
1468 1795 87 55 quod
1522 1795 119 55 dicitur
1609 1795 109 55 Actor.
1685 1795 76 55 17.
1728 1795 98 55 vers.
1783 1795 54 55 30.

1047 1828 97 41 Deum
1107 1828 133 41 tempora
1204 1828 182 41 ignorantiae
1350 1828 194 41 convenientia
1495 1828 182 41 dissimulasse.

1084 1860 153 47 Subjectum
1202 1860 129 47 divinae
1296 1860 165 47 patientiae
1425 1860 94 47 sunt
1484 1860 106 47 omnes
1555 1860 129 47 homines
1649 1860 106 47 etiam
1707 1860 118 47 reprobis

1041 1893 70 41 ut
1076 1893 141 41 Cajinus,
1182 1893 82 41 &c.
1229 1893 106 41 Jesa.
1300 1893 82 41 65.
1347 1893 70 41 2.
1382 1893 82 41 &c.
1429 1893 164 41 Expanderam
1558 1893 106 41 manus
1628 1893 94 41 meas
1687 1893 94 41 toto
1746 1893 82 41 die
1781 1893 47 41 ad

1042 1925 131 45 populum
1137 1925 155 45 rebellem,
1257 1925 83 45 qui
1304 1925 143 45 ambulant
1412 1925 83 45 via
1459 1925 83 45 non
1507 1925 95 45 bona
1567 1925 143 45 sequendo
1662 1925 167 45 cogitationes

1051 1951 95 43 suas,
1103 1951 42 43 &c

1078 1973 146 60 Adjunctum
1190 1973 67 60 si
1224 1973 135 60 requiras
1325 1973 157 60 patientiae
1448 1973 90 60 Dei,
1504 1973 79 60 est
1549 1973 90 60 illa
1605 1973 146 60 quandoque
1707 1973 124 60 diuturna.

1049 2015 92 53 Ita
1102 2015 119 53 tulit
1181 2015 106 53 Deus
1247 2015 132 53 primum
1339 2015 132 53 mundum
1432 2015 198 53 diutissime,
1590 2015 119 53 nempe
1669 2015 92 53 per
1722 2015 132 53 centum
1801 2015 40 53 &

1083 2050 91 39 cinti
1144 2050 101 39 annos,
1215 2050 101 39 Genes.
1286 2050 61 39 6.
1316 2050 61 39 v.
1346 2050 71 39 13.
1387 2050 71 39 Ita
1428 2050 142 39 Israelitas
1539 2050 61 39 in
1569 2050 122 39 deserto,
1651 2050 30 39 &

1084 2079 105 44 Porro
1154 2079 152 44 patientia
1271 2079 58 44 &
1294 2079 187 44 longanimitas
1446 2079 82 44 Dei
1493 2079 82 44 sic
1539 2079 58 44 a
1563 2079 105 44 nobis
1633 2079 198 44 consideranda,
1784 2079 47 44 ut

1048 2117 121 38 sciamus
1136 2117 66 38 ab
1169 2117 99 38 aliis
1235 2117 77 38 Dei
1279 2117 198 38 proprietatibus
1444 2117 77 38 eam
1487 2117 110 38 reipsa
1564 2117 77 38 non
1608 2117 143 38 differre,
1718 2117 77 38 sed
1751 2117 77 38 rati-

1045 2155 90 47 one;
1101 2155 79 47 Seu
1146 2155 68 47 ut
1180 2155 135 47 Basilius
1282 2155 147 47 loquitur,
1394 2155 79 47 τῆῦ
1440 2155 113 47 ἐπνοίᾳ
1518 2155 147 47 duntaxat:
1631 2155 113 47 reipsa
1710 2155 79 47 cum
1744 2155 79 47 aliis

1041 2179 218 43 proprietatibus
1223 2179 97 43 unum
1284 2179 61 43 &
1308 2179 97 43 idem
1356 2179 61 43 est

1072 2212 123 44 Nullius
1161 2212 89 44 vero
1217 2212 145 44 creaturae
1329 2212 100 44 tanta
1396 2212 78 44 est
1440 2212 145 44 patientia
1552 2212 56 44 &
1574 2212 190 44 longanimitas,
1731 2212 67 44 ut
1753 2212 78 44 divi-

1051 2245 81 35 nam
1098 2245 128 35 aequet,
1191 2245 105 35 multo
1260 2245 105 35 minus
1330 2245 70 35 ut
1365 2245 128 35 superet
1458 2245 58 35 &
1469 2245 105 35 excedar

1073 2269 158 45 Similitudo
1197 2269 125 45 quaedam
1288 2269 113 45 illlus
1367 2269 136 45 duntaxat
1469 2269 68 45 in
1503 2269 147 45 creaturis
1616 2269 181 45 rationalibus
1752 2269 79 45 repe

1041 2301 62 46 ritur

1070 2337 123 41 Exempla
1159 2337 89 41 vero
1215 2337 157 41 patientiae
1338 2337 56 41 &
1361 2337 201 41 longanimitatis
1528 2337 78 41 Dei
1573 2337 89 41 sunt
1629 2337 145 41 infinita;
1741 2337 67 41 ex
1763 2337 56 41 ii-

1043 2366 89 51 haec
1099 2366 89 51 sunt
1154 2366 112 51 pauca:
1233 2366 78 51 Diu
1277 2366 134 51 pertulit
1378 2366 100 51 multa
1445 2366 134 51 lenitate
1545 2366 89 51 vasa
1601 2366 89 51 irae
1657 2366 167 51 coagmentata
1779 2366 45 51 ad

1050 2407 168 45 interitum.
1182 2407 120 45 Roman.
1266 2407 72 45 9.
1302 2407 84 45 22.
1350 2407 108 45 Adamo
1422 2407 60 45 &
1447 2407 96 45 Evae
1507 2407 144 45 pepercit
1615 2407 60 45 &
1639 2407 84 45 non
1687 2407 132 45 redegit
1771 2407 48 45 in

1052 2436 135 38 nihilum,
1153 2436 68 38 ut
1187 2436 90 38 jure
1244 2436 135 38 poterat:
1345 2436 79 38 diu
1390 2436 135 38 pertulit
1492 2436 135 38 Cajinum.
1593 2436 158 38 Diutissime
1706 2436 113 38 exspecta

1051 2469 76 38 vit
1095 2469 76 38 Dei
1138 2469 120 38 lenitas
1226 2469 66 38 in
1259 2469 109 38 diebus
1335 2469 76 38 Noe
1379 2469 87 38 quum
1434 2469 164 38 appararetur
1565 2469 98 38 arca,
1630 2469 66 38 1.
1663 2469 98 38 Petr.
1729 2469 66 38 3.
1750 2469 66 38 ver.

1051 2502 81 41 20.
1098 2502 151 41 Toleravit
1214 2502 162 41 Amorraeos,
1342 2502 81 41 dum
1388 2502 151 41 completae
1504 2502 116 41 essent
1585 2502 128 41 illorum
1667 2502 162 41 iniquitates,

1055 2534 113 43 Genes.
1134 2534 79 43 15.
1179 2534 68 43 v.
1212 2534 79 43 18.
1257 2534 158 43 Israelitas
1381 2534 124 43 eductos
1471 2534 68 43 ex
1505 2534 124 43 AEgypto
1595 2534 79 43 per
1640 2534 169 43 quadraginta
1764 2534 56 43 an-

1043 2569 74 43 nos
1085 2569 179 43 ἐτξοποφορήσεν
1232 2569 63 43 in
1263 2569 126 43 deserto,
1358 2569 74 43 hoc
1400 2569 84 43 est,
1452 2569 116 43 leniter
1536 2569 105 43 tulit,
1610 2569 95 43 licet
1662 2569 168 43 corruptissimis

1052 2600 122 38 moribus
1140 2600 122 38 essent,
1229 2600 111 38 Actor.
1306 2600 77 38 13.
1351 2600 100 38 vers.
1417 2600 77 38 18.
1461 2600 144 38 Toleravit
1572 2600 77 38 eos
1616 2600 55 38 &
1638 2600 133 38 deinceps
1738 2600 55 38 &
1749 2600 77 38 misit

1048 2633 73 37 ad
1084 2633 109 37 illos
1157 2633 133 37 nuntios
1254 2633 97 37 suos
1315 2633 73 37 de
1351 2633 109 37 nocte
1424 2633 170 37 consurgens
1557 2633 61 37 &
1581 2633 146 37 quotidie
1678 2633 146 37 commonens.

1046 2664 65 35 eo
1079 2664 87 35 quod
1133 2664 131 35 parceret
1231 2664 109 35 populo
1308 2664 55 35 &
1330 2664 153 35 habitaculo
1449 2664 87 35 suo,
1504 2664 65 35 2.
1537 2664 98 35 Chron
1602 2664 76 35 36.
1646 2664 76 35 15.
1689 2664 87 35 Jes.
1744 2664 76 35 42.
1776 2664 44 35 v.

1058 2697 78 45 14.
1102 2697 133 45 Pepercit
1202 2697 111 45 Achabo
1280 2697 89 45 Regi
1335 2697 111 45 impio,
1413 2697 177 45 poenitentiam
1557 2697 89 45 prae
1612 2697 67 45 se
1646 2697 133 45 ferenti,
1745 2697 67 45 I.
1768 2697 55 45 Reg

1060 2730 76 37 11.
1104 2730 65 37 v.
1136 2730 76 37 29.
1180 2730 76 37 Sic
1223 2730 76 37 ait
1267 2730 130 37 Nehemias
1365 2730 87 37 cap.
1419 2730 65 37 9.
1452 2730 76 37 31.
1495 2730 65 37 In
1528 2730 196 37 miserationibus
1691 2730 87 37 tuis
1734 2730 98 37 plurimu

1061 2758 76 40 non
1104 2758 162 40 consumsisti
1234 2758 87 40 eos,
1288 2758 76 40 nec
1332 2758 173 40 dereliquisti
1472 2758 87 40 eos:
1526 2758 119 40 quoniam
1613 2758 87 40 Deus
1667 2758 173 40 miserationum
1797 2758 32 40 &

1045 2791 157 47 longanimis
1168 2791 67 47 tu
1202 2791 78 47 es.
1246 2791 78 47 Sic
1291 2791 90 47 usus
1347 2791 78 47 est
1392 2791 146 47 patientia
1504 2791 90 47 erga
1560 2791 146 47 Ninivitas
1661 2791 168 47 resipiscentes

1053 2822 88 50 Jon.
1097 2822 33 50 3

1082 2851 170 54 OEJECTIO.
1213 2851 79 54 Si
1252 2851 105 54 Deus
1317 2851 92 54 tam
1370 2851 144 54 patiens
1475 2851 92 54 est
1527 2851 79 54 ut
1566 2851 209 54 peccatoribus
1723 2851 118 54 parcat3

1061 2886 89 44 Ergo
1116 2886 133 44 inutiles
1216 2886 89 44 sunt
1272 2886 200 44 denunciationes
1438 2886 155 44 judiciorum
1549 2886 67 44 Dei.

1085 2912 119 45 RESP.
1164 2912 146 45 Negatur
1270 2912 119 45 sumti
1350 2912 225 45 consequentia:
1535 2912 93 45 Nam
1588 2912 239 45 denunciationes
1774 2912 66 45 ju-

1062 2949 148 41 diciorum
1173 2949 86 41 Dei
1222 2949 99 41 sunt
1284 2949 124 41 utiles
1371 2949 86 41 tum
1420 2949 74 41 ad
1457 2949 185 41 permovendos
1605 2949 136 41 homines
1704 2949 74 41 ad
1729 2949 111 41 resipi-

1056 2985 159 37 scentiam,
1178 2985 86 37 tum
1227 2985 74 37 ad
1264 2985 172 37 evincendam
1399 2985 147 37 malitiam
1509 2985 135 37 hominum
1607 2985 184 37 resipiscere
1742 2985 98 37 nolesi

1059 3021 106 36 tium,
1130 3021 129 36 quamvis
1224 3021 129 36 auditis
1318 3021 235 36 denunciationibus
1517 3021 164 36 judiciorum
1646 3021 94 36 Dei,
1705 3021 82 36 tum
1752 3021 70 36 ad
1776 3021 70 36 adl-

1064 3056 131 41 nendam
1155 3056 209 41 pervicacibus
1325 3056 209 41 excusationem
1482 3056 104 41 omnem.

1087 3083 103 45 Fines
1155 3083 80 45 seu
1201 3083 91 45 usus
1257 3083 159 45 patientiae
1383 3083 80 45 Dei
1428 3083 103 45 multi
1485 3083 80 45 sunt:
