2063 3395
203 166 90 45 data
259 166 146 45 sapientia
371 166 135 45 scripsit
473 166 112 45 vobis.
551 166 79 45 Sic
596 166 101 45 Pauli
664 166 146 45 Epistolae
776 166 135 45 expresso
866 166 135 45 testimonio

211 201 115 41 Petri,
291 201 69 41 ac
325 201 126 41 proinde
417 201 126 41 divino,
508 201 92 41 sunt
566 201 172 41 approbatae;
703 201 115 41 Petrus
783 201 92 41 enim
841 201 80 41 hoc
886 201 69 41 ut
909 201 92 41 caete-

209 235 65 42 ra
242 235 65 42 in
275 235 87 42 suis
329 235 142 42 epistolis
438 235 65 42 ex
471 235 174 42 inspiratione
612 235 109 42 divina
689 235 142 42 scripsit.
798 235 65 42 De
830 235 87 42 tota
885 235 87 42 vero
929 235 65 42 Scr-

209 270 103 46 ptura
277 270 126 46 Veteris
369 270 57 46 &
392 270 92 46 Novi
450 270 161 46 testamenti
576 270 115 46 Paulus
656 270 80 46 ait
702 270 69 46 2.
737 270 126 46 Timoth.
829 270 69 46 3.
863 270 69 46 v.
898 270 80 46 16.
932 270 69 46 Tot.

211 299 150 42 Scriptura
327 299 162 42 diuvinitus
454 299 81 42 est
500 299 162 42 inspirata.
627 299 81 42 Nec
673 299 92 42 enim
731 299 69 42 de
766 299 92 42 sola
823 299 150 42 Scriptura
927 299 81 42 Vete-

216 335 86 43 ris
265 335 172 43 Testamenti
400 335 86 43 hoc
449 335 159 43 affirmat,
571 335 86 43 sed
620 335 110 43 etiam
694 335 74 43 de
730 335 159 43 Scriptura
853 335 98 43 Novi
902 335 98 43 Testa.

210 369 108 42 menti
282 369 96 42 quae
342 369 84 42 tum
390 369 84 42 jam
437 369 96 42 tota
497 369 96 42 vere
557 369 156 42 exstabat.
677 369 108 42 Certe
749 369 96 42 quum
808 369 144 42 epistola
904 369 96 42 secun-

219 396 74 45 da
256 396 74 45 ad
292 396 172 45 Timotheum,
428 396 123 45 ultima
513 396 123 45 omnium
599 396 184 45 epistolarum
747 396 111 45 Pauli
821 396 135 45 fuerit,
919 396 74 45 ut
956 396 86 45 li¬

214 433 89 45 quet
269 433 67 45 ex
303 433 122 45 ejusdem
392 433 89 45 cap.
447 433 67 45 4.
481 433 67 45 v.
514 433 67 45 6.
547 433 133 45 caeterae
647 433 89 45 ejus
703 433 144 45 epistolae
814 433 78 45 jam
859 433 156 45 exstabant,
970 433 33 45 a

225 466 159 39 praeterea
347 466 172 39 Evangelium
482 466 159 39 Matthaei,
605 466 110 39 Marci
678 466 61 39 &
703 466 123 39 Lucae,
788 466 98 39 Acta
850 466 98 39 item
899 466 110 39 Aposto-

206 499 121 42 lorum,
291 499 158 42 epistolae
412 499 109 42 etiam
485 499 134 42 Jacobi.
582 499 109 42 Petri
655 499 61 42 &
679 499 121 42 Judae.
764 499 121 42 Deinde
849 499 73 42 id
886 499 158 42 confirmat

222 527 62 46 v.
253 527 73 46 15.
294 527 93 46 Teque
356 527 52 46 a
377 527 93 46 puero
439 527 104 46 sacras
512 527 114 46 literas
595 527 124 46 novisse,
688 527 83 46 quae
740 527 62 46 te
771 527 114 46 possunt
854 527 135 46 sapientem
948 527 62 46 red-

226 563 87 46 dere
280 563 65 46 ad
313 563 119 46 salutem
399 563 76 46 per
443 563 97 46 fidem
507 563 87 46 quae
562 563 76 46 est
605 563 65 46 in
637 563 119 46 Christo
724 563 97 46 Iesu.
789 563 87 46 Hinc
843 563 87 46 tria
886 563 130 46 argumenta-

211 593 206 41 depromimus:
376 593 110 41 Vnum
445 593 110 41 est:
513 593 96 41 Non
568 593 123 41 solam
650 593 192 41 Scripturam
801 593 151 41 Veteris
897 593 110 41 Testa-

219 627 127 43 menti,
308 627 89 43 sed
359 627 114 43 etiam
435 627 178 43 Scripturam
575 627 102 43 Novi
638 627 178 43 Testamenti
778 627 178 43 quaecunque
904 627 102 43 exsta-

222 662 86 46 bat
271 662 62 46 a
296 662 111 46 puero
369 662 135 46 noverat
468 662 160 46 Timotheus
591 662 86 46 qui
640 662 135 46 juvenis
738 662 111 46 adhuc
812 662 111 46 erat,
886 662 98 46 quum
935 662 74 46 pri-

214 693 83 46 mam
262 693 71 46 ad
297 693 107 46 illum
369 693 154 46 epistolam
487 693 119 46 Paulus
570 693 166 46 scriberet,
701 693 71 46 ut
737 693 107 46 patet
808 693 95 46 ex1.
867 693 131 46 Timoth.
950 693 48 46 4.

217 732 109 41 vers.
290 732 85 41 12.
338 732 97 41 Nemo
399 732 97 41 tuam
459 732 170 41 iuventutem
592 732 170 41 contemnat,
725 732 85 41 sed
774 732 97 41 esto
834 732 145 41 exemplar
931 732 73 41 fide

229 760 85 44 lium
283 760 64 44 in
314 760 128 44 sermone,
410 760 64 44 in
442 760 191 44 conversatione,
601 760 64 44 in
633 760 149 44 charitate,
750 760 64 44 in
782 760 128 44 spiritu,
878 760 64 44 in
910 760 96 44 fide,
963 760 53 44 in-

218 797 176 39 castitate.
356 797 113 39 Neque
432 797 100 39 ullo
495 797 113 39 pacto
570 797 163 39 credibile
695 797 100 39 est,
758 797 163 39 Timotheum
884 797 113 39 natum
946 797 63 39 non

222 836 114 38 tantum
301 836 103 38 matre
370 836 80 38 sed
416 836 103 38 etiam
484 836 91 38 avia
541 836 114 38 fideli
621 836 68 38 2.
655 836 126 38 Timoth.
747 836 68 38 1.
781 836 68 38 v.
815 836 68 38 5.
849 836 114 38 Actor.
929 836 80 38 16.
963 836 46 38 v.

225 861 75 43 1.
262 861 62 43 &
287 861 112 43 Paulo
362 861 187 43 commendatum
511 861 175 43 testimonio
648 861 137 43 fratrum
748 861 87 43 qui
798 861 137 43 Lystris
898 861 62 43 &
910 861 100 43 Iconi-

228 897 115 41 erant,
309 897 58 41 &
332 897 115 41 mature
413 897 104 41 Pauli
482 897 127 41 comitem
575 897 69 41 in
609 897 162 41 ministerio
736 897 150 41 Evangelii
851 897 115 41 Actor.
932 897 81 41 16.
967 897 46 41 v.

227 930 76 41 2.
265 930 64 41 &
291 930 76 41 3.
329 930 64 41 &
354 930 140 41 insuper
456 930 203 41 Evangelistam
621 930 114 41 atque
697 930 165 41 Episcopum
824 930 178 41 Ephesinum,
951 930 64 41 jam

230 960 164 48 propinqua
357 960 114 48 morte
432 960 126 48 Pauli,
521 960 114 48 adhuc
596 960 164 48 ignorasse
723 960 177 48 Scripturam
862 960 101 48 Novi
912 960 101 48 Testa-

223 996 130 38 menti.
314 996 143 38 Alterum
418 996 104 38 est:
483 996 91 38 Non
535 996 130 38 tantum
626 996 143 38 veteris
730 996 91 38 sed
782 996 117 38 etiam
860 996 104 38 Novi
912 996 91 38 Testa

234 1026 107 39 menti
305 1026 154 39 Scriptura
424 1026 154 39 sapientem
543 1026 119 39 potest
626 1026 131 39 reddere
721 1026 71 39 ad
757 1026 143 39 salutem.
864 1026 131 39 Tertium
947 1026 71 39 est,

232 1066 108 37 Novum
304 1066 181 37 testamentum
449 1066 145 37 expresse
557 1066 120 37 docet,
642 1066 84 37 nos
690 1066 133 37 servari
786 1066 84 37 seu
834 1066 145 37 aeternam
931 1066 84 37 salu-

234 1094 80 44 tem
279 1094 138 44 consequi
383 1094 80 44 per
429 1094 103 44 fidem
498 1094 92 44 quae
555 1094 80 44 est
601 1094 69 44 in
636 1094 126 44 Christo
728 1094 103 44 Jesu.
797 1094 115 44 Paulus
877 1094 92 44 ergo
935 1094 80 44 non
969 1094 46 44 de

237 1124 97 41 sola
297 1124 145 41 Veteris,
406 1124 109 41 verum
479 1124 109 41 etiam
551 1124 73 41 de
588 1124 97 41 Novi
648 1124 169 41 Testamenti
781 1124 157 41 Scriptura
902 1124 145 41 loquitur

230 1169 80 35 cum
275 1169 91 35 ait,
332 1169 103 35 Totam
401 1169 160 35 Scripturam
526 1169 160 35 diuvinitus
651 1169 91 35 esse
697 1169 148 35 inspiratam.

259 1187 160 46 EXCIPIUNT
382 1187 160 46 Papistae,
505 1187 123 46 Paulum
592 1187 86 46 non
641 1187 136 46 dicere,
739 1187 111 46 Totam
813 1187 173 46 Scripturam
937 1187 86 46 esst.

238 1223 146 44 divinitus
350 1223 168 44 inspiratam,
485 1223 79 44 sed
530 1223 101 44 omnem
597 1223 168 44 scripturam,
732 1223 90 44 quia
788 1223 67 44 in
822 1223 112 44 Graeco
900 1223 90 44 sit,
945 1223 79 44 πατῳ,

225 1261 103 43 λραφι.

271 1290 106 41 REPL.
342 1290 95 41 πεσα
401 1290 83 41 hoc
449 1290 95 41 loco
508 1290 106 41 Pauli
579 1290 95 41 idem
638 1290 83 41 est
685 1290 95 41 quod
744 1290 95 41 Sλn:
803 1290 95 41 quia
862 1290 83 41 non
910 1290 95 41 vult
957 1290 59 41 Pau

228 1323 92 41 lus,
286 1323 104 41 omnem
355 1323 173 41 Scripturam,
494 1323 69 41 id
529 1323 92 41 est,
586 1323 162 41 quamlibet.
713 1323 104 41 velut
783 1323 81 41 est
829 1323 150 41 Platonis,
933 1323 92 41 Aristo

243 1364 105 37 telis
313 1364 58 37 &
337 1364 163 37 caeterorum
465 1364 186 37 quorumcunque
616 1364 93 37 esse
674 1364 151 37 divinitus
791 1364 175 37 inspiratam:
931 1364 82 37 sed
966 1364 58 37 lo-

239 1399 110 39 quitur
316 1399 66 39 de
349 1399 110 39 sacris
426 1399 121 39 literis
514 1399 66 39 de
547 1399 110 39 quibus
624 1399 165 39 praecedente
757 1399 99 39 versu
823 1399 99 39 verba
889 1399 121 39 fecerat
966 1399 55 39 eas

237 1424 82 43 que
284 1424 118 43 numero
367 1424 153 43 singulari
484 1424 165 43 Scripturam
613 1424 141 43 appellat
719 1424 82 43 καν
766 1424 118 43 ἔζοχλω
849 1424 82 43 seu
884 1424 141 43 αυτονομαι,

241 1457 101 43 σιαν.
308 1457 90 43 Unde
364 1457 123 43 necesse
454 1457 90 43 est,
510 1457 112 43 πεισαν
589 1457 168 43 significare
723 1457 90 43 σλλν
779 1457 67 43 id
813 1457 90 43 est,
869 1457 112 43 totam,
936 1457 90 43 quemad

231 1494 105 39 modum
301 1494 105 39 etiam
371 1494 117 39 Ephes.
453 1494 70 39 2.
488 1494 70 39 v.
523 1494 82 39 21.
570 1494 58 39 &
593 1494 70 39 3.
628 1494 82 39 15.
675 1494 58 39 &
698 1494 105 39 4.16.
768 1494 58 39 &
792 1494 70 39 1.
827 1494 93 39 Cor.
885 1494 82 39 13.
932 1494 58 39 2
955 1494 93 39 Quit

241 1530 102 33 etiam
309 1530 68 33 si
343 1530 159 33 retinemus,
468 1530 102 33 Omnem
537 1530 159 33 Scripturam
662 1530 159 33 diuvinitus
787 1530 91 33 esse
844 1530 171 33 inspiratam,
969 1530 57 33 re-

233 1557 156 40 stringenda
356 1557 89 40 erit
412 1557 145 40 particula
523 1557 168 40 universalis
657 1557 67 40 ad
691 1557 101 40 illam
758 1557 156 40 Scripturam
881 1557 67 40 de
914 1557 78 40 qua
948 1557 78 40 prae-

236 1595 132 36 cedente
332 1595 108 36 versu
404 1595 108 36 sermo
476 1595 192 36 instituitur;
632 1595 84 36 non
679 1595 108 36 autem
751 1595 144 36 imperite
859 1595 168 36 extendenda
979 1595 48 36 ad

246 1625 188 39 quamcunque
394 1625 188 39 scripturam
542 1625 121 39 etiam
622 1625 161 39 humanam.
743 1625 161 39 Quicquid
865 1625 175 39 Prophetae
986 1625 40 39 &

242 1658 134 33 Apostoli
343 1658 146 33 testantur
455 1658 90 33 esse
511 1658 90 33 vere
567 1658 134 33 divinum,
668 1658 67 33 id
701 1658 134 33 profecto
802 1658 78 33 est
847 1658 101 33 tale.
914 1658 67 33 At
936 1658 90 33 Sacram

239 1687 160 37 Scripturam
364 1687 148 37 Prophetae
478 1687 57 37 &
501 1687 137 37 Apostoli
603 1687 148 37 testantur
717 1687 91 37 esse
774 1687 91 37 vere
831 1687 137 37 divinam:
934 1687 80 37 Est
968 1687 57 37 er-

249 1719 63 48 go
280 1719 105 48 talis.
353 1719 73 48 Sic
395 1719 105 48 igitur
469 1719 63 48 ex
500 1719 147 48 Scripturae
616 1719 105 48 ipsius
689 1719 157 48 testimonio,
815 1719 73 48 cui
857 1719 94 48 citra
910 1719 115 48 contradi-

243 1750 132 45 ctionem
339 1750 108 45 fides
411 1750 156 45 adhibenda
531 1750 96 45 est,
591 1750 108 45 nobis
662 1750 144 45 constat,
770 1750 108 45 totam
842 1750 168 45 Scripturam
962 1750 60 45 sa-

243 1785 96 44 cram
303 1785 96 44 esse
363 1785 60 44 a
387 1785 84 44 Deo
423 1785 144 44 profectam,

270 1822 152 36 Rationes
385 1822 102 36 idem
435 1822 140 36 evincunt:

433 1867 326 48 PRIMA

263 1903 63 44 Si
294 1903 63 44 ex
325 1903 105 44 solius
399 1903 147 44 Scripturae
514 1903 105 44 Sacrae
587 1903 147 44 testimonio
702 1903 157 44 cognoscitur
828 1903 94 44 certo
890 1903 94 44 atque
943 1903 73 44 indu-

230 1941 143 43 bitato,
334 1941 117 43 JESUM
412 1941 169 43 Nazarenum
542 1941 104 43 vere
607 1941 104 43 esse
673 1941 65 43 a
699 1941 91 43 Deo
751 1941 143 43 missum:
855 1941 91 43 tum
907 1941 117 43 etiam
972 1941 52 43 ex

238 1981 120 34 eiusdem
326 1981 153 34 Scripturae
446 1981 153 34 testimonio
566 1981 153 34 constabit,
687 1981 98 34 ipsam
752 1981 88 34 esse
807 1981 55 34 a
829 1981 88 34 Deo.
884 1981 88 34 Quod
927 1981 88 34 antece

229 2015 84 34 dit
277 2015 108 34 verum
349 2015 96 34 est:
409 2015 84 34 nam
457 2015 144 34 Christus
565 2015 72 34 ad
601 2015 180 34 testimonium
745 2015 180 34 Scripturae.
889 2015 96 34 quod
937 2015 84 34 etiam

232 2049 131 43 Johannis
331 2049 142 43 Baptistae
440 2049 153 43 testimonio
561 2049 121 43 ptulit,
648 2049 153 43 provocavit
769 2049 88 43 Joh.
824 2049 66 43 5.
857 2049 66 43 v.
890 2049 77 43 39.
922 2049 99 43 Scruta-

238 2082 86 38 mini
292 2082 150 38 Scripturas
410 2082 86 38 quia
464 2082 129 38 videmini
560 2082 97 38 vobis
625 2082 64 38 in
657 2082 97 38 ipsis
721 2082 86 38 vita
775 2082 107 38 aterna
850 2082 118 38 habere:
936 2082 54 38 &
947 2082 75 38 illae

234 2116 93 31 sunt
292 2116 93 31 quae
350 2116 150 31 testantur
466 2116 69 31 de
500 2116 81 31 me.
547 2116 69 31 Et
581 2116 116 31 Petrus
662 2116 150 31 Apostolus
778 2116 174 31 testimonium
905 2116 116 31 Scriptu-

226 2147 76 39 rae
269 2147 141 39 testantis
378 2147 65 39 de
410 2147 119 39 Christo
497 2147 130 39 praefert
594 2147 76 39 quo
637 2147 65 39 ad
670 2147 151 39 firmitatem
789 2147 108 39 nostri
865 2147 141 39 respectu,
962 2147 54 39 vo-

226 2181 67 32 ci
259 2181 89 32 quam
315 2181 89 32 ipse
370 2181 55 32 e
392 2181 100 32 coelo
459 2181 144 32 audiverat
570 2181 67 32 2.
603 2181 89 32 Pet.
659 2181 67 32 1.
692 2181 67 32 v.
725 2181 78 32 17,
770 2181 78 32 18,
814 2181 78 32 19.
859 2181 144 32 Acceperat
958 2181 67 32 enim

225 2212 64 43 a
251 2212 89 43 Deo
302 2212 115 43 Patre
378 2212 140 43 honorem
480 2212 64 43 &
506 2212 153 43 gloriam,
621 2212 102 43 voce
685 2212 77 43 ad
723 2212 89 43 eum
774 2212 128 43 delata
863 2212 166 43 huiusmodi
978 2212 51 43 a-

230 2245 134 35 magnifica
333 2245 83 35 illa
384 2245 113 35 gloria,
467 2245 72 35 Hic
508 2245 72 35 est
549 2245 103 35 Filius
622 2245 93 35 meus,
684 2245 124 35 dilectus
776 2245 93 35 ille,
838 2245 62 35 in
869 2245 72 35 quo
900 2245 124 35 acquiesco.

229 2279 71 33 Et
265 2279 94 33 hanc
324 2279 106 33 vocem
394 2279 83 33 nos
441 2279 153 33 audivimus
559 2279 59 33 e
583 2279 106 33 coelo
654 2279 141 33 delatam,
760 2279 94 33 quum
819 2279 130 33 essemus
913 2279 94 33 unam
960 2279 59 33 cum

219 2314 71 34 eo
255 2314 71 34 in
290 2314 107 34 monte
362 2314 95 34 illo
421 2314 131 34 sancto.
516 2314 71 34 Et
552 2314 131 34 habemus
647 2314 190 34 φεζαιὸτερον,
802 2314 155 34 firmiorem
909 2314 119 34 sermonem

227 2344 176 43 Propheticum:
370 2344 77 43 cui
414 2344 99 43 recte
480 2344 121 43 facitis
568 2344 88 43 quod
623 2344 154 43 attendatis
744 2344 99 43 velut
810 2344 132 43 lucernae
898 2344 121 43 splendent

229 2372 62 43 in
260 2372 114 43 obscuro
343 2372 93 43 loco,
394 2372 52 43 &c.

267 2410 154 43 Sermonem
383 2410 193 43 Propheticum
537 2410 116 43 vocat
614 2410 167 43 firmiorem
743 2410 103 43 voce
807 2410 103 43 quam
872 2410 64 43 e
897 2410 116 43 coelo
962 2410 64 43 au-

225 2437 145 49 diverat,
334 2437 97 49 quia
394 2437 133 49 firmior
491 2437 85 49 est
539 2437 109 49 sermo
612 2437 145 49 ἔτιραφος
721 2437 133 49 ἀλραφῳ,
817 2437 121 49 duplex
890 2437 133 49 autoritas

233 2472 145 44 simplice.
344 2472 78 44 Rei
389 2472 78 44 non
433 2472 145 44 scriptae,
545 2472 78 44 sed
589 2472 111 44 tantum
668 2472 134 44 auditae,
768 2472 123 44 simplex
857 2472 78 44 est
890 2472 123 44 autoritas

231 2511 112 32 nempe
305 2511 74 32 ab
342 2511 136 32 autore:
441 2511 149 32 Scriptae
553 2511 99 32 vero
615 2511 161 32 autoritas
739 2511 87 32 est
789 2511 136 32 duplex,
888 2511 74 32 ab
913 2511 99 32 autore

233 2546 107 40 modo.
305 2546 83 40 Hoc
352 2546 71 40 in
388 2546 214 40 testamentariis
567 2546 131 40 causis,
662 2546 71 40 in
697 2546 191 40 contractibus
852 2546 131 40 denique
936 2546 83 40 omni-

224 2570 84 41 bus
272 2570 60 41 &
296 2570 121 41 pactis
381 2570 96 41 quis
441 2570 121 41 nescit
525 2570 169 41 observart?
658 2570 157 41 Promissio
779 2570 96 41 voce
839 2570 157 41 Principis
948 2570 84 41 facta

221 2606 105 46 habet
291 2606 187 46 autoritatem,
443 2606 82 46 sed
490 2606 128 46 firmior
583 2606 82 46 est
630 2606 152 46 promissio
747 2606 128 46 scripto
840 2606 105 46 facta
910 2606 58 46 &
922 2606 105 46 sigillo

220 2638 149 37 Principis
334 2638 126 37 munita.
426 2638 103 37 Verum
495 2638 115 37 igitur
576 2638 80 37 est
622 2638 57 37 &
645 2638 92 37 quod
702 2638 138 37 sequitur

255 2666 154 40 SECUNDA
367 2666 140 40 RATIO:
466 2666 182 40 Scriptura
606 2666 126 40 Sacra
690 2666 98 40 est
746 2666 197 40 principium
887 2666 140 40 religio-

222 2705 79 34 nis
267 2705 135 34 divinae:
368 2705 90 34 Ergo
424 2705 90 34 ipsa
481 2705 90 34 sibi
537 2705 169 34 testimonium
672 2705 113 34 abunde
751 2705 135 34 perhibet
852 2705 90 34 quod
908 2705 79 34 sit
942 2705 79 34 divi-

231 2736 86 41 na.
280 2736 86 41 Nam
329 2736 160 41 principia
452 2736 98 41 sunt
514 2736 74 41 αυ
550 2736 135 41 τοπισο,
649 2736 61 41 &
673 2736 123 41 habent
759 2736 74 41 in
796 2736 74 41 se
833 2736 123 41 certam
907 2736 123 41 rationem

236 2765 80 50 quae
286 2765 90 50 illis
346 2765 90 50 fidem
406 2765 100 50 facere
476 2765 110 50 possit.

263 2798 134 44 TERTIA
357 2798 134 44 RATIO:
451 2798 81 44 Si
491 2798 175 44 Scriptura
625 2798 121 44 Sacra
706 2798 134 44 tantae
800 2798 94 44 est
840 2798 188 44 autoritatis,

235 2833 65 36 ut
268 2833 76 36 qui
311 2833 87 36 illi
366 2833 98 36 fidem
431 2833 76 36 non
475 2833 109 36 habet,
551 2833 76 36 nec
594 2833 120 36 Christo
682 2833 87 36 ipsi
736 2833 98 36 coram
801 2833 163 36 praedicanti
932 2833 76 36 sit
965 2833 65 36 cre-

233 2867 152 46 diturus,
347 2867 89 46 tum
398 2867 152 46 profecto
512 2867 101 46 ipsa
575 2867 76 46 se
613 2867 127 46 abunde
702 2867 165 46 confirmat
829 2867 101 46 quod
892 2867 89 46 sit
930 2867 89 46 divi-

231 2903 93 45 na.
284 2903 120 45 Verum
364 2903 93 45 est
417 2903 200 45 antecedens:
577 2903 107 45 Ergo
644 2903 67 45 &
671 2903 200 45 consequens.
831 2903 160 45 Assumtum
938 2903 93 45 patet

225 2936 76 33 ex
263 2936 114 33 Johan
339 2936 76 33 5.
377 2936 89 33 46.
428 2936 63 33 &
454 2936 89 33 47.
504 2936 76 33 Si
542 2936 101 33 enim
606 2936 177 33 crederetis
745 2936 101 33 Mosi
808 2936 177 33 crederetis
935 2936 89 33 mihi:

227 2964 78 48 nam
272 2964 90 48 ille
328 2964 67 48 de
361 2964 67 48 ne
395 2964 146 48 scripsit.
507 2964 90 48 Quod
563 2964 67 48 si
596 2964 134 48 scriptis
697 2964 112 48 illius
776 2964 78 48 non
820 2964 146 48 creditis,
921 2964 101 48 quomodo

232 3003 115 47 verbis
312 3003 92 47 meis
369 3003 149 47 credetis?
484 3003 80 47 Qui
530 3003 161 47 Scripturae
656 3003 115 47 Sacrae
736 3003 80 47 non
782 3003 126 47 credit,
874 3003 69 47 is
908 3003 80 47 nec
943 3003 80 47 Chri-

226 3027 76 48 sto
270 3027 87 48 ipsi
324 3027 98 48 coram
390 3027 164 48 praedicanti
510 3027 120 48 crederet.

270 3062 90 47 Quin
326 3062 135 47 ipseniet
427 3062 168 47 Bellarminus
562 3062 101 47 libro
629 3062 101 47 primo
697 3062 67 47 de
730 3062 101 47 Verbo
798 3062 90 47 Dei,
854 3062 112 47 capite
921 3062 90 47 secun-

219 3101 86 39 do,
268 3101 147 39 fectione
378 3101 110 39 sexta
451 3101 61 39 &
475 3101 147 39 undecima
585 3101 122 39 docet,
671 3101 171 39 Scripturas
805 3101 98 39 quae
854 3101 159 39 Propheticis

229 3129 183 41 Apostolicis
376 3129 135 41 literis
473 3129 196 41 continentur,
632 3129 86 41 non
681 3129 122 41 humana
767 3129 147 41 inventa,
877 3129 86 41 sed
914 3129 122 41 oracula-

219 3163 119 39 divina
303 3163 167 39 continere,
434 3163 119 39 testem
517 3163 95 39 esse
577 3163 107 39 ipsam
648 3163 179 39 Scripturam.
791 3163 95 39 Idem
851 3163 131 39 faretur
935 3163 83 39 libro

1055 154 139 46 Veteris
1157 154 177 46 Testamenti
1296 154 63 46 a
1321 154 127 46 libris
1410 154 101 46 Novi
1473 154 177 46 Testamenti
1612 154 63 46 &
1637 154 139 46 plurima
1738 154 63 46 &
1751 154 114 46 luossa-

1054 193 165 40 lentissima
1184 193 94 40 suae
1242 193 176 40 autoritatis
1383 193 118 40 habere
1466 193 176 40 testimonia,
1607 193 106 40 libro
1677 193 106 40 primo
1748 193 71 40 de
1771 193 94 40 Verbo.

1050 228 97 37 Dei,
1111 228 122 37 capite
1196 228 134 37 quinto,
1293 228 146 37 sectione
1403 228 134 37 quarta.
1500 228 97 37 Idem
1561 228 134 37 saepius
1658 228 110 37 eodem
1731 228 122 37 capite
1804 228 61 37 li-

1056 259 94 47 bros
1115 259 129 47 Veteris
1209 259 176 47 Testamenti,
1350 259 94 47 quos
1409 259 153 47 haeretici
1527 259 129 47 divinos
1621 259 94 47 esse
1680 259 141 47 negarunt
1774 259 94 47 testi-

1057 292 121 38 moniis
1142 292 97 38 Novi
1202 292 170 38 Testamenti
1336 292 133 38 divinos
1433 292 97 38 esse
1493 292 145 38 asserit.
1602 292 97 38 Ergo
1663 292 133 38 praeter
1748 292 121 38 testimo-

1055 327 106 38 nium
1121 327 172 38 Ecclesiae
1253 327 93 38 est
1306 327 119 38 aliud
1386 327 172 38 externum,
1518 327 119 38 nempe
1597 327 185 38 Scripturae
1730 327 132 38 ipsiusme

1047 366 206 42 testimonium,
1215 366 90 42 quo
1266 366 142 42 constat
1370 366 129 42 libros
1460 366 129 42 sacros
1550 366 103 42 quos
1615 366 155 42 habemus,
1731 366 103 42 vere
1783 366 90 42 divi-

1065 394 68 41 nos
1095 394 68 41 esse.

1089 430 88 42 Hoc
1140 430 188 42 testimonium
1290 430 176 42 Scripturae
1428 430 75 42 de
1466 430 126 42 seipsa
1554 430 88 42 est
1604 430 163 42 publicum,
1730 430 88 42 non
1768 430 100 42 priva-

1059 469 96 42 tum:
1119 469 60 42 &
1143 469 96 42 quia
1204 469 133 42 divinum
1300 469 96 42 est,
1360 469 109 42 inter
1433 469 109 42 omnia
1505 469 133 42 externa
1602 469 169 42 testimonia
1734 469 109 42 solum
1795 469 72 42 est.

1058 504 177 34 praecipuum
1197 504 63 34 &
1222 504 189 34 infallibile
1374 504 63 34 &
1399 504 126 34 omnium
1487 504 252 34 luculentissimum,
1689 504 177 34 certissimum.

1058 540 88 35 fide
1113 540 177 35 dignissimum,
1257 540 77 35 sic
1301 540 66 35 ut
1334 540 100 35 inter
1401 540 66 35 ea
1434 540 111 35 nullum
1511 540 77 35 sit
1555 540 66 35 eo
1589 540 188 35 principalius,
1732 540 133 35 infallibi.

1051 568 107 42 lius,
1122 568 190 42 luculentius,
1277 568 131 42 certius
1372 568 59 42 &
1395 568 95 42 fide
1455 568 142 42 dignius:
1561 568 71 42 ac
1597 568 131 42 proinde
1692 568 83 42 est
1728 568 142 42 longissime

1049 604 179 39 testimonio
1190 604 166 39 Ecclesiae
1304 604 179 39 anteferendum

1091 631 179 50 Crediturque
1234 631 60 50 &
1258 631 167 50 acceptatur
1389 631 131 50 propter
1484 631 83 50 se,
1531 631 60 50 &
1555 631 83 50 per
1603 631 71 50 se
1639 631 95 50 fide
1698 631 119 50 dignum
1769 631 60 50 est

1082 662 110 49 Porro
1155 662 184 49 Bellarminus
1302 662 110 49 libro
1375 662 122 49 quarto
1461 662 73 49 de
1498 662 110 49 verbo
1571 662 98 49 Dei,
1632 662 122 49 capite
1718 662 135 49 quarto,
1804 662 61 49 se-

1053 702 134 37 ctione
1146 702 134 37 decima
1240 702 134 37 quinta
1333 702 187 37 contendit,
1480 702 120 37 NuLLO
1561 702 107 37 MODO
1627 702 80 37 ex
1668 702 187 37 Scripturis
1801 702 67 37 ha-

1053 734 96 36 beri
1113 734 119 36 posse,
1196 734 119 36 libros
1280 734 179 36 Prophetarum
1423 734 60 36 &
1447 734 179 36 Apostolorum
1590 734 96 36 esse
1650 734 143 36 divinos.
1758 734 107 36 Idque
1817 734 60 36 his

1059 769 179 47 argumentis
1200 769 153 47 evincere
1302 769 128 47 conatur:

1086 808 77 51 I.
1125 808 77 51 Si
1163 808 89 51 non
1214 808 153 51 credimus
1329 808 153 51 Alcorano
1443 808 179 51 Mahumetico
1584 808 115 51 ipsum
1660 808 64 51 a
1686 808 89 51 Deo
1737 808 128 51 missum
1813 808 64 51 de-

1066 843 120 39 coelo,
1150 843 132 39 etiamsi
1246 843 72 39 in
1282 843 72 39 eo
1318 843 120 39 passim
1402 843 72 39 id
1438 843 144 39 logatur;
1545 843 84 39 tum
1593 843 120 39 quoque
1677 843 84 39 non
1725 843 108 39 cerro
1785 843 108 39 credam?

1054 876 185 49 Scripturae,
1202 876 124 49 libros
1288 876 185 49 Prophetarum
1437 876 62 49 &
1461 876 185 49 Apostolorum
1610 876 99 49 esse
1672 876 148 49 divinos,
1770 876 124 49 etiamsi,

1061 913 141 47 Scriptura
1169 913 65 47 id
1202 913 108 47 dicat,
1278 913 87 47 nisi
1332 913 97 47 prius
1396 913 141 47 credidero
1505 913 151 47 Scripturam
1624 913 87 47 quae
1678 913 76 47 hoc
1721 913 108 47 dicit,
1797 913 87 47 esse
1840 913 54 47 di-

1063 949 112 46 vinam.
1141 949 67 46 At
1175 949 101 46 prius
1242 949 89 46 est:
1298 949 89 46 Ergo
1354 949 56 46 &
1365 949 134 46 posterius.

1089 983 110 45 RESP.
1162 983 171 45 Propositio
1297 983 171 45 Bellarmini
1431 983 86 45 non
1480 983 122 45 tantum
1565 983 110 45 falsa
1639 983 98 45 est,
1700 983 86 45 sed
1749 983 110 45 etiam
1810 983 61 45 im-

1069 1021 95 39 bia,
1129 1021 155 39 blasphema
1248 1021 60 39 &
1272 1021 214 39 incredulitatis
1450 1021 143 39 plusquam
1557 1021 179 39 Mahumetanae
1700 1021 131 39 testis.
1784 1021 95 39 Falsa.

1061 1062 100 38 est,
1124 1062 100 38 quia
1187 1062 113 38 parem
1262 1062 150 38 rationem
1375 1062 100 38 esse
1437 1062 138 38 statuit
1538 1062 150 38 Alcorani
1650 1062 163 38 Mahometis
1776 1062 63 38 &
1788 1062 88 38 Scri-

1075 1093 105 43 turae
1146 1093 117 43 Sacrae
1227 1093 94 43 Dei,
1286 1093 94 43 quod
1344 1093 70 43 ad
1380 1093 176 43 autoritatem
1520 1093 82 43 seu
1567 1093 222 43 testificationem
1742 1093 129 43 utriusque

1065 1130 143 37 attinet,
1172 1130 95 37 quum
1231 1130 166 37 longissime
1362 1130 83 37 sit
1410 1130 119 37 impar.
1493 1130 107 37 Impia
1564 1130 95 37 est,
1624 1130 95 37 quia
1683 1130 107 37 animi
1754 1130 107 37 impii
1814 1130 59 37 in-

1061 1163 91 36 dex
1113 1163 105 36 est,
1179 1163 65 36 &
1205 1163 196 36 Mahumetanum
1361 1163 157 36 agentis,
1479 1163 78 36 ut
1518 1163 183 36 principium
1662 1163 196 36 Christianum
1806 1163 65 36 non

1073 1193 184 35 Christiane
1217 1193 197 35 labefactet.
1375 1193 92 35 Sic
1427 1193 197 35 Mahumetanus
1584 1193 210 35 Scripturarum
1742 1193 131 35 Sacrarum

1068 1223 190 37 divinitatem
1220 1223 215 37 impugnaverit;
1397 1223 76 37 Si
1435 1223 76 37 tu
1473 1223 88 37 non
1523 1223 126 37 credis
1612 1223 164 37 Alcoranum
1738 1223 101 37 esse
1789 1223 88 37 divi-

1071 1265 102 35 num,
1135 1265 140 35 etiamsi
1236 1265 165 35 Alcoranus
1363 1265 76 35 id
1401 1265 127 35 dicat:
1490 1265 89 35 tum
1541 1265 89 35 nec
1592 1265 89 35 ego
1643 1265 127 35 credam
1719 1265 152 35 Scriptura;

1077 1291 178 41 Propheticas
1219 1291 59 41 &
1243 1291 178 41 Apostolicas
1385 1291 95 41 esse
1444 1291 142 41 divinas,
1551 1291 130 41 etiamsi
1645 1291 71 41 id
1681 1291 130 41 dicant.
1764 1291 107 41 Putabam

1064 1322 95 44 rem
1119 1322 122 44 nobis
1200 1322 95 44 cum
1254 1322 190 44 Christiano
1403 1322 122 44 esse,
1485 1322 95 44 non
1539 1322 95 44 cum
1593 1322 203 44 Mahumetano:
1756 1322 95 44 jam
1797 1322 81 44 vero

1077 1355 211 38 argumentatio
1248 1355 158 38 loquitur
1367 1355 198 38 Bellarminum
1526 1355 198 38 Mahumetanum
1684 1355 119 38 agere
1763 1355 79 38 ut
1790 1355 92 38 Chri-

1071 1389 128 39 stianae
1164 1389 163 39 religionis
1292 1389 163 39 principium
1420 1389 139 39 evertat.
1524 1389 105 39 Atqui
1594 1389 105 39 aliis
1664 1389 128 39 oculis,
1757 1389 93 39 alia
1803 1389 70 39 luce

1073 1424 196 38 Christianus
1230 1424 105 38 quam
1295 1424 196 38 Mahumetanus
1452 1424 131 38 videt.
1543 1424 170 38 Blasphema
1674 1424 91 38 est
1726 1424 118 38 eadem
1792 1424 78 38 pro-

1080 1459 140 37 positio,
1185 1459 93 37 quia
1243 1459 81 37 non
1290 1459 93 37 plus
1348 1459 128 37 tribuit
1441 1459 81 37 Deo
1488 1459 93 37 vero
1546 1459 140 37 loquenti
1650 1459 70 37 in
1685 1459 151 37 Scriptura
1790 1459 93 37 Sacra,

1082 1489 107 40 quum
1148 1489 160 40 quicquid
1269 1489 174 40 Scriptura
1402 1489 120 40 dicit
1482 1489 107 40 Deus
1549 1489 134 40 dicat,
1643 1489 107 40 quam
1709 1489 93 40 Deo
1749 1489 134 40 ementito

1073 1527 155 38 Alcorani
1189 1527 90 38 aut
1241 1527 129 38 potius
1331 1527 168 38 Mahometi,
1460 1527 103 38 Deum
1525 1527 77 38 in
1563 1527 155 38 Alcorano
1679 1527 116 38 loqui
1744 1527 129 38 mentiens

1075 1555 87 40 ti.
1124 1555 100 40 Quis
1187 1555 100 40 vero
1249 1555 100 40 Deum
1311 1555 150 40 reverens
1424 1555 62 40 &
1449 1555 125 40 sancte
1536 1555 137 40 colens,
1636 1555 87 40 non
1686 1555 125 40 facile
1760 1555 125 40 agnoscat

1070 1588 78 37 ex
1109 1588 129 37 genere
1199 1588 168 37 doctrinae
1329 1588 207 37 Mahumeticae,
1497 1588 194 37 blasphemias
1652 1588 78 37 in
1691 1588 116 37 Deum,
1756 1588 129 37 injusti-

1080 1619 94 39 tiam
1139 1619 70 39 in
1174 1619 140 39 homines,
1279 1619 129 39 rapinas
1373 1619 59 39 &
1396 1619 140 39 flagitia
1502 1619 105 39 palam
1572 1619 187 39 stabiliente,
1724 1619 129 39 Christi
1806 1619 70 39 vero

1079 1661 139 35 gratiam
1180 1661 139 35 prorsus
1281 1661 176 35 evertente,
1420 1661 88 35 non
1470 1661 113 35 Deum,
1545 1661 88 35 sed
1596 1661 139 35 satanam
1697 1661 151 35 Alcorani
1797 1661 76 35 auto

1081 1689 87 35 rem
1130 1689 112 35 esse?
1205 1689 136 35 Denique
1304 1689 112 35 eadem
1378 1689 174 35 propositio
1514 1689 211 35 Bellarminiana
1676 1689 198 35 increducitatis

1076 1722 152 34 plusquam
1190 1722 190 34 Mahumetanae
1342 1722 126 34 testis
1430 1722 101 34 est:
1494 1722 101 34 quia
1557 1722 152 34 expresse
1671 1722 190 34 Bellarminus
1810 1722 63 34 ait

1073 1755 127 39 Etiamsi
1166 1755 151 39 Scriptura
1282 1755 116 39 dicat,
1363 1755 116 39 libros
1444 1755 174 39 Prophetarum
1583 1755 58 39 &
1606 1755 174 39 Apostolorum
1746 1755 93 39 esse
1792 1755 81 39 divi.

1079 1787 104 30 nos,
1144 1787 117 30 tamen
1222 1787 117 30 certo
1299 1787 78 30 id
1338 1787 91 30 NON
1390 1787 142 30 CREDAM,
1493 1787 104 30 nisi
1558 1787 117 30 prius
1636 1787 168 30 credidero
1752 1787 130 30 Scriptu-

1077 1818 84 44 ram
1125 1818 96 44 quae
1185 1818 84 44 hoc
1233 1818 120 44 dicit,
1318 1818 96 44 esse
1378 1818 144 44 divinam.
1486 1818 96 44 Quid
1546 1818 96 44 enim
1606 1818 84 44 hoc
1654 1818 108 44 aliud
1727 1818 96 44 est,
1787 1818 96 44 quam
1835 1818 48 44 si

1065 1853 148 42 diceret;
1176 1853 136 42 Etiamsi
1275 1853 99 42 Deus
1336 1853 111 42 dicat
1411 1853 111 42 (quia
1485 1853 161 42 Scriptura
1608 1853 86 42 est
1658 1853 86 42 vox
1707 1853 99 42 Dei:
1756 1853 124 42 quicquid

1074 1886 168 35 Scriptura
1203 1886 129 35 dicit,
1293 1886 103 35 Deus
1358 1886 129 35 dicit)
1448 1886 129 35 libros
1539 1886 194 35 Prophetarum
1693 1886 65 35 &
1706 1886 168 35 Apostolorum

1072 1920 97 35 esse
1133 1920 146 35 divinos,
1242 1920 109 35 tamen
1315 1920 109 35 certo
1388 1920 73 35 id
1424 1920 85 35 non
1473 1920 134 35 credam,
1570 1920 85 35 &c.
1619 1920 109 35 Atqui
1692 1920 85 35 vel
1740 1920 109 35 Iuris
1801 1920 85 35 Cano-

1072 1950 91 43 nici
1129 1950 160 43 autoritate
1254 1950 114 43 moveri
1334 1950 149 43 debuerat,
1449 1950 69 43 ut
1483 1950 160 43 Scripturae
1609 1950 114 43 Sacrae
1689 1950 80 43 per
1734 1950 69 43 se
1757 1950 126 43 crederet:

1066 1984 84 41 Sic
1114 1984 96 41 enim
1174 1984 192 41 Distinctione
1329 1984 108 41 nona,
1401 1984 144 41 capitulo
1509 1984 96 41 Noli
1569 1984 108 41 meis.
1641 1984 72 41 ex
1677 1984 156 41 Augustini
1784 1984 96 41 Prolo-

1068 2026 70 34 go
1103 2026 70 34 in
1138 2026 116 34 librum
1219 2026 128 34 tertium
1312 2026 70 34 de
1347 2026 151 34 Trinitate
1463 2026 162 34 praecipit;
1590 2026 70 34 In
1625 2026 104 34 illis
1694 2026 151 34 (scilicet
1799 2026 81 34 Cano-

1073 2052 120 39 nicis
1153 2052 200 39 Scripturis)
1312 2052 67 39 &
1339 2052 106 39 quod
1405 2052 93 39 non
1459 2052 173 39 credebas,
1592 2052 93 39 cum
1645 2052 186 39 inveneris,
1778 2052 93 39 INCUN

1076 2082 140 51 CTANTER
1178 2082 127 51 CREDE,
1267 2082 63 51 &
1292 2082 152 51 capitulo
1406 2082 102 51 Quis
1470 2082 152 51 nesciat,
1584 2082 76 51 ex
1622 2082 165 51 Augustini
1749 2082 114 51 libro
1813 2082 63 51 se-

1067 2118 110 45 cundo
1140 2118 73 45 de
1177 2118 147 45 Baptismo
1287 2118 122 45 contra
1373 2118 171 45 Donatistas
1507 2118 98 45 cap.
1568 2118 73 45 3.
1605 2118 135 45 inquit,
1703 2118 135 45 Sanctam
1788 2118 86 45 Scri-

1069 2145 120 40 pturam
1153 2145 156 40 Canonicam
1273 2145 84 40 tam
1320 2145 132 40 veteris
1416 2145 96 40 quam
1476 2145 96 40 novi
1536 2145 168 40 Testamenti
1668 2145 120 40 certis
1751 2145 96 40 suis
1799 2145 72 40 ter-

1066 2186 110 37 minis
1139 2186 171 37 contineri,
1274 2186 122 37 eamque
1360 2186 135 37 omnibus
1458 2186 208 37 posterioribus
1629 2186 184 37 Episcoporum
1764 2186 110 37 (quante

1065 2217 105 40 magis
1135 2217 174 40 Mahumetis?)
1275 2217 128 40 literis
1367 2217 81 40 ita
1414 2217 151 40 praeponi,
1530 2217 70 40 ut
1565 2217 70 40 de
1600 2217 93 40 illa
1658 2217 116 40 omnino
1739 2217 139 40 dubitari
1832 2217 35 40 &

1068 2251 165 42 disceptari
1198 2251 82 42 non
1245 2251 129 42 possit,
1339 2251 106 42 utrum
1409 2251 106 42 verum
1480 2251 82 42 vel
1527 2251 106 42 utrum
1598 2251 118 42 rectum
1680 2251 94 42 sit,
1739 2251 141 42 quicquid
1833 2251 47 42 in

1074 2282 70 39 ea
1109 2282 141 39 scriptum
1215 2282 94 39 esse
1274 2282 188 39 constiterit.
1426 2282 70 39 Et
1461 2282 164 39 Augustinus
1590 2282 94 39 tomo
1649 2282 117 39 primo,
1731 2282 105 39 libro
1789 2282 94 39 sexto-

1070 2316 215 39 Confessionum,
1247 2316 127 39 capite
1336 2316 139 39 quinto,
1437 2316 177 39 longissime
1576 2316 127 39 aliter
1665 2316 101 39 quam
1716 2316 164 39 Bellarminus

1069 2350 130 38 sentiens
1166 2350 76 38 ait
1210 2350 65 38 ad
1242 2350 97 38 Deum;
1307 2350 162 38 Persuasisti
1436 2350 86 38 mihi
1490 2350 76 38 non
1533 2350 76 38 qui
1577 2350 140 38 crederent
1685 2350 108 38 libris
1760 2350 97 38 tuis,
1814 2350 65 38 quos

1067 2387 113 34 tanta
1143 2387 76 34 in
1181 2387 138 34 omnibus
1281 2387 101 34 fere
1344 2387 151 34 gentibus
1458 2387 176 34 autoritate
1596 2387 164 34 fundasti,
1722 2387 88 34 sed
1772 2387 88 34 QUI
1810 2387 63 34 NOR

1072 2414 234 40 EREPERENT
1252 2414 324 40 ESSECULPANDOS:
1523 2414 126 40 nec
1595 2414 234 40 audiendos
1757 2414 126 40 esse,

1068 2449 72 37 si
1104 2449 83 37 qui
1152 2449 107 37 forte
1223 2449 95 37 mihi
1283 2449 155 37 dicerent:
1402 2449 95 37 UNDE
1462 2449 95 37 SCIS
1521 2449 107 37 illos
1593 2449 119 37 libros
1676 2449 107 37 unius
1748 2449 95 37 veri
1807 2449 60 37 &
1819 2449 60 37 ve-

1059 2483 158 37 racissimi
1180 2483 85 37 Dei
1229 2483 134 37 Spiritu
1327 2483 97 37 esse
1387 2483 122 37 humano
1472 2483 122 37 generi
1558 2483 195 37 ministratos?
1716 2483 134 37 IDIPSUM
1801 2483 73 37 ENIM

1067 2522 187 42 MAXIME
1198 2522 243 42 CREDENDUM
1366 2522 112 42 ERAT

1101 2556 81 37 II.
1148 2556 139 37 Quicquid
1252 2556 70 37 ex
1287 2556 93 37 solo
1345 2556 105 37 verbo
1415 2556 81 37 Dei
1462 2556 81 37 non
1508 2556 128 37 scripto
1601 2556 151 37 creditur,
1717 2556 70 37 id
1752 2556 105 37 nullo
1810 2556 70 37 modo

1066 2589 68 39 ex
1100 2589 148 39 Scriptura
1214 2589 114 39 haberi
1293 2589 125 39 potist:
1385 2589 114 39 Sacram
1464 2589 160 39 Scripturam
1590 2589 91 39 esse
1647 2589 91 39 vere
1704 2589 125 39 divinam
1795 2589 68 39 ex
1818 2589 68 39 solo

1063 2626 104 40 verbo
1132 2626 81 40 Dei
1178 2626 81 40 non
1224 2626 127 40 scripto
1316 2626 150 40 creditur:
1431 2626 92 40 Ergo
1488 2626 115 40 Sacram
1569 2626 161 40 Scripturam
1695 2626 92 40 esse
1753 2626 92 40 vere
1799 2626 81 40 divi-

1066 2657 79 47 nam
1111 2657 101 47 nullo
1178 2657 90 47 modo
1234 2657 67 47 ex
1268 2657 146 47 Scriptura
1380 2657 112 47 haberi
1447 2657 101 47 potest.

1101 2686 109 47 Minor
1173 2686 157 47 probatur,
1294 2686 97 47 quia
1355 2686 85 47 cum
1403 2686 109 47 fides
1476 2686 133 47 nitatur
1573 2686 109 47 verbo
1645 2686 97 47 Dei,
1706 2686 97 47 nisi
1754 2686 121 47 habeamus

1067 2729 111 44 verbum
1145 2729 78 44 Dei
1189 2729 78 44 non
1234 2729 145 44 scriptum,
1345 2729 100 44 nulla
1412 2729 67 44 in
1446 2729 100 44 nobis
1512 2729 89 44 erit
1568 2729 111 44 fides,
1646 2729 78 44 ait
1691 2729 156 44 Bellarmin.
1802 2729 78 44 dicto

1059 2764 106 43 libro
1130 2764 59 43 &
1153 2764 117 43 capite
1235 2764 59 43 &
1247 2764 129 43 sectione.

1096 2805 106 42 RESP.
1167 2805 94 42 Mnor
1226 2805 82 42 est
1273 2805 118 42 falsa:
1355 2805 141 42 probatio
1461 2805 94 42 vero
1520 2805 129 42 minoris
1614 2805 118 42 partim
1696 2805 94 42 vera
1755 2805 94 42 est,
1802 2805 71 42 par-

1068 2839 85 43 tim
1116 2839 122 43 falsa.
1202 2839 109 43 Verum
1274 2839 73 43 in
1311 2839 97 43 illa
1372 2839 97 43 est,
1432 2839 109 43 fidem
1505 2839 97 43 niti
1566 2839 109 43 verbo
1639 2839 97 43 Dei.
1700 2839 122 43 Falsum
1785 2839 97 43 vero
1833 2839 49 43 in

1061 2876 115 41 eadem
1138 2876 102 41 est,
1201 2876 102 41 nisi
1265 2876 153 41 habeamus
1380 2876 127 41 verbum
1469 2876 89 41 Dei
1520 2876 89 41 non
1570 2876 165 41 scriptum,
1698 2876 127 41 nullam
1787 2876 76 41 in
1812 2876 64 41 no-

1074 2908 85 32 bis
1122 2908 97 32 esse
1183 2908 121 32 fidem;
1268 2908 97 32 quia
1328 2908 85 32 hoc
1377 2908 121 32 pugnat
1461 2908 85 32 cum
1510 2908 121 32 divina
1595 2908 145 32 veritate
1703 2908 85 32 Sic
1752 2908 97 32 enim
1800 2908 73 32 pro-

1075 2939 126 34 nunciat
1166 2939 138 34 Christus
1270 2939 115 34 Johan.
1350 2939 69 34 5.
1385 2939 57 34 v
1408 2939 80 34 46.
1454 2939 57 34 &
1477 2939 80 34 47.
1523 2939 69 34 St
1557 2939 161 34 crederetis
1684 2939 103 34 Mosi,
1741 2939 138 34 crederetis

1065 2971 58 41 &
1089 2971 105 41 mihi:
1159 2971 82 41 nam
1205 2971 93 41 ille
1264 2971 70 41 de
1299 2971 70 41 me
1334 2971 152 41 scripsit.
1451 2971 93 41 Quod
1509 2971 70 41 si
1544 2971 140 41 scriptis
1649 2971 117 41 illius
1731 2971 82 41 non
1766 2971 117 41 creduis,

1067 3006 133 38 quomodo
1164 3006 121 38 verbis
1248 3006 97 38 meis
1309 3006 157 38 credetis?
1430 3006 97 38 Unde
1490 3006 109 38 licet
1563 3006 169 38 colligere,
1696 3006 85 38 qui
1732 3006 145 38 Scripturae

1074 3036 128 39 Sacrae
1164 3036 90 39 non
1215 3036 154 39 credunt,
1331 3036 90 39 eos
1382 3036 115 39 verbo
1459 3036 90 39 Dei
1510 3036 90 39 non
1561 3036 154 39 scripto,
1677 3036 141 39 quamvis
1779 3036 64 39 a
1792 3036 90 39 Chri-

1065 3072 88 32 sto
1116 3072 138 32 ipsomet
1216 3072 113 32 illis
1291 3072 226 32 annunciaretur,
1479 3072 113 32 multo
1554 3072 113 32 minus
1629 3072 188 32 credituros.
1780 3072 88 32 Sic
1817 3072 63 32 Jo-

1065 3103 133 37 hannes
1158 3103 200 37 Evangelista
1317 3103 67 37 &
1344 3103 173 37 Apostolus
1477 3103 106 37 cap.
1544 3103 93 37 20.
1597 3103 93 37 31.
1650 3103 106 37 Haec
1716 3103 146 37 SCRIPTA
1810 3103 67 37 sum

1075 3138 67 31 ut
1108 3138 133 31 credatis
1208 3138 100 31 Iesum
1275 3138 89 31 esse
1330 3138 133 31 Christum
1430 3138 111 31 illum,
1508 3138 111 31 Filium
1585 3138 100 31 illum
1652 3138 89 31 Dei,
1708 3138 55 31 &
1730 3138 67 31 ut
1752 3138 122 31 credente.

1075 3170 92 48 vita
1132 3170 137 48 hubeatis
1235 3170 80 48 per
1281 3170 92 48 nome
1338 3170 103 48 eius.
1407 3170 126 48 Christo
1498 3170 57 48 &
1521 3170 126 48 Johanni
1613 3170 160 48 assentitur
1727 3170 149 48 Augustinus.
