2063 3433
205 189 114 51 rantia
285 189 80 51 aut
330 189 114 51 errore
411 189 137 51 judicii:
514 189 149 51 creaturae
628 189 92 51 vero
685 189 103 51 neque
754 189 69 51 ex
788 189 103 51 sese,
857 189 103 51 neque
914 189 92 51 perfe-

195 235 100 32 cte,
257 235 113 32 neque
332 235 125 32 omnia,
420 235 113 32 neque
495 235 113 32 eadem
570 235 125 32 quovis
657 235 138 32 tempore
757 235 138 32 sciunt,
857 235 88 32 sed
907 235 125 32 tantum

195 268 75 37 ne
232 268 87 37 tum
282 268 75 37 de
319 268 100 37 Deo,
381 268 137 37 ejusque
481 268 162 37 voluntate
606 268 62 37 &
630 268 149 37 operibus
742 268 199 37 intelligunt,
892 268 112 37 quantum

204 296 62 36 &
228 296 124 36 quando
315 296 112 36 ipsis
390 296 99 36 Deus
452 296 149 36 revelare
563 296 112 36 vult;
637 296 136 36 ideoque
737 296 149 36 multatum
848 296 112 36 rerum
910 296 87 36 igno-

195 328 128 40 rantia,
288 328 58 40 &
312 328 93 40 nisi
370 328 93 40 luce
428 328 116 40 divina
509 328 140 40 regantur
614 328 128 40 mentes,
707 328 105 40 etiam
777 328 105 40 error
847 328 70 40 in
882 328 81 40 eas
917 328 81 40 cadit

202 363 118 42 Matth.
285 363 83 42 24.
332 363 83 42 36.
379 363 71 42 De
415 363 83 42 die
462 363 106 42 autem
533 363 94 42 illa
592 363 59 42 &
615 363 94 42 hora
674 363 94 42 nemo
733 363 106 42 scit,
804 363 71 42 ne
840 363 118 42 Angeli
911 363 94 42 quidem

212 397 142 45 coelorum,
321 397 77 45 sed
365 397 98 45 Pater
431 397 87 45 meus
485 397 109 45 solus.
562 397 98 45 Jesa.
627 397 77 45 40.
671 397 77 45 13.
715 397 87 45 Quis
770 397 131 45 erudivit
868 397 131 45 spiritum
955 397 55 45 se-

215 424 107 43 novae?
290 424 53 43 &
311 424 85 43 quis
365 424 53 43 a
386 424 139 43 consiliis
493 424 64 43 ei
525 424 64 43 ut
557 424 128 43 docuerit
642 424 64 43 eum?

238 457 82 43 II.
285 457 128 43 Ratione
378 457 175 43 uoluntatis,
519 457 93 43 quod
577 457 93 43 Deus
635 457 58 43 a
659 457 105 43 nulla
729 457 93 43 alia
787 457 105 43 causa
857 457 140 43 regitur,
951 457 58 43 aut

211 488 161 41 flectitur,
337 488 80 41 aut
383 488 126 41 pendet,
475 488 92 41 quam
532 488 57 41 a
555 488 126 41 seipso;
647 488 126 41 ideoque
739 488 103 41 solus
808 488 92 41 Deus
865 488 92 41 est,
911 488 92 41 ἀυlεζκ

200 522 94 40 ος:
253 522 135 40 Angeli
348 522 108 40 vero
415 522 67 40 &
442 522 148 40 homines
550 522 148 40 subsunt
657 522 148 40 decreto
765 522 94 40 Dei
819 522 94 40 quo
873 522 189 40 flectuntur
1008 522 40 40 B

203 564 76 38 ad
241 564 88 38 hoc
292 564 88 38 vel
342 564 126 38 illud.
430 564 76 38 De
468 564 88 38 Deo
518 564 113 38 dicit
594 564 214 38 Nebucadnetzar
771 564 126 38 Magnus
859 564 76 38 in
884 564 126 38 program-

206 590 98 37 mate
267 590 86 37 suo
316 590 86 37 per
365 590 111 37 totum
439 590 123 37 regnum
525 590 98 37 suum
586 590 172 37 publicato,
722 590 135 37 Daniel.
820 590 74 37 4.
857 590 86 37 35.
906 590 98 37 quod
955 590 49 37 o-

197 628 93 34 mnes
256 628 174 34 habitatores
395 628 116 34 terrae
477 628 70 34 ut
511 628 116 34 nihili
593 628 174 34 reputentur,
732 628 58 34 &
756 628 93 34 quod
814 628 93 34 Deus
872 628 81 34 pro
907 628 93 34 uolun-

207 656 83 41 tate
258 656 72 41 sua
300 656 104 41 faciat
372 656 62 41 in
403 656 124 41 exercitu
497 656 93 41 coeli
559 656 52 41 &
579 656 176 41 habitatoribus
724 656 114 41 terrae:
807 656 93 41 neque
869 656 72 41 est
911 656 72 41 qui
942 656 62 41 pro-

199 684 113 46 hibeat
278 684 102 46 manum
346 684 102 46 ejus,
414 684 79 46 aut
460 684 102 46 dicat
528 684 68 46 ei
562 684 91 46 quid
607 684 91 46 facis:

226 710 101 55 III.
290 710 139 55 Ratione
391 710 89 55 tum
441 710 190 55 intellectus
593 710 89 55 tum
644 710 177 55 uoluntatis
783 710 190 55 conjunctim,
922 710 76 55 quo-

207 753 93 41 Deus
266 753 198 41 immutabiliter
429 753 82 41 sit
475 753 105 41 liber
545 753 117 41 natura
627 753 93 41 sua:
685 753 140 41 creatura
790 753 82 41 non
837 753 105 41 item,
895 753 105 41 Malach.

207 787 69 43 3.
241 787 69 43 6.
276 787 81 43 Ego
322 787 115 43 Iehova
402 787 81 43 non
437 787 81 43 mutor

241 805 87 63 IV.
290 805 75 63 Si
327 805 99 63 Deus
390 805 87 63 non
439 805 112 63 esset
514 805 137 63 omnibus
613 805 112 63 modis
688 805 124 63 liber,
775 805 87 63 non
824 805 112 63 esset
899 805 112 63 Deus,
961 805 37 63 l

208 860 71 32 e.
244 860 83 32 nec
291 860 107 32 prima
362 860 107 32 causa
433 860 119 32 suorum
517 860 130 32 operum,
611 860 83 32 nec
647 860 166 32 felicissimus

240 885 73 41 V.
276 885 135 41 Etiamsi
374 885 98 41 Deus
436 885 135 41 natura,
534 885 86 41 hoc
583 885 98 41 est,
644 885 110 41 summa
717 885 61 41 &
742 885 147 41 absoluta
852 885 171 41 necessitat

208 917 108 40 bonus
280 917 96 40 est,
340 917 60 40 &
364 917 120 40 Filium
448 917 120 40 genuit
532 917 60 40 &
556 917 144 40 Spiritum
664 917 132 40 Sanctum
760 917 144 40 spiravit
868 917 72 40 ab
892 917 120 40 aeterno:

209 950 99 40 tamen
275 950 77 40 non
319 950 121 40 coacta,
407 950 77 40 sed
451 950 143 40 liberrima
561 950 143 40 voluntate
671 950 143 40 exsistit,
781 950 110 40 vivit,
858 950 77 40 est
902 950 110 40 beatus
968 950 33 40 &

204 983 124 42 bonus,
290 983 124 42 Filium
377 983 62 42 &
402 983 149 42 Spiritum
513 983 136 42 Sanctum
613 983 124 42 habet,
699 983 62 42 &
724 983 112 42 omnia
798 983 87 42 sua
848 983 149 42 consilia
947 983 62 42 at-

205 1020 80 42 que
250 1020 103 42 opera
319 1020 92 42 bona
377 1020 57 42 &
400 1020 103 42 justa
469 1020 92 42 esse
526 1020 103 42 vult,
595 1020 161 42 quantumvis
722 1020 172 42 impossibile
860 1020 92 42 sit,
917 1020 80 42 eum
952 1020 57 42 his

198 1049 151 42 contraria
315 1049 116 42 verle.
396 1049 116 42 Itaque
478 1049 140 42 absoluta
582 1049 163 42 necessitas
710 1049 93 42 haec
768 1049 128 42 volendi
861 1049 70 42 in
896 1049 93 42 Deo,
943 1049 58 42 non

200 1091 128 33 tollit
290 1091 128 33 summam
379 1091 179 33 libertatem
520 1091 77 33 in
559 1091 90 33 eo.
610 1091 90 33 Hoc
661 1091 231 33 diligentissime
841 1091 166 33 observandum

203 1117 153 38 adversus
318 1117 102 38 eos,
382 1117 89 38 qui
433 1117 191 38 criminantur
586 1117 89 38 nos
636 1117 115 38 omnem
713 1117 178 38 libertatem
853 1117 140 38 adimere
942 1117 64 38 ho-

198 1145 110 44 mini,
271 1145 98 44 quum
332 1145 135 44 dicimus
430 1145 86 44 eum
479 1145 171 44 necessario
614 1145 135 44 lapsum,
712 1145 171 44 necessario
847 1145 147 44 peccare,
945 1145 61 44 ne-

214 1180 139 35 cessario
319 1180 70 35 id
354 1180 105 35 velle
423 1180 58 35 &
447 1180 128 35 facere,
540 1180 93 35 quod
598 1180 93 35 Deus
656 1180 151 35 decrevit.
772 1180 81 35 Nam
818 1180 70 35 si
853 1180 139 35 absoluta
946 1180 58 35 ne-

201 1224 144 29 cessitas
309 1224 132 29 volendi
405 1224 72 29 in
441 1224 96 29 Deo,
501 1224 84 29 non
549 1224 120 29 tollit
632 1224 120 29 summam
716 1224 168 29 libertatem
848 1224 72 29 in
884 1224 84 29 eo:
920 1224 84 29 multo

211 1247 104 36 minus
281 1247 162 36 necessitas
408 1247 69 36 ex
443 1247 150 36 hypothesi
559 1247 127 36 decreti
651 1247 58 36 &
674 1247 197 36 gubernationis
836 1247 127 36 divinae
917 1247 93 36 tollis

211 1278 162 36 libertatem
338 1278 81 36 eam
385 1278 92 36 quae
442 1278 150 36 creaturis
558 1278 150 36 competit,
673 1278 81 36 hoc
719 1278 92 36 est,
777 1278 138 36 judicium
881 1278 58 36 &
904 1278 138 36 electio¬

205 1313 100 41 nem
248 1313 186 41 spontaneam.

414 1356 131 54 VSVS
496 1356 229 54 libertatis
676 1356 98 54 in
709 1356 98 54 Deo.

240 1417 182 49 Aιδασκαλιe.
386 1417 73 49 I.
422 1417 97 49 Deus
483 1417 109 49 solus
556 1417 85 49 est
605 1417 97 49 vere
665 1417 122 49 liber:
751 1417 97 49 Ergo
811 1417 97 49 ipsi
872 1417 97 49 soli
921 1417 85 49 omnia

202 1453 160 53 serviunt:
325 1453 98 53 Ergo
386 1453 160 53 liberrime
509 1453 135 53 omnibus
608 1453 160 53 creaturis
718 1453 148 53 dominatur:

241 1494 82 39 II.
288 1494 93 39 Deus
346 1494 105 39 solus
416 1494 82 39 est
463 1494 93 39 vere
522 1494 117 39 liber:
603 1494 93 39 Ergo
662 1494 93 39 ipse
720 1494 105 39 solus
790 1494 82 39 est
837 1494 105 39 agens
895 1494 117 39 liberri-

206 1524 92 45 mum,
264 1524 104 45 cujus
333 1524 161 45 sapientia,
460 1524 150 45 voluntas,
575 1524 138 45 potentia
679 1524 58 45 &
702 1524 138 45 libertas
806 1524 58 45 a
829 1524 104 45 nullo
898 1524 92 45 alio
944 1524 69 45 pen-

213 1563 72 44 det.

239 1585 101 43 III.
302 1585 101 43 Deus
366 1585 88 43 est
416 1585 189 43 liberrimus:
567 1585 101 43 Ergo
631 1585 114 43 habet
706 1585 177 43 potestatem
845 1585 76 43 de
883 1585 88 43 suo
921 1585 88 43 agen-

204 1622 71 41 di
240 1622 94 41 quod
298 1622 106 41 vult,
369 1622 94 41 dare
428 1622 94 41 quid
487 1622 59 41 &
510 1622 82 41 cui
557 1622 82 41 vut
604 1622 59 41 &
628 1622 118 41 quando
710 1622 106 41 vult;
781 1622 118 41 creare
863 1622 106 41 alios
934 1622 71 41 ad
957 1622 59 41 de-

214 1656 87 40 cus,
269 1656 98 40 alios
334 1656 65 40 ad
367 1656 131 40 dedecus,
465 1656 109 40 Jerem.
541 1656 76 40 18.
584 1656 65 40 6.
617 1656 87 40 Ecre
672 1656 65 40 ut
704 1656 120 40 argilla
791 1656 65 40 in
824 1656 87 40 manu
878 1656 120 40 figuli,
955 1656 65 40 ita;

209 1695 78 34 vos
253 1695 100 34 estis
320 1695 67 34 in
354 1695 89 34 manu
409 1695 89 34 mea,
465 1695 56 34 o
487 1695 100 34 domus
554 1695 145 34 Israelis.
665 1695 111 34 Matth.
743 1695 78 34 20.
787 1695 67 34 v.
821 1695 78 34 15.
865 1695 100 34 Annon
932 1695 111 34 licet.

204 1722 94 40 mihi
263 1722 94 40 quod
322 1722 94 40 volo
381 1722 118 40 facere
464 1722 71 40 in
499 1722 94 40 meis
558 1722 118 40 rebus?
641 1722 71 40 ad
676 1722 118 40 Roman.
759 1722 71 40 9.
794 1722 153 40 versicul.
901 1722 106 40 decimo-

201 1763 126 38 octavo.
292 1763 103 38 Cujus
361 1763 92 38 vult
419 1763 161 38 miseretur,
545 1763 92 38 quem
603 1763 103 38 autem
671 1763 103 38 vult,
740 1763 138 38 indurat.
844 1763 69 38 Et
878 1763 103 38 vers.
936 1763 80 38 vige-

211 1791 98 36 simo
272 1791 123 36 primo.
358 1791 111 36 Annon
432 1791 111 36 habet
505 1791 172 36 potestatem
641 1791 135 36 figulus
739 1791 74 36 in
776 1791 123 36 lutum,
862 1791 74 36 ut
898 1791 74 36 ex
923 1791 86 36 eanem

211 1824 104 35 massa
280 1824 115 35 faciat
360 1824 104 35 aliud
429 1824 115 35 quidem
510 1824 81 35 vas
556 1824 69 35 ad
590 1824 115 35 decus,
671 1824 104 35 aliud
740 1824 92 35 vero
797 1824 69 35 ad
820 1824 115 35 dedecus?

242 1860 142 38 EλSγῳι.
346 1860 78 38 I.
384 1860 104 38 Deus
449 1860 91 38 est
501 1860 194 38 liberrimus:
656 1860 104 38 Ergo
721 1860 91 38 non
773 1860 91 38 est
825 1860 104 38 mens
877 1860 142 38 alligata.

199 1891 117 39 mundo,
281 1891 94 39 quae
340 1891 117 39 aliter
421 1891 105 39 agere
492 1891 82 39 non
538 1891 117 39 possit
620 1891 94 39 quam
679 1891 140 39 secundae
784 1891 117 39 causae
866 1891 117 39 agant:
936 1891 70 39 ergo

210 1926 86 36 non
259 1926 147 36 regitur,
369 1926 110 36 multo
443 1926 110 36 minus
516 1926 123 36 pendet
602 1926 61 36 e
626 1926 123 36 causis
712 1926 159 36 secundis.
835 1926 86 36 Hoc
871 1926 135 36 diligente

208 1951 152 36 teneamus,
325 1951 70 36 ut
360 1951 117 36 gloria
442 1951 82 36 Dei
489 1951 140 36 adversus
595 1951 129 36 Stoicas
688 1951 176 36 blasphemias
829 1951 164 36 asseratur.
946 1951 70 36 Pro-

210 1984 101 42 inde
273 1984 126 42 impiam
361 1984 163 42 Stoicorum
487 1984 176 42 sententiam
625 1984 75 42 de
663 1984 101 42 fato
726 1984 176 42 rejicimus,
864 1984 88 42 qua
914 1984 88 42 Deo
952 1984 63 42 li-

206 2017 110 42 bertas
283 2017 77 42 sua
327 2017 142 42 adimitur.

242 2045 88 44 II.
293 2045 101 44 Deus
356 2045 88 44 est
406 2045 189 44 liberrimus:
557 2045 101 44 Ergo
620 2045 151 44 rationes
734 2045 139 44 reddere
834 2045 126 44 suorum
910 2045 88 44 facto

203 2082 85 41 rum
251 2082 133 41 tenetur
348 2082 133 41 nemini,
445 2082 73 41 2.
481 2082 97 41 Sam.
542 2082 85 41 16.
590 2082 73 41 10
627 2082 85 41 ait
675 2082 121 41 David:
760 2082 73 41 S:
796 2082 121 41 Iehova
881 2082 121 41 edixit
953 2082 61 41 Se-

202 2118 86 33 mei,
256 2118 119 33 maledic
343 2118 119 33 Davidi,
429 2118 108 33 ecquis
504 2118 108 33 dicat,
580 2118 97 33 quare
645 2118 76 33 sic
688 2118 108 33 facis?
764 2118 97 33 Jesa.
828 2118 76 33 45.
871 2118 97 33 vers.
925 2118 76 33 nono-

221 2145 69 35 Vae
261 2145 128 35 litiganti
359 2145 69 35 cum
398 2145 108 35 fictore
477 2145 79 35 suo,
526 2145 98 35 testae
595 2145 69 35 cum
634 2145 89 35 aliis
693 2145 98 35 testis
762 2145 118 35 terreist
851 2145 59 35 an
880 2145 118 35 dicturum
959 2145 39 35 es

203 2179 96 47 lutum
267 2179 118 47 fictori
353 2179 86 47 suo,
406 2179 86 47 quid
460 2179 128 47 facturus
545 2179 86 47 esses?

240 2204 98 49 III.
301 2204 98 49 Deus
362 2204 86 49 est
411 2204 183 49 liberrimus:
558 2204 98 49 Ergo
619 2204 122 49 nemini
704 2204 86 49 est
753 2204 147 49 debitor,
863 2204 122 49 nemini
937 2204 61 49 obi

205 2245 152 49 estrictus
322 2245 70 49 ad
345 2245 117 49 quidpiam

241 2269 212 53 Eπανώρθυσες.
413 2269 80 53 I.
453 2269 106 53 Deus
519 2269 93 53 est
572 2269 186 53 liberrimum
718 2269 133 53 agens:
811 2269 106 53 Ergo
877 2269 159 53 graviter

204 2312 131 44 peccant
300 2312 84 44 qui
347 2312 131 44 moleste
443 2312 119 44 ferunt
526 2312 60 44 &
550 2312 191 44 indignantur,
706 2312 96 44 quod
765 2312 96 44 Deus
825 2312 119 44 aliter
897 2312 107 44 eventur

204 2353 107 33 omnes
275 2353 142 33 gubernet
382 2353 59 33 &
406 2353 142 33 dirigat,
512 2353 95 33 quam
571 2353 107 33 ipsis
643 2353 142 33 placeat.

242 2377 91 42 II.
294 2377 104 42 Deus
359 2377 91 42 est
410 2377 117 42 liber
488 2377 142 42 omnibus
592 2377 129 42 modis:
682 2377 104 42 Ergo
747 2377 91 42 eum
799 2377 142 42 referre
889 2377 117 42 debeba-

207 2406 96 49 mus,
267 2406 72 49 ut
303 2406 108 49 imago
375 2406 180 49 archetypum;
518 2406 84 49 sed
566 2406 120 49 culpae
650 2406 60 49 &
674 2406 120 49 poenae
758 2406 132 49 obnoxii
853 2406 108 49 facti
913 2406 96 49 sumus.

234 2445 126 41 Πειδει
323 2445 76 41 5.
361 2445 76 41 I.
398 2445 101 41 Deus
461 2445 88 41 est
512 2445 189 41 liberrimus:
663 2445 101 41 Ergo
726 2445 76 41 in
764 2445 88 41 cum
815 2445 139 41 fiducia
916 2445 63 41 &
928 2445 76 41 spec

209 2477 118 43 nostra
292 2477 142 43 firmiter
399 2477 154 43 recumbere
505 2477 95 43 debet.

237 2500 89 46 II.
288 2500 102 46 Deus
352 2500 89 46 est
403 2500 191 46 liberrimus:
556 2500 102 46 Ergo
620 2500 179 46 invocandus
760 2500 89 46 cum
798 2500 128 46 fiduciat

242 2533 194 43 Πaρακλισες.
397 2533 77 43 I.
436 2533 103 43 Deus
500 2533 90 43 est
552 2533 194 43 liberrimus:
707 2533 103 43 Ergo
772 2533 90 43 eum
823 2533 116 43 nulla
901 2533 90 43 res
939 2533 65 43 im-

202 2571 125 57 pediet,
293 2571 80 57 quo
338 2571 102 57 minus
406 2571 102 57 nobis
474 2571 68 57 in
508 2571 102 57 rebus
577 2571 136 57 adversis
679 2571 136 57 auxilium
781 2571 148 57 praestare
895 2571 125 57 possit.

249 2609 88 35 II.
300 2609 101 35 Deus
363 2609 88 35 est
413 2609 189 35 liberrimus:
564 2609 101 35 Ergo
627 2609 113 35 etiam
702 2609 88 35 nos
752 2609 75 35 ad
790 2609 176 35 libertatem
916 2609 88 35 veram

207 2644 140 33 reducet,
312 2644 93 33 quum
371 2644 140 33 imaginem
476 2644 82 33 Dei
522 2644 70 33 in
557 2644 105 33 nobis
628 2644 105 33 plene
698 2644 210 33 instauraverit;
873 2644 82 33 sic
919 2644 70 33 ut
943 2644 58 33 no-

205 2680 105 42 etiam
275 2680 117 42 futuri
357 2680 105 42 simus
427 2680 128 42 immunes
520 2680 58 42 a
544 2680 152 42 servitute
660 2680 140 42 peccati,
765 2680 140 42 diaboli,
870 2680 128 42 mortis,
952 2680 58 42 om-

214 2708 111 46 nisque
292 2708 144 46 miseriae,
402 2708 78 46 cui
447 2708 67 46 in
480 2708 78 46 hac
524 2708 89 46 vita
580 2708 133 46 subjecti
668 2708 78 46 sumus

339 2765 149 53 Tantum
443 2765 89 53 de
488 2765 194 53 Libertate
637 2765 119 53 Dei:
711 2765 179 53 sequitur
830 2765 60 53 de

515 2809 152 61 Gloria
606 2809 91 61 Dei.

419 2927 288 68 CAPUT
579 2927 224 68 XXXI.

213 3030 173 76 RIDeitatis
349 3030 186 76 essentialem
497 3030 186 76 significat.

243 3005 154 53 ILORIA
350 3005 108 53 DEI
412 3005 185 53 δμογυμως
551 3005 185 53 dicitur.
689 3005 108 53 Nam
751 3005 139 53 primo
828 3005 185 53 majestatem

329 3085 135 52 Secundo
427 3085 171 52 significat
561 3085 171 52 agnitionem
696 3085 61 52 &
720 3085 208 52 celebrationem
892 3085 98 52 Dei,
941 3085 73 52 lau-

211 3118 121 38 demque
296 3118 85 38 Deo
344 3118 145 38 debitam,
453 3118 97 38 quae
514 3118 85 38 non
562 3118 73 38 in
598 3118 85 38 Deo
647 3118 85 38 sed
695 3118 73 38 in
731 3118 157 38 creaturis
840 3118 182 38 rationalibus.

214 3150 90 39 est.
270 3150 68 39 De
304 3150 68 39 ea
338 3150 124 39 dicitur
428 3150 90 39 Luc.
484 3150 68 39 2.
518 3150 101 39 vers.
585 3150 124 39 decimo.
675 3150 124 39 quarto.
765 3150 113 39 Gloria
844 3150 68 39 in
878 3150 135 39 excelsis
968 3150 68 39 DEo.

214 3186 97 48 Item
275 3186 122 48 Johan.
360 3186 73 48 7.
396 3186 110 48 vers.
469 3186 219 48 decimo-octavo.
652 3186 85 48 Qui
701 3186 110 48 autem
774 3186 134 48 quaerit
871 3186 134 48 gloriam
956 3186 73 48 ejus

1046 189 75 54 qui
1089 189 54 54 m
1111 189 75 54 sit
1154 189 86 54 eum,
1208 189 75 54 hic
1251 189 97 54 verax
1315 189 86 54 est,
1369 189 54 54 &
1390 189 151 54 injustitia
1509 189 65 54 in
1541 189 65 54 eo
1573 189 75 54 non
1616 189 86 54 est.
1670 189 65 54 Et
1702 189 108 54 capit.
1778 189 75 54 11.
1810 189 43 54 4.

1047 234 118 33 Morbus
1130 234 94 33 iste
1188 234 82 33 non
1235 234 82 33 est
1283 234 71 33 ad
1318 234 129 33 mortem,
1412 234 82 33 sed
1459 234 82 33 pro
1506 234 82 33 Dei
1553 234 129 33 gloria,
1647 234 71 33 ut
1683 234 82 33 per
1730 234 82 33 eum
1765 234 94 33 morbum

1054 265 174 39 glorificetur
1195 265 109 39 Filius
1271 265 87 39 Dei.
1326 265 65 39 Et
1358 265 87 39 cap.
1413 265 76 39 12.
1456 265 65 39 v.
1489 265 76 39 42,
1532 265 76 39 43.
1576 265 98 39 Etiam
1641 265 65 39 ex
1673 265 152 39 primoribus
1782 265 87 39 multi-

1049 302 168 47 crediderunt
1183 302 67 47 in
1216 302 89 47 eum:
1272 302 78 47 Sed
1317 302 123 47 propter
1406 302 156 47 Pharisaeos
1529 302 78 47 hoc
1574 302 78 47 non
1618 302 190 47 profitebantur
1775 302 67 47 ne
1797 302 56 47 Sy-

1056 330 125 36 nagoga
1143 330 187 36 moverentur.
1292 330 174 36 Dilexerunt
1429 330 112 36 autem
1504 330 137 36 gloriam
1604 330 137 36 hominum
1703 330 125 36 potius
1778 330 75 36 quam

1062 362 134 37 lloriam
1159 362 97 37 Dei.
1220 362 122 37 Matth.
1305 362 73 37 6.
1342 362 110 37 vers.
1415 362 219 37 decimo-tertio.
1597 362 97 37 Quiu
1658 362 97 37 tuum
1719 362 85 37 est
1756 362 97 37 regnum

1056 398 51 32 &
1076 398 123 32 potentia
1168 398 51 32 &
1189 398 102 32 gloria
1260 398 61 32 in
1291 398 112 32 secula.
1373 398 61 32 1.
1403 398 82 32 Cor.
1454 398 72 32 10.
1495 398 72 32 31.
1536 398 82 32 Sive
1587 398 102 32 igitur
1659 398 112 32 editis,
1741 398 82 32 sive
1781 398 72 32 bibi.

1054 432 85 38 tis,
1107 432 85 38 sive
1160 432 85 38 quid
1213 432 127 38 facitis,
1308 432 95 38 omnia
1372 432 64 38 in
1404 432 116 38 gloriam
1488 432 74 38 Dei
1531 432 116 38 facite.
1616 432 138 38 Similiter
1721 432 138 38 usurpatur
1817 432 42 38 2.

1055 463 84 43 Cor.
1107 463 63 43 4.
1138 463 94 43 vers.
1201 463 73 43 15.
1243 463 84 43 Haec
1296 463 94 43 omnia
1359 463 115 43 propter
1443 463 73 43 vos
1484 463 105 43 fiunt,
1558 463 63 43 ut
1589 463 105 43 gratia
1663 463 84 43 illa
1705 463 157 43 copiosissima,

1060 498 129 39 pluribus
1157 498 118 39 gratias
1243 498 150 39 agentibus,
1361 498 129 39 redundet
1458 498 64 39 in
1490 498 118 39 gloriam
1576 498 86 39 Dei.
1629 498 97 39 Phil.
1694 498 64 39 1.
1726 498 97 39 vers.
1780 498 75 39 unde.

1046 530 103 43 cimo.
1114 530 103 43 Pleni
1183 530 148 43 fructibus
1297 530 148 43 justitiae
1411 530 80 43 qui
1457 530 91 43 sunt
1514 530 80 43 per
1559 530 103 43 Iesum
1628 530 137 43 Christum
1730 530 68 43 ad
1753 530 103 43 gloriam

1065 558 151 37 laudem
1156 558 76 37 Dei

1085 583 109 45 Tertio
1161 583 152 45 significat
1281 583 98 45 arcam
1346 583 130 45 federis.
1443 583 65 45 1.
1476 583 119 45 Samuel.
1563 583 65 45 4.
1595 583 98 45 vers.
1661 583 76 45 21,
1704 583 76 45 22.
1737 583 119 45 Indiuciai

1047 629 104 29 autem
1117 629 104 29 nomen
1186 629 104 29 puero
1255 629 92 29 ipsi
1312 629 69 29 I.
1347 629 127 29 Cabodem
1439 629 138 29 dicendo,
1542 629 150 29 emigravit
1657 629 115 29 gloria
1738 629 69 29 ab
1761 629 92 29 Israe-

1057 658 77 39 le,
1101 658 121 39 audions
1189 658 66 39 de
1222 658 99 39 capta
1288 658 88 39 arca
1343 658 88 39 Dei,
1398 658 55 39 &
1420 658 66 39 de
1453 658 110 39 mortuo
1530 658 110 39 socero
1607 658 88 39 suo,
1662 658 121 39 dicebat
1750 658 88 39 enim
1794 658 66 39 emi-

1059 692 105 38 gravit
1132 692 105 38 gloria
1206 692 63 38 ab
1237 692 126 38 Israele,
1332 692 137 38 propterea
1437 692 84 38 quod
1489 692 95 38 capta
1552 692 95 38 esset
1615 692 84 38 arca
1668 692 84 38 Dei.
1720 692 95 38 Psal.
1783 692 74 38 26.
1815 692 32 38 8

1059 727 120 40 lehova
1143 727 120 40 diligo
1226 727 179 40 habitaculum
1370 727 108 40 domus
1442 727 108 40 tuae,
1513 727 60 40 &
1537 727 108 40 locum
1609 727 191 40 tabernaculum
1752 727 108 40 gloriae

1050 758 102 33 tuae.
1117 758 68 33 Et
1151 758 90 33 Psal
1208 758 79 33 78.
1253 758 79 33 61.
1298 758 158 33 Dederetque
1422 758 68 33 in
1456 758 181 33 cattivitatem
1603 758 102 33 robur
1670 758 102 33 suum,
1738 758 56 33 &
1749 758 113 33 gloriam?

1049 789 90 46 suam
1105 789 68 46 in
1139 789 102 46 manum
1207 789 124 46 hostis.
1297 789 102 46 Jesa.
1365 789 79 46 64.
1410 789 102 46 vers.
1478 789 136 46 undecimo
1580 789 113 46 Jerem.
1659 789 79 46 14.
1704 789 102 46 vers.
1761 789 90 46 vigesi

1053 824 156 38 mo-primo.
1173 824 72 38 Ne
1209 824 168 38 contemnito
1342 824 132 38 propter
1438 824 108 38 nomen
1510 824 108 38 tuum,
1582 824 72 38 ne
1618 824 180 38 vilipendito
1751 824 96 38 solium

1054 856 118 38 gloriae
1140 856 96 38 tuae:
1204 856 150 38 recordare,
1322 856 64 38 ne
1354 856 118 38 irritum
1439 856 107 38 facito
1514 856 96 38 fedus
1578 856 86 38 tuum
1632 856 139 38 nobiscum.
1738 856 64 38 Et
1770 856 107 38 capit.

1049 893 72 37 17.
1090 893 72 37 12.
1131 893 103 37 Solium
1204 893 124 37 gloriae,
1297 893 103 37 solium
1369 893 114 37 excelsi
1452 893 83 37 inde
1504 893 52 37 a
1524 893 134 37 principio
1628 893 72 37 est
1669 893 93 37 locus
1721 893 134 37 sanctuariis

1031 919 88 43 nostra

1085 948 112 51 Quarto
1163 948 157 51 significat
1287 948 112 51 signum
1365 948 168 51 aspectabile
1500 948 168 51 praesentiae
1634 948 78 51 Dei
1679 948 157 51 gloriosae,
1791 948 56 51 pu-

1048 982 73 43 ta
1084 982 122 43 nubem,
1170 982 97 43 item
1231 982 110 43 lucem
1304 982 61 43 &
1328 982 171 43 splendorem
1462 982 134 43 creatum
1560 982 110 43 atque
1633 982 171 43 visibilem,
1767 982 73 43 in
1791 982 61 43 que

1054 1022 137 37 apparere
1157 1022 126 37 solitus
1248 1022 69 37 e:
1283 1022 69 37 at
1317 1022 103 37 Deus,
1386 1022 69 37 ut
1420 1022 137 37 Exod.16.
1523 1022 69 37 8.
1557 1022 92 37 Mane
1615 1022 114 37 quoque
1695 1022 80 37 cum
1729 1022 126 37 videritis

1051 1054 135 37 gloriam
1149 1054 147 37 Iehovae,
1260 1054 197 37 quandoquidem
1419 1054 111 37 audit
1493 1054 209 37 murmurationes
1665 1054 135 37 vestras
1751 1054 98 37 contra

1063 1084 143 39 lehovam:
1170 1084 83 39 nos
1218 1084 95 39 enim
1278 1084 95 39 quid
1337 1084 107 39 sumus
1409 1084 72 39 ut
1445 1084 167 39 murmuretis
1576 1084 119 39 contra
1659 1084 95 39 nos?
1719 1084 72 39 Et
1743 1084 107 39 versic.

1051 1115 143 43 undecimo.
1161 1115 121 43 Fuitqe,
1249 1115 66 43 ut
1282 1115 88 43 ecce
1337 1115 110 43 gloria
1414 1115 121 43 Iehovae
1503 1115 143 43 appareret
1613 1115 66 43 in
1646 1115 88 43 ipsa
1701 1115 99 43 nube.
1767 1115 66 43 Et
1789 1115 66 43 cap.

1057 1153 80 34 24.
1102 1153 80 34 17.
1148 1153 126 34 Species
1240 1153 103 34 autem
1309 1153 126 34 gloriae
1400 1153 126 34 Iehovae
1492 1153 92 34 erat
1549 1153 126 34 tanquam
1641 1153 103 34 ignis
1710 1153 149 34 consumens
1813 1153 46 34 in

1053 1183 138 43 summitate
1160 1183 106 43 illius
1234 1183 117 43 montis,
1320 1183 85 43 ante
1373 1183 106 43 oculos
1447 1183 128 43 filiorum
1543 1183 128 43 Israelis
1639 1183 106 43 Levit.
1714 1183 64 43 9.
1746 1183 96 43 vers.
1799 1183 53 43 23.

1057 1212 64 46 Et
1089 1212 129 46 apparuit
1186 1212 107 46 gloria
1261 1212 118 46 Iehovae
1347 1212 86 46 toti
1401 1212 118 46 populo.
1486 1212 54 46 1
1508 1212 86 46 Reg.
1562 1212 64 46 8.
1594 1212 97 46 vers.
1658 1212 75 46 10.
1701 1212 75 46 11.
1744 1212 86 46 Fuit
1787 1212 75 46 autem

1052 1247 79 44 cum
1097 1247 123 44 exirent
1186 1247 157 44 Sacerdotes
1310 1247 56 44 e
1332 1247 112 44 sancto
1411 1247 101 44 ipso,
1478 1247 67 44 ut
1512 1247 101 44 nubes
1579 1247 135 44 impieret
1680 1247 101 44 domum
1736 1247 112 44 Iehovae.

1062 1284 88 39 adeo
1117 1284 66 39 ut
1150 1284 77 39 non
1194 1284 121 39 possent
1281 1284 154 39 Sacerdotes
1402 1284 154 39 consistere
1523 1284 66 39 ad
1556 1284 176 39 ministrandum
1698 1284 121 39 protter
1775 1284 77 39 ipsam

1047 1317 120 48 nubem;
1131 1317 96 48 quum
1191 1317 180 48 implevisset
1334 1317 120 48 gloria
1418 1317 132 48 Iehovae
1514 1317 108 48 domum
1586 1317 144 48 Iehovae.
1693 1317 72 48 2.
1729 1317 120 48 Chron.
1801 1317 60 48 13.

1055 1350 76 41 14.
1098 1350 54 41 &
1120 1350 86 41 cap.
1174 1350 65 41 7.
1206 1350 65 41 1,
1239 1350 65 41 2.
1271 1350 97 41 Jesa.
1336 1350 65 41 6.
1368 1350 65 41 3.
1401 1350 65 41 Et
1433 1350 119 41 clamans
1519 1350 97 41 alter
1584 1350 65 41 ad
1617 1350 119 41 alterum
1703 1350 130 41 dicebat,
1789 1350 65 41 San-

1060 1376 103 43 ctus,
1128 1376 137 43 Sanctus,
1231 1376 126 43 Sanctus
1322 1376 80 43 est
1368 1376 114 43 Iehova
1448 1376 171 43 exercituum:
1585 1376 114 43 implet
1665 1376 103 43 totam
1734 1376 91 43 hanc
1779 1376 69 43 ter-

1051 1412 77 39 ram
1095 1412 110 39 gloria
1172 1412 99 39 ejus.
1238 1412 110 39 Ezech.
1315 1412 66 39 1.
1348 1412 99 39 vers.
1414 1412 132 39 vigesimo
1514 1412 121 39 octavo.
1602 1412 110 39 Qualis
1679 1412 77 39 esi
1723 1412 121 39 species
1800 1412 55 39 ar-

1067 1446 71 40 us,
1107 1446 71 40 qui
1148 1446 121 40 exsistit
1238 1446 61 40 in
1269 1446 81 40 nube
1319 1446 111 40 tempore
1400 1446 121 40 pluviae,
1491 1446 81 40 tali
1541 1446 111 40 species
1622 1446 101 40 illius
1693 1446 141 40 splendoris
1793 1446 61 40 erat

1057 1477 183 40 circumquaque,
1208 1477 86 40 haec
1261 1477 97 40 visio
1326 1477 183 40 similitudinis
1476 1477 118 40 gloriae
1562 1477 129 40 Iehovae.
1659 1477 64 40 Et
1691 1477 75 40 cap
1734 1477 64 40 8.
1766 1477 54 40 4
1777 1477 75 40 Ecce-

1054 1510 108 43 autem
1126 1510 108 43 illic
1198 1510 132 43 gloriam
1293 1510 84 43 Dei
1341 1510 155 43 Israelis,
1461 1510 143 43 secundum
1568 1510 132 43 speciem
1664 1510 96 43 quam
1724 1510 132 43 videram
1807 1510 48 43 in

1069 1540 76 46 psa
1113 1540 141 46 convalle,
1221 1540 65 46 Et
1254 1540 87 46 cap.
1308 1540 65 46 9.
1341 1540 65 46 3.
1374 1540 109 46 Gloria
1450 1540 98 46 autem
1515 1540 76 46 Dei
1559 1540 120 46 Israeis
1646 1540 120 46 extulit
1733 1540 65 46 se
1765 1540 54 46 a
1776 1540 87 46 Cheru-

1054 1575 98 45 binis
1119 1575 108 45 quibus
1195 1575 65 45 in
1228 1575 130 45 sidebat,
1325 1575 65 45 ad
1358 1575 98 45 limen
1423 1575 108 45 ipsius
1498 1575 108 45 domus,
1574 1575 76 45 &c.
1618 1575 65 45 Et
1650 1575 87 45 cap.
1704 1575 76 45 10.
1748 1575 65 45 4.
1780 1575 54 45 &
1791 1575 65 45 ver-

1062 1608 92 44 sic.
1120 1608 81 44 18,
1166 1608 81 44 19.
1212 1608 127 44 Egressa
1305 1608 115 44 igitur
1385 1608 115 44 gloria
1466 1608 127 44 Iehovae
1558 1608 58 44 e
1581 1608 92 44 loco
1639 1608 81 44 qui
1685 1608 92 44 eret
1743 1608 104 44 limen
1800 1608 58 44 do-

1053 1643 98 37 mus,
1114 1643 61 37 &
1139 1643 110 37 stans
1212 1643 110 37 supra
1286 1643 184 37 Cherubinos;
1433 1643 98 37 Quum
1494 1643 147 37 levantes
1604 1643 159 37 Cherubini
1727 1643 98 37 aius
1776 1643 74 37 suus

1054 1673 163 43 extulissent
1184 1673 65 43 se
1217 1673 54 43 e
1239 1673 98 43 terra
1304 1673 87 43 ante
1358 1673 108 43 aculos
1434 1673 87 43 meos
1488 1673 108 43 eundo,
1564 1673 54 43 &
1586 1673 98 43 rotae
1651 1673 54 43 e
1673 1673 119 43 rigione
1749 1673 108 43 illorum;

1063 1704 149 45 substitit
1177 1704 115 45 animal
1258 1704 69 45 ad
1292 1704 115 45 ostium
1372 1704 115 45 portae
1453 1704 103 45 domus
1521 1704 126 45 Iehovae
1613 1704 126 45 primum,
1705 1704 57 45 &
1728 1704 115 45 gloria
1797 1704 57 45 DEI

1059 1741 123 37 Israelis
1151 1741 123 37 insidens
1244 1741 93 37 illis
1306 1741 123 37 superne.
1398 1741 62 37 Et
1429 1741 82 37 cap.
1480 1741 72 37 11,
1522 1741 72 37 22,
1563 1741 51 37 &
1583 1741 72 37 23.
1624 1741 103 37 Deinde
1696 1741 72 37 cum
1727 1741 134 37 extulissent

1058 1774 154 39 Cherubini
1177 1774 95 39 alas
1236 1774 107 39 suas,
1307 1774 83 39 cum
1354 1774 107 39 rotis
1425 1774 59 39 e
1449 1774 130 39 regione
1544 1774 142 39 ipsorum;
1651 1774 118 39 quibus
1722 1774 130 39 insidebat

1061 1805 110 46 gloria
1138 1805 77 46 Dei
1182 1805 132 46 Israelis
1280 1805 132 46 superne,
1379 1805 132 46 ascendit
1478 1805 110 46 gloria
1555 1805 110 46 Iehova
1632 1805 55 46 e
1654 1805 99 46 medio
1719 1805 143 46 civitatis
1818 1805 44 46 i-

1056 1839 102 42 psius:
1127 1839 153 42 substitique
1250 1839 92 42 super
1311 1839 112 42 montem,
1393 1839 71 42 qui
1433 1839 71 42 est
1474 1839 61 42 ab
1505 1839 112 42 oriente
1587 1839 133 42 civitati.
1689 1839 61 42 Et
1719 1839 82 42 cap.
1770 1839 71 42 43.
1801 1839 51 42 21.

1061 1867 86 40 Ecce
1115 1867 108 40 gloria
1191 1867 76 40 Dei
1234 1867 130 40 Israelis
1331 1867 130 40 veniebat
1429 1867 76 40 via
1472 1867 151 40 Orientali:
1591 1867 97 40 cujus
1656 1867 97 40 sonus
1720 1867 119 40 similis
1796 1867 65 40 erat

1058 1901 89 38 sono
1114 1901 123 38 aquarum
1203 1901 145 38 multarum,
1314 1901 56 38 &
1336 1901 100 38 cujus
1403 1901 111 38 gloria
1481 1901 145 38 relucebat
1593 1901 111 38 terra.
1671 1901 67 38 Et
1704 1901 100 38 vers.
1771 1901 56 38 4
1782 1901 67 38 Glo-

1053 1939 78 43 ria
1097 1939 89 43 vero
1153 1939 122 43 Iihovae
1242 1939 167 43 ingrediente
1375 1939 111 43 domum:
1453 1939 78 43 via
1497 1939 111 43 portae
1575 1939 89 43 quae
1631 1939 122 43 spectat
1720 1939 111 43 versus
1786 1939 67 43 Ori-

1053 1971 116 37 entem:
1135 1971 70 37 Et
1169 1971 104 37 vers.
1239 1971 70 37 5.
1274 1971 127 37 Tollens
1366 1971 70 37 me
1401 1971 139 37 Spiritus
1505 1971 127 37 deduxit
1598 1971 81 37 mei
1644 1971 116 37 atrium
1726 1971 127 37 intimum
1807 1971 46 37 a-

1054 2004 90 44 ecce
1110 2004 101 44 autem
1178 2004 101 44 plena
1245 2004 90 44 erat
1301 2004 90 44 Glor
1358 2004 56 44 a
1380 2004 124 44 Iehovae
1470 2004 101 44 domus
1538 2004 90 44 Luc.
1594 2004 68 44 2.
1628 2004 101 44 vers.
1695 2004 68 44 9.
1718 2004 135 44 Circumful-

1051 2035 76 34 sit
1095 2035 76 34 eos
1138 2035 109 34 gloria
1215 2035 120 34 Domini.
1302 2035 109 34 Actor.
1378 2035 65 34 7.
1411 2035 65 34 v.
1444 2035 76 34 55.
1487 2035 142 34 Stephanus
1596 2035 109 34 plenus
1673 2035 120 34 Spiritu
1749 2035 98 34 Sancto,

1051 2066 138 41 intentis
1154 2066 69 41 in
1188 2066 115 41 coelum
1269 2066 115 41 oculus
1349 2066 103 41 vidit
1418 2066 126 41 gloriam
1510 2066 80 41 Dei
1556 2066 57 41 &
1579 2066 103 41 Iesum
1648 2066 149 41 adstantem
1763 2066 69 41 ad
1786 2066 69 41 dex-

1047 2096 107 41 teram
1107 2096 71 41 Dei.

1084 2125 118 53 Quinio
1167 2125 165 53 significat
1296 2125 153 53 gloriosum
1414 2125 177 53 ministerium
1555 2125 153 53 Evangelii
1673 2125 141 53 Christi.
1768 2125 82 53 Jesa.

1053 2157 79 44 60.
1098 2157 67 44 1,
1131 2157 67 44 2.
1165 2157 112 44 Surgo,
1244 2157 101 44 luce,
1311 2157 180 44 quandoquidem
1457 2157 124 44 advenit
1547 2157 79 44 lux
1592 2157 90 44 tua,
1648 2157 56 44 &
1670 2157 112 44 gloria
1738 2157 112 44 Iehovae.

1061 2200 97 39 super
1126 2200 65 39 te
1158 2200 86 39 orta
1212 2200 86 39 est.
1266 2200 86 39 [Nam
1320 2200 86 39 ecce
1374 2200 129 39 tenebrae
1471 2200 129 39 operiunt
1568 2200 108 39 terram
1643 2200 54 39 &
1665 2200 108 39 caligo
1729 2200 119 39 nationes?

1051 2231 54 34 &
1073 2231 98 34 super
1138 2231 65 34 te
1171 2231 119 34 orietur
1258 2231 119 34 Iehova,
1344 2231 54 34 &
1366 2231 109 34 gloria
1442 2231 87 34 ejus
1496 2231 98 34 super
1562 2231 65 34 te
1594 2231 119 34 corspic
1681 2231 109 34 aerit.
1757 2231 65 34 2.
1779 2231 65 34 Cor.

1058 2263 63 37 1.
1090 2263 63 37 v.
1122 2263 63 37 4.
1153 2263 63 37 In
1185 2263 106 37 quibus
1259 2263 84 37 Deus
1312 2263 95 37 hujus
1375 2263 106 37 seculi
1449 2263 148 37 excaecavit
1565 2263 116 37 mentes,
1649 2263 95 37 nempe
1702 2263 148 37 infidelibus.

1055 2295 63 36 ne
1086 2295 126 36 irradiet
1180 2295 73 36 eos
1222 2295 157 36 illustratio
1348 2295 136 36 Evangelii
1452 2295 115 36 gloriae
1536 2295 126 36 Coristi,
1630 2295 73 36 qui
1672 2295 73 36 est
1714 2295 94 36 imaro
1766 2295 63 36 Dei.

1078 2326 104 34 Sexro
1148 2326 162 34 significat
1275 2326 116 34 cultum
1357 2326 81 34 Dei
1403 2326 70 34 in
1438 2326 128 34 publico
1530 2326 104 34 coetu
1600 2326 58 34 &
1623 2326 162 34 ministerio
1739 2326 116 34 Ecclesi-

1058 2357 115 44 astico,
1141 2357 94 44 Psal.
1204 2357 73 44 63.
1246 2357 63 44 2.
1277 2357 63 44 3.
1309 2357 52 44 O
1330 2357 94 44 Deus,
1392 2357 84 44 Deus
1445 2357 105 44 fortis
1518 2357 84 44 meus
1570 2357 73 44 es,
1612 2357 84 44 mane
1665 2357 115 44 eiquiro
1748 2357 73 44 te:
1780 2357 73 44 sites

1056 2393 73 40 est
1097 2393 73 40 tui
1139 2393 94 40 anima
1201 2393 83 40 mea,
1253 2393 115 40 arescit
1337 2393 62 40 ad
1368 2393 62 40 te
1399 2393 83 40 caro
1451 2393 73 40 mea
1493 2393 62 40 in
1524 2393 94 40 terra
1587 2393 94 40 sicea
1649 2393 52 40 &
1670 2393 83 40 essa
1722 2393 83 40 sine
1764 2393 83 40 aquis;

1060 2422 75 42 Ad
1097 2422 149 42 videndum
1209 2422 112 42 robur
1284 2422 100 42 tuum
1346 2422 62 42 &
1371 2422 137 42 gloriam
1470 2422 112 42 tuam,
1545 2422 75 42 id
1582 2422 100 42 est,
1644 2422 124 42 cultum
1732 2422 100 42 tuum
1781 2422 75 42 glo-

1054 2455 114 43 tiosum
1134 2455 69 43 in
1168 2455 160 43 sanctuario
1282 2455 57 43 tuo

1065 2479 135 51 Septimo
1163 2479 172 51 significat
1298 2479 147 51 imaginem
1408 2479 86 51 Dei
1457 2479 147 51 gloriosi
1567 2479 74 51 ad
1604 2479 98 51 quam
1665 2479 135 51 conditi
1751 2479 98 51 initio

1060 2512 150 60 fueramus,
1175 2512 184 60 consistentem
1324 2512 69 60 in
1359 2512 138 60 justitia
1462 2512 58 60 &
1485 2512 161 60 sanctitate
1612 2512 104 60 vera,
1681 2512 92 60 Rom.
1738 2512 69 60 3.
1773 2512 81 60 23.
1807 2512 46 60 O-

1045 2557 93 40 mnes
1104 2557 93 40 enim
1162 2557 175 40 peccaverunt
1302 2557 70 40 ac
1337 2557 186 40 destituuntur
1488 2557 117 40 gloria
1558 2557 70 40 Dei.

1086 2588 115 36 Octavo
1167 2588 161 36 significat
1294 2588 230 36 glorificationem,
1490 2588 81 36 seu
1536 2588 219 36 regenerationem,
1720 2588 58 36 &
1731 2588 127 36 sanctifi-

1053 2621 144 38 cationem
1161 2621 84 38 per
1209 2621 96 38 quam
1269 2621 180 38 instauratur
1413 2621 72 38 in
1449 2621 108 38 nobis
1520 2621 108 38 imago
1592 2621 96 38 Dei,
1652 2621 96 38 Jes.
1712 2621 84 38 28.
1760 2621 72 38 8.
1784 2621 72 38 Tuno

1047 2656 127 38 erumpet
1140 2656 104 38 velut
1209 2656 115 38 aurora
1289 2656 81 38 lux
1335 2656 92 38 tua,
1393 2656 58 38 &
1416 2656 127 38 sanitas
1508 2656 81 38 tua
1554 2656 138 38 protinus
1657 2656 161 38 fflorejtet
1784 2656 58 38 &
1795 2656 58 38 an-

1057 2690 105 49 teibit
1131 2690 63 49 te
1163 2690 126 49 justitia
1257 2690 84 49 tua,
1310 2690 105 49 gloria
1383 2690 116 49 Iehovae
1467 2690 126 49 colliget
1562 2690 74 49 te,
1604 2690 74 49 seu
1646 2690 126 49 extremum
1740 2690 95 49 agmen
1793 2690 63 49 tuum

1026 2721 109 41 aget.

1093 2750 96 37 Nono
1153 2750 168 37 significat
1285 2750 252 37 repraesentationem
1501 2750 168 37 majestatis
1633 2750 60 37 &
1657 2750 192 37 dominationis
1801 2750 60 37 di-

1058 2789 97 39 vinae
1123 2789 64 39 1.
1155 2789 86 39 Cor.
1209 2789 75 39 11.
1252 2789 64 39 7.
1284 2789 75 39 Vir
1327 2789 75 39 non
1370 2789 97 39 debet
1434 2789 107 39 velare
1509 2789 107 39 caput,
1585 2789 86 39 quum
1638 2789 64 39 is
1670 2789 97 39 imago
1735 2789 75 39 sit
1778 2789 54 39 &
1789 2789 64 39 glo-

1062 2822 83 33 ria
1109 2822 95 33 Dei,
1169 2822 83 33 hoc
1216 2822 95 33 est,
1275 2822 83 33 cum
1322 2822 71 33 is
1358 2822 189 33 repraesentet
1511 2822 165 33 majestatem
1641 2822 59 33 &
1665 2822 165 33 dignitatem
1783 2822 71 33 Dei,

1062 2854 162 41 supremum
1183 2854 135 41 gradum
1277 2854 162 41 obtinens
1399 2854 81 41 in
1439 2854 189 41 oeconomica
1588 2854 216 41 gubernatione
1763 2854 67 41 &
1777 2854 94 41 nomi-

1050 2888 83 36 ne
1092 2888 96 36 Dei
1147 2888 138 36 habens
1243 2888 165 36 deminium
1367 2888 83 36 in
1394 2888 110 36 uxorem

1096 2918 120 39 Decimo
1180 2918 156 39 usurpatur
1299 2918 96 39 loco
1359 2918 168 39 adjectivi,
1491 2918 132 39 Hebraea
1587 2918 132 39 phrasi,
1682 2918 72 39 ut
1718 2918 96 39 idem
1766 2918 96 39 valear

1063 2950 90 44 quod
1119 2950 158 44 gloriosus,
1243 2950 146 44 gloriosa,
1355 2950 158 44 gleriosum:
1479 2950 113 44 Nehem.
1558 2950 68 44 9.
1592 2950 68 44 v.
1626 2950 68 44 5.
1659 2950 169 44 Benedicimus
1783 2950 79 44 nomi-

1065 2983 64 46 ni
1097 2983 118 46 gloriae
1183 2983 85 46 tua,
1236 2983 75 46 hoc
1279 2983 85 46 est,
1332 2983 107 46 nomini
1407 2983 128 46 glorioso
1493 2983 53 46 tut

1090 3019 164 39 Epiphanius
1219 3019 129 39 loquens
1313 3019 70 39 de
1348 3019 234 39 transfiguratione
1546 3019 129 39 Christi
1640 3019 70 39 in
1675 3019 117 39 morte,
1757 3019 82 39 ait
1804 3019 58 39 c
1816 3019 58 39 Ca-

1056 3051 87 40 nem
1105 3051 136 40 Christi
1204 3051 186 40 consequutam
1353 3051 136 40 gloriam
1452 3051 161 40 Deitatis,
1576 3051 186 40 intelligens
1725 3051 87 40 per
1775 3051 112 40 glori
1837 3051 37 40 m

1065 3084 154 39 Deitatis,
1184 3084 83 39 non
1231 3084 178 39 essentialem
1373 3084 83 39 Dei
1421 3084 142 39 gloriam,
1527 3084 83 39 sed
1575 3084 107 39 illum
1646 3084 154 39 vilibilem
1752 3084 119 39 splendo-

1059 3120 82 37 rem
1106 3120 82 37 quo
1153 3120 140 37 refulsit
1258 3120 117 37 facies
1340 3120 140 37 Christi,
1445 3120 58 37 a
1468 3120 128 37 Deitate
1562 3120 140 37 effectum
1667 3120 70 37 in
1702 3120 105 37 facie
1760 3120 117 37 Christi.

1060 3153 103 46 Sicut
1128 3153 137 46 justitia
1231 3153 125 46 Christ:
1322 3153 103 46 nobis
1390 3153 137 46 imputata
1493 3153 125 46 vocatur
1584 3153 137 46 justitia
1686 3153 80 46 Dei
1732 3153 57 46 a
1755 3153 114 46 Paulo,
1823 3153 57 46 non

1063 3187 87 47 quod
1117 3187 76 47 sit
1161 3187 130 47 justitia
1258 3187 76 47 Dei
1302 3187 174 47 essentialis,
1443 3187 76 47 sed
1486 3187 87 47 quod
1541 3187 76 47 sit
1584 3187 54 47 a
1595 3187 65 47 Deo.
