2063 3465
162 199 91 64 geiu
219 199 69 64 se
253 199 126 64 flectat
344 199 160 64 coelestium
470 199 69 64 ac
504 199 171 64 terrestrium
641 199 57 64 &
664 199 217 64 subterraneorum,
847 199 137 64 omnisque
938 199 69 64 lin-

174 249 84 42 gua
222 249 181 42 prositeatur
367 249 109 42 Iesum
439 249 145 42 Christum
548 249 96 42 esse
608 249 133 42 Dominum
705 249 72 42 ad
741 249 133 42 gloriam
837 249 84 42 Dei
874 249 96 42 Patris

175 287 95 36 Hebr.
239 287 63 36 3.
271 287 63 36 v.
302 287 63 36 3.
334 287 63 36 4.
366 287 95 36 Tanto
429 287 106 36 namque
503 287 127 36 ampliore
598 287 106 36 gloria
672 287 74 36 pro
714 287 85 36 Mose
767 287 74 36 hic
809 287 106 36 dignus
883 287 74 36 est
915 287 53 36 ha-

173 318 130 40 bitus,
264 318 117 40 quanm
342 318 143 40 majorem
445 318 117 40 habet
523 318 143 40 honorem
627 318 143 40 is,quie
731 318 143 40 struxit
834 318 117 40 domum
899 318 78 40 quam

178 346 123 39 ctimus
264 346 110 39 ipsa.
337 346 110 39 Omnis
411 346 98 39 enim
472 346 110 39 domus
545 346 159 39 apparatur
668 346 61 39 a
692 346 61 39 q
717 346 123 39 apiam:
803 346 86 39 qui
852 346 98 39 vero
901 346 74 39 con-

168 386 124 39 struxit
258 386 90 39 haec
314 386 113 39 omnia,
393 386 79 39 est
438 386 101 39 Deus.
506 386 68 39 Et
540 386 90 39 cap.
596 386 68 39 2.
630 386 68 39 v.
664 386 68 39 9.
697 386 79 39 Sed
742 386 101 39 Iesum
810 386 101 39 illum
866 386 113 39 cernimus

175 418 101 41 glor:
242 418 56 41 a
265 418 56 41 &
287 418 112 41 honore
365 418 157 41 ceronatum,
489 418 79 41 qui
534 418 146 41 paulisper
646 418 90 41 fuit
702 418 135 41 inferior
803 418 123 41 Angelis
881 418 90 41 factus

178 450 121 38 propter
266 450 110 38 mortis
344 450 188 38 perpessionem,
498 450 77 38 &c.
542 450 99 38 Apoc.
609 450 66 38 5.
642 450 66 38 v.
675 450 77 38 12.
719 450 110 38 Dignus
796 450 77 38 est
840 450 99 38 Agnus
896 450 77 38 ille,

177 477 141 40 mactatus
283 477 82 40 qui
330 477 141 40 accipiat
436 477 165 40 potestatem
565 477 59 40 &
589 477 141 40 divitias
695 477 59 40 &
718 477 165 40 sapientiam
848 477 59 40 &
871 477 118 40 vires,
942 477 35 40 &

175 513 148 41 honorem,
286 513 62 41 &
310 513 148 41 gloriam,
421 513 62 41 &
446 513 222 41 benedictionem.
631 513 99 41 Hanc
692 513 123 41 igitur
779 513 136 41 gloriam
865 513 111 41 accepit

169 549 166 36 Christus
293 549 124 36 demum
376 549 110 36 post
445 549 179 36 passionem
583 549 69 36 &
611 549 138 36 mortem
708 549 124 36 suam:
791 549 97 36 non
846 549 110 36 ergo
901 549 69 36 pe-

175 586 81 41 eam
222 586 196 41 intelliguntur
383 586 185 41 proprietates
533 586 138 41 Deitatis
637 586 185 41 essentiales,
787 586 92 41 quas
845 586 92 41 actu
902 586 69 41 ab
925 586 58 41 ae-

175 611 102 43 terno
243 611 136 43 Christus
345 611 125 43 habuit.

205 638 139 44 Secundo,
309 638 69 44 si
344 638 69 44 in
379 638 116 44 majore
460 638 185 44 propositione
610 638 58 44 &
633 638 162 44 precatione
760 638 127 44 Christi
841 638 127 44 intellige

173 685 114 37 rentur
253 685 80 37 per
298 685 126 37 gloriam
390 685 183 37 proprietates
538 685 137 37 Deitatis
641 685 183 37 essentiales,
790 685 172 37 sequerentur
916 685 57 37 in-

178 708 75 43 de
215 708 149 43 absurda:
327 708 112 43 nempe
401 708 112 43 ipsam
476 708 124 43 quoque
563 708 149 43 Deitatis
675 708 162 43 essentiam
799 708 149 43 realiter
898 708 75 43 com-

172 750 155 32 municatam
291 750 95 32 esse
351 750 167 32 humanitati
482 750 143 32 Christi,
589 750 95 32 quum
649 750 191 32 proprietates
804 750 83 32 Dei
840 750 131 32 essentia.

178 774 82 45 les
225 774 105 45 nihil
295 774 93 45 sint
353 774 105 45 aliud
423 774 93 45 quam
481 774 128 45 ipsamet
575 774 82 45 Dei
621 774 152 45 essentia,
738 774 105 45 atque
808 774 82 45 ita
843 774 128 45 humanita;

172 816 133 34 Christi
268 816 84 34 non
317 816 120 34 tantum
401 816 108 34 esset
473 816 193 34 ormnipotens,
630 816 157 34 omniscia,
750 816 133 34 ubique,
847 816 84 34 sed
883 816 84 34 etiam

175 842 104 40 Deus.
245 842 92 40 Item
302 842 173 40 sequeretur,
440 842 184 40 proprietates
590 842 81 40 Dei
636 842 173 40 essentiales
774 842 81 40 non
820 842 115 40 fuisse
889 842 81 40 carn-

183 876 145 41 Christi
289 876 212 41 communicatas
460 876 93 41 per
513 876 145 41 unionem
619 876 185 41 personalem
764 876 132 41 statim
857 876 79 41 in
883 876 93 41 prime

170 910 134 37 momento
267 910 195 37 conceptionis
426 910 73 37 in
462 910 110 37 utero
535 910 110 37 purae
608 910 146 37 Virginis
718 910 134 37 Mariae;
816 910 97 37 quod
864 910 110 37 alioque

177 948 173 46 contendunt,
316 948 139 46 siquidem
420 948 81 46 eas
466 948 104 46 demum
535 948 92 46 sibi
593 948 139 46 petierit
697 948 185 46 communicari,
847 948 81 46 per
893 948 58 46 &
905 948 69 46 ori-

178 979 170 40 ficationem
311 979 97 40 quae
372 979 157 40 passionem
493 979 61 40 &
517 979 121 40 mortem
602 979 133 40 Christi
699 979 85 40 est
735 979 109 40 sequuta

197 1006 121 45 Terto,
282 1006 158 45 propterea
403 1006 85 45 per
452 1006 134 45 gloriam
549 1006 73 45 in
585 1006 85 45 hac
634 1006 170 45 precatione
768 1006 134 45 Christi
865 1006 85 45 non
901 1006 73 45 pos-

182 1041 84 44 sunt
234 1041 136 44 intelligi
339 1041 168 44 proprietates
475 1041 126 44 Deitatis
569 1041 168 44 essentiales,
705 1041 84 44 quia
758 1041 84 44 illa
810 1041 94 44 petit
862 1041 105 44 glorifi-

174 1073 99 41 cari
235 1073 86 41 non
285 1073 123 41 carnem
371 1073 111 41 suam,
445 1073 86 41 sed
494 1073 160 41 personam:
618 1073 86 41 Non
667 1073 99 41 enim
729 1073 99 41 ait,
790 1073 160 41 glorifica
901 1073 62 41 car

167 1115 88 31 nem
218 1115 113 31 meam,
293 1115 88 31 sed
343 1115 125 31 gafica
430 1115 88 31 ME.
480 1115 75 31 Et
518 1115 113 31 paulo
593 1115 100 31 ante
656 1115 113 31 vers.
731 1115 75 31 1.
768 1115 113 31 Pater
843 1115 113 31 vinit
906 1115 75 31 hora

179 1147 91 38 illa,
240 1147 132 38 glorifica
341 1147 101 38 Fiiium
412 1147 91 38 tuum,
473 1147 61 38 ut
504 1147 51 38 &
524 1147 61 38 te
554 1147 101 38 Filius
625 1147 81 38 tuus
676 1147 152 38 glorificet.

210 1176 127 41 Quarto,
303 1176 92 41 quia
360 1176 115 41 gloria
441 1176 92 41 illa
499 1176 127 41 petivit
591 1176 173 41 glorificari
729 1176 127 41 tanquam
821 1176 127 41 praemio
902 1176 69 41 setu

171 1212 176 36 consequente
312 1212 117 36 quodam
394 1212 176 36 obedientiae
534 1212 105 36 suae,
604 1212 70 36 ut
639 1212 117 36 liquet
721 1212 70 36 ex
756 1212 152 36 contextu:
873 1212 82 36 Ego
908 1212 59 36 te-

171 1238 176 44 glorificavi
312 1238 70 44 in
347 1238 117 44 terra:
429 1238 94 44 opus
488 1238 164 44 consummavi
617 1238 94 44 quod
675 1238 129 44 dedisti
769 1238 105 44 mihi,
839 1238 70 44 ut
863 1238 117 44 facerem;

185 1274 91 36 Nunc
241 1274 114 36 igitur
321 1274 148 36 glorifica
435 1274 68 36 tu
469 1274 102 36 Pater
537 1274 91 36 apud
594 1274 159 36 temetipsum
719 1274 80 36 cam
764 1274 114 36 glor:a
844 1274 91 36 quam
889 1274 91 36 habui-

184 1306 91 40 apud
240 1306 79 40 te,
286 1306 102 40 prius
354 1306 91 40 quam
410 1306 113 40 mundus
490 1306 113 40 esset.
569 1306 181 40 Proprietates
716 1306 102 40 autem
784 1306 170 40 essentiales
909 1306 68 40 Dei-

177 1340 111 46 tatis
251 1340 87 46 nec
300 1340 111 46 dvina
375 1340 87 46 nec
424 1340 124 46 humana
511 1340 124 46 natura
597 1340 136 46 Christi
696 1340 124 46 habet,
783 1340 74 46 ut
820 1340 149 46 praemium
919 1340 62 46 vel

178 1372 155 47 consequens
300 1372 167 47 obedientiae
433 1372 100 47 Patri
489 1372 133 47 praestitae

216 1406 118 40 Instant
302 1406 150 40 adversarii
420 1406 53 40 &
441 1406 118 40 dicunt,
526 1406 75 40 non
569 1406 96 40 posse
633 1406 75 40 hic
676 1406 75 40 per
719 1406 118 40 gloriam
805 1406 139 40 intelligi
901 1406 64 40 hono

182 1436 76 38 rem
225 1436 141 38 sessionis
334 1436 119 38 Christi
420 1436 65 38 ad
453 1436 119 38 dextram
539 1436 76 38 Dei
583 1436 119 38 Patris,
669 1436 87 38 quia
723 1436 97 38 dicat
788 1436 130 38 Christus
885 1436 65 38 de
907 1436 65 38 glo-

178 1468 84 39 ria
226 1468 108 39 illa,
298 1468 96 39 quod
357 1468 84 39 eam
405 1468 143 39 habuerit
513 1468 96 39 apud
572 1468 120 39 Patrem
656 1468 108 39 prius
728 1468 96 39 quam
788 1468 120 39 mundus
859 1468 84 39 esset

208 1500 124 40 RESP.
291 1500 124 40 Primo
374 1500 110 40 ante
443 1500 138 40 dictum
539 1500 110 40 est;
609 1500 166 40 Christum
733 1500 152 40 gloriam
843 1500 124 40 illam
912 1500 83 40 apud

171 1533 119 40 Patrem
254 1533 107 40 prius
326 1533 95 40 quam
385 1533 119 40 mundus
468 1533 107 40 esset
540 1533 143 40 habuisse
647 1533 71 40 in
683 1533 131 40 aeterna
778 1533 226 40 praedestinatio

175 1576 77 32 ne:
219 1576 98 32 sicut
284 1576 109 32 gratia
361 1576 77 32 qua
405 1576 87 32 Deus
459 1576 77 32 nos
503 1576 120 32 servat,
590 1576 87 32 data
645 1576 77 32 est
689 1576 98 32 nobis
754 1576 66 32 in
787 1576 120 32 Christo
875 1576 87 32 Jesu
918 1576 55 32 an-

175 1606 68 37 te
209 1606 124 37 tempora
299 1606 158 37 seculorum,
422 1606 90 37 Tim.
479 1606 68 37 1.
512 1606 68 37 v.
546 1606 68 37 9.
580 1606 124 37 nimirum
670 1606 68 37 in
704 1606 124 37 aeterna
783 1606 191 37 praedestinatio-

171 1636 85 36 ne:
220 1636 110 36 sicut
293 1636 98 36 Deus
354 1636 85 36 nos
403 1636 122 36 elegit
488 1636 73 36 in
525 1636 134 36 Christo
622 1636 98 36 ante
683 1636 110 36 jacta
756 1636 110 36 mundi
817 1636 159 36 fundamenta-

182 1666 112 42 Ephes.
260 1666 67 42 1.
294 1666 101 42 vers.
361 1666 56 42 4
384 1666 78 42 Sed
428 1666 112 42 elegit
507 1666 78 42 nos
552 1666 67 42 in
585 1666 78 42 suo
630 1666 157 42 proposito,
754 1666 90 42 quum
810 1666 112 42 nostri
877 1666 112 42 respectu

166 1701 93 50 tum
219 1701 120 50 demum
299 1701 173 50 eligamur,
432 1701 107 50 quum
499 1701 107 50 Deus
566 1701 107 50 suum
632 1701 187 50 propositum
779 1701 80 50 in
819 1701 120 50 nobis
886 1701 93 50 exse-

182 1737 107 49 quitur.

210 1764 137 44 Secundo
309 1764 161 44 respondeo
433 1764 87 44 per
483 1764 186 44 fiduciariam
632 1764 223 44 reprobationem:
818 1764 137 44 etiamsi
905 1764 74 44 con-

174 1802 155 35 cederemus
293 1802 84 35 per
341 1802 131 35 gloriam
437 1802 84 35 hic
484 1802 203 35 intelligendas
652 1802 191 35 proprietates
807 1802 84 35 Dei
843 1802 131 35 essentia.

175 1835 91 39 les,
232 1835 80 39 non
277 1835 102 39 tamen
345 1835 57 39 h
368 1835 68 39 ne
402 1835 91 39 vere
459 1835 125 39 colligi
550 1835 125 39 posset,
641 1835 102 39 illas
709 1835 102 39 carni
778 1835 125 39 Christi
857 1835 114 39 communi-

177 1874 115 33 catas:
258 1874 81 33 sed
304 1874 81 33 hoc
351 1874 115 33 tantum
431 1874 92 33 inde
489 1874 173 33 sequeretur,
628 1874 139 33 petiisse
732 1874 139 33 Christum
835 1874 69 33 se
859 1874 115 33 declaram

177 1900 117 42 verum
255 1900 65 42 &
281 1900 170 42 naturalem
412 1900 104 42 Deum
477 1900 65 42 &
503 1900 131 42 Filium
595 1900 91 42 Dei
647 1900 157 42 potenter
764 1900 157 42 secundum
869 1900 104 42 Spiri-

173 1932 80 37 tum
218 1932 149 37 sanctifi:
333 1932 138 37 ationis,
436 1932 80 37 per
482 1932 206 37 resurrectionem
654 1932 69 37 ex
689 1932 138 37 mortuis,
792 1932 115 37 Roman.
872 1932 69 37 1.
895 1932 69 37 vers

177 1967 73 40 4.
213 1967 61 40 &
238 1967 208 40 collocationem
409 1967 73 40 ad
445 1967 134 40 dextram
543 1967 85 40 Dei
592 1967 134 40 Patris,
689 1967 220 40 praedicationem
860 1967 98 40 Evange

181 1999 76 38 lii
225 1999 55 38 &
246 1999 142 38 miracula,
356 1999 98 38 sicut
421 1999 109 38 Petrus
497 1999 76 38 ait
541 1999 120 38 Actor.3
628 1999 98 38 vers.
693 1999 76 38 13.
737 1999 87 38 Deus
792 1999 87 38 ille
835 1999 120 38 Abrahamie

174 2028 117 42 Isaaci
256 2028 59 42 &
280 2028 129 42 lacobi,
373 2028 105 42 Deus,
444 2028 129 42 inquam,
537 2028 117 42 Patrum
620 2028 152 42 nostrorum
737 2028 187 42 glorificavit
877 2028 94 42 Filium

187 2067 87 35 suum
242 2067 109 35 Iesum,
318 2067 87 35 quem
372 2067 76 35 vos
416 2067 109 35 tradid
492 2067 87 35 stis
547 2067 54 35 &
568 2067 153 35 abnegastis
688 2067 65 35 in
721 2067 142 35 conspectu
819 2067 98 35 Pilati,

204 2100 117 36 Adhaec
286 2100 163 36 patefactio
414 2100 58 36 &
438 2100 175 36 declaratio,
578 2100 93 36 quod
636 2100 140 36 Christus
741 2100 82 36 sit
787 2100 105 36 verus
857 2100 58 36 &
869 2100 105 36 natura-

181 2124 79 43 lis
226 2124 91 43 Deus
283 2124 102 43 atque
351 2124 125 43 genitus
441 2124 68 43 ab
475 2124 125 43 aeterno
566 2124 57 43 a
588 2124 113 43 Patre,
668 2124 170 43 consequitur
803 2124 68 43 ex
837 2124 113 43 gloria
905 2124 57 43 se-

179 2163 122 40 sionis
264 2163 73 40 ad
301 2163 147 40 dexteram
411 2163 86 40 Dei
460 2163 134 40 Patris:
558 2163 86 40 Non
606 2163 98 40 enim
668 2163 122 40 potest
753 2163 122 40 sedere
839 2163 73 40 ad
863 2163 110 40 dextram

178 2196 78 37 Dei
222 2196 122 37 Patris,
311 2196 89 37 nisi
367 2196 78 37 qui
411 2196 100 37 simul
478 2196 78 37 est
522 2196 100 37 verus
589 2196 89 37 Deus
645 2196 56 37 &
667 2196 133 37 proprius
767 2196 78 37 Dei
811 2196 122 37 Filius.
889 2196 78 37 Atta-

174 2227 87 39 men
223 2227 87 39 (ut
273 2227 162 39 concludam
397 2227 211 39 responsionem)
571 2227 75 39 in
609 2227 87 39 hac
658 2227 174 39 precatione
795 2227 149 39 Christus
894 2227 75 39 pro-

174 2260 96 45 prie
234 2260 108 45 petit
306 2260 96 45 sibi
366 2260 144 45 conferri
473 2260 132 45 gloriam
569 2260 156 45 sessionis
689 2260 72 45 ad
725 2260 144 45 dexteram
832 2260 84 45 Dei
868 2260 96 45 Patris

183 2301 98 43 quam
244 2301 134 43 gloriam
342 2301 147 43 habuerat
452 2301 73 43 ab
488 2301 134 43 aeterno
586 2301 98 43 apud
647 2301 122 43 Patrem
733 2301 73 43 in
757 2301 220 43 praedestinatione

176 2333 90 37 seu
228 2333 168 37 proposito
357 2333 116 37 ejus:
434 2333 206 37 quandoquidem
602 2333 194 37 essentialem
757 2333 155 37 Deitatis
860 2333 116 37 gloriam

181 2359 180 42 manifestavit
327 2359 135 42 Christus
428 2359 101 42 etiam
496 2359 68 42 in
530 2359 101 42 statu
597 2359 203 42 humiliationis,
766 2359 101 42 sicut
834 2359 124 42 dicitur
912 2359 68 42 Joh.

174 2393 53 41 1
196 2393 64 41 v.
228 2393 75 41 14.
270 2393 64 41 Et
303 2393 96 41 Sermo
367 2393 85 41 ille
420 2393 107 41 fectus
495 2393 75 41 est
538 2393 85 41 caro
591 2393 53 41 &
612 2393 150 41 commoratus
730 2393 75 41 est
773 2393 96 41 inter
837 2393 85 41 nos,
890 2393 53 41 &
901 2393 64 41 spo-

182 2423 128 43 ctavimus
278 2423 117 43 gloriam
364 2423 96 43 ejus,
428 2423 128 43 gloriam,
524 2423 117 43 inquam,
610 2423 64 43 ut
642 2423 139 43 unigeniti
748 2423 53 43 a
770 2423 107 43 Patre.
845 2423 64 43 Et
877 2423 85 43 cap.
919 2423 43 43 1.

178 2459 102 37 v.11.
246 2459 79 37 Hoc
291 2459 125 37 initium
382 2459 136 37 signorum
484 2459 102 37 fecit
552 2459 102 37 Iesus
620 2459 102 37 Canae
688 2459 113 37 oppido
767 2459 147 37 Galileae,
880 2459 57 37 &
892 2459 79 37 mani-

172 2487 109 50 festam
248 2487 98 50 fecit
313 2487 119 50 gloriam
400 2487 98 50 suam,
465 2487 54 50 &
487 2487 163 50 crediderunt
617 2487 65 50 in
650 2487 76 50 eum
693 2487 141 50 discipuli
802 2487 98 50 ejus.
867 2487 65 50 2.
889 2487 76 50 Peti.

172 2528 78 36 Iv.
216 2528 78 36 16,
261 2528 78 36 17.
306 2528 111 36 Oculis
384 2528 123 36 nostris
473 2528 156 36 adspeximus
595 2528 111 36 illius
673 2528 167 36 majestatem.
807 2528 145 36 Acceperat
907 2528 67 36 enim

184 2554 60 40 E
208 2554 84 40 Deo
256 2554 108 40 Patre
328 2554 132 40 honorem
424 2554 60 40 &
448 2554 132 40 gloriam
544 2554 96 40 voce
605 2554 72 40 ad
641 2554 84 40 eum
689 2554 120 40 delata
773 2554 156 40 hujusmodi
893 2554 60 40 a
905 2554 60 40 ma-

188 2592 108 40 fnifica
267 2592 79 40 illa
316 2592 108 40 gloria:
395 2592 69 40 Hic
434 2592 69 40 est
474 2592 98 40 Filius
543 2592 79 40 ille
592 2592 89 40 meus,
651 2592 118 40 dilectus
740 2592 89 40 ille,
799 2592 59 40 in
828 2592 69 40 quo
858 2592 118 40 acquiesco-

190 2627 110 38 Gloria
267 2627 99 38 autem
333 2627 88 38 illa
388 2627 77 38 qua
433 2627 99 38 Johan
499 2627 77 38 17.
543 2627 99 38 petit
609 2627 176 38 glorificari,
752 2627 77 38 non
797 2627 88 38 fuit
841 2627 132 38 glorificat

181 2655 84 39 tus
229 2655 96 39 ante
289 2655 156 39 passionem
408 2655 60 39 &
432 2655 132 39 mortem.
528 2655 96 39 Joh.
588 2655 72 39 7.
624 2655 72 39 v.
660 2655 84 39 29.
708 2655 84 39 Quo
756 2655 108 39 etiam
827 2655 144 39 pertinet
923 2655 60 39 il-

181 2687 82 47 lud
228 2687 94 47 Joh.
287 2687 82 47 12.
334 2687 106 47 v.16.
404 2687 94 47 Haec
463 2687 94 47 vero
522 2687 82 47 non
569 2687 176 47 cognoverunt
710 2687 153 47 discipuli
827 2687 94 47 ejus
874 2687 106 47 primum:

178 2722 76 45 sed
221 2722 108 45 quando
297 2722 173 45 glorificatus
437 2722 86 45 fuit
491 2722 108 45 Iesus,
567 2722 86 45 tunc
621 2722 140 45 recordati
729 2722 86 45 sunt
783 2722 86 45 quod
837 2722 86 45 haec
891 2722 97 45 erant
945 2722 43 45 de

185 2759 62 43 co
205 2759 94 43 scripta

216 2775 82 54 II.
263 2775 141 54 Quicquid
369 2775 118 54 solius
451 2775 129 54 Jehovae
545 2775 94 54 est,
604 2775 71 54 id
639 2775 153 54 nequaquam
757 2775 118 54 idolis
839 2775 82 54 est
874 2775 106 54 adscri-

189 2819 133 44 bendum:
286 2819 121 44 Gloria
371 2819 121 44 divina
456 2819 121 44 solius
541 2819 133 44 Jehovae
638 2819 97 44 est:
698 2819 97 44 Ergo
759 2819 97 44 illa
819 2819 158 44 nequaquam
929 2819 49 44 i-

196 2853 95 42 solis
260 2853 74 42 est
302 2853 168 42 adscribenda.
439 2853 74 42 Huc
481 2853 126 42 pertinet
575 2853 84 42 quod
628 2853 116 42 dicitur
712 2853 95 42 Psal.
775 2853 84 42 106.
828 2853 63 42 v.
860 2853 74 42 20,
902 2853 74 42 21.
944 2853 63 42 Et

183 2887 148 37 mutantes
294 2887 136 37 gloriam
393 2887 111 37 suam,
467 2887 74 37 in
504 2887 124 37 formam
591 2887 111 37 bovis
665 2887 173 37 comedentis
801 2887 136 37 herbam:
887 2887 99 37 Obliti

187 2916 90 42 sunt
243 2916 79 42 Dei
288 2916 113 42 fortis
367 2916 158 42 Sarvatoris
491 2916 135 42 ipsorum,
593 2916 79 42 qui
638 2916 124 42 fecerat
728 2916 79 42 res
773 2916 113 42 magnas
852 2916 68 42 in
874 2916 113 42 AEgypto-

184 2951 68 39 Et
218 2951 91 39 Rom.
275 2951 68 39 1.
309 2951 68 39 v.
343 2951 80 39 23.
389 2951 148 39 Mnttarunt
503 2951 125 39 gloriam
594 2951 217 39 incorruptibilis
777 2951 80 39 Dei
822 2951 68 39 in
845 2951 137 39 efformatam

186 2985 146 39 imaginem
295 2985 207 39 corruptibilis
465 2985 146 39 hominis,
575 2985 61 39 &
599 2985 158 39 volucrium
721 2985 61 39 &
745 2985 195 39 quaedrupedum
903 2985 61 39 &
915 2985 61 39 re-

185 3018 68 51 pt
207 3018 80 51 ilium

221 3051 213 43 E.
394 3051 80 43 I.
433 3051 160 43 Graviter
553 3051 146 43 peccant
660 3051 80 43 in
699 3051 106 43 Deum
766 3051 93 43 qui
819 3051 146 43 gloriam
912 3051 80 43 ajus

189 3084 172 41 obscurant:
324 3084 99 41 Quod
386 3084 135 41 faciunt
484 3084 111 41 primo
558 3084 111 41 illi,
632 3084 86 41 qui
681 3084 99 41 Deum
743 3084 86 41 non
792 3084 160 41 agnoscunt
903 3084 86 41 esse,

183 3117 81 43 aut
230 3117 81 43 non
276 3117 150 43 agnoscunt
391 3117 92 43 tale
449 3117 115 43 qualis
530 3117 92 43 est;
588 3117 69 43 ut
622 3117 139 43 Epicuret
726 3117 81 43 non
772 3117 139 43 tribuunt
876 3117 81 43 Deo
911 3117 69 43 glo-

192 3151 103 39 ciam,
260 3151 92 39 quia
318 3151 115 39 putant
398 3151 92 39 DEUM
455 3151 103 39 nihil
524 3151 103 39 esse,
593 3151 80 39 aut
638 3151 80 39 non
684 3151 126 39 curarte
776 3151 126 39 humana.
867 3151 92 39 Saul
913 3151 69 39 etsi

195 3183 112 51 ensit
269 3183 100 51 DEUM
332 3183 100 51 esse
394 3183 62 51 &
419 3183 125 51 punire
506 3183 150 51 scelera,
618 3183 112 51 tamen
693 3183 87 51 non
743 3183 137 51 tribuit
843 3183 87 51 DEo
880 3183 125 51 integram

1020 196 159 70 gloriam,
1139 196 93 70 non
1192 196 173 70 agnoscens
1325 196 106 70 Deum
1392 196 106 70 esse
1458 196 226 70 misericordem,
1644 196 199 70 recipientem
1790 196 40 70 &

1023 248 163 49 servantem
1149 248 138 49 miseros
1249 248 188 49 peccatores,
1399 248 75 49 ad
1436 248 175 49 Mediatorem
1561 248 188 49 confugientes.

1053 278 126 44 Deinde
1142 278 164 44 obscurant
1267 278 138 44 gloriam
1368 278 88 44 Dei
1419 278 113 44 etiam
1494 278 113 44 veram
1570 278 176 44 religionem
1696 278 138 44 profiten-

1027 317 99 37 tes,
1089 317 87 37 qui
1138 317 112 37 malis
1213 317 136 37 moribus
1312 317 149 37 scandala
1423 317 161 37 praebent:
1547 317 87 37 nam
1597 317 87 37 dum
1646 317 87 37 cum
1696 317 87 37 Deo
1733 317 87 37 quae-

1027 345 70 46 si
1062 345 140 46 ludentes
1167 345 105 46 aliud
1237 345 117 46 agunt,
1319 345 105 46 aliud
1389 345 163 46 loquuntur.
1517 345 93 46 Deum
1575 345 93 46 ipsi
1634 345 140 46 ludibrio
1727 345 105 46 habent:

1023 384 62 44 &
1047 384 150 44 inimicis
1160 384 162 44 veritatis
1284 384 150 44 exhibent
1397 384 175 44 occasionem
1534 384 137 44 blasphe
1634 384 112 44 mandi
1708 384 112 44 nomen
1771 384 62 44 DEI

1021 411 64 41 &
1034 411 141 41 veritatem

1056 430 124 58 Tertio
1142 430 161 58 obscurant
1266 430 136 58 gloriam
1365 430 87 58 DEI
1414 430 87 58 qui
1464 430 111 58 ipsum
1538 430 198 58 persequuntur
1698 430 74 58 in
1723 430 99 58 Eccle-

1017 477 93 44 sia,
1075 477 58 44 &
1098 477 104 44 quasi
1168 477 93 44 DEUS
1226 477 104 44 verus
1295 477 81 44 non
1341 477 104 44 esset
1399 477 139 44 exagitant.

1052 509 91 43 II.
1104 509 155 43 Graviter
1220 509 142 43 peccant
1324 509 91 43 qui
1376 509 181 43 posthabita
1518 509 129 43 gloria
1609 509 91 43 DEI
1648 509 168 43 consectantu

1021 548 116 38 vanam
1098 548 141 38 gloriam
1201 548 129 38 mundi:
1291 548 90 38 aut
1343 548 90 38 qui
1394 548 141 38 gloriam
1497 548 90 38 DEI
1548 548 103 38 suae
1612 548 154 38 propriae
1715 548 116 38 postpo-

1017 582 98 36 nunt.

1049 599 103 47 III.
1114 599 168 47 Enormiter
1243 599 194 47 delinquunt,
1398 599 91 47 qui
1450 599 116 47 aequo
1528 599 116 47 animo
1605 599 129 47 ferunt
1696 599 65 47 &
1722 599 91 47 suo
1760 599 65 47 si-

1013 639 125 44 lentio
1101 639 163 44 approbant
1227 639 175 44 ignominiam
1364 639 100 44 quam
1427 639 100 44 Deus
1490 639 163 44 afficitur
1615 639 88 44 vel
1665 639 63 44 a
1678 639 150 44 blasphemis

1018 675 77 53 vel
1062 675 55 53 a
1084 675 198 53 pejeratoribus,
1249 675 77 53 vel
1293 675 66 53 ab
1326 675 209 53 Antichristianis
1501 675 77 53 vel
1545 675 66 53 ab
1578 675 99 53 aliis
1644 675 132 53 hostibus
1732 675 99 53 gloriae

997 715 95 37 DEI

1056 727 91 55 IV.
1108 727 91 55 Nec
1160 727 117 55 minus
1238 727 156 55 peccant,
1356 727 91 55 qui
1408 727 143 55 gloriam
1512 727 91 55 DEI
1564 727 182 55 praetexunt
1708 727 104 55 suis
1760 727 65 55 cu-

1037 776 178 43 iditatibus
1177 776 64 43 &
1203 776 191 43 affectibus,
1355 776 102 43 quum
1419 776 165 43 nequaquam
1546 776 140 43 gloriam
1648 776 89 43 DEI
1686 776 140 43 spectent,

1016 816 93 33 sed
1069 816 93 33 vel
1122 816 186 33 utilitatem
1268 816 106 33 suam
1334 816 93 33 vel
1387 816 119 33 vanam
1467 816 106 33 suam
1533 816 146 33 gloriam
1639 816 66 33 &
1653 816 172 33 ambitionem:

1022 845 85 44 Qui
1070 845 97 44 vero
1131 845 73 44 id
1167 845 145 44 faciunt?
1276 845 85 44 Qui
1324 845 121 44 quidem
1409 845 133 44 gloriam
1506 845 85 44 Dei
1554 845 73 44 in
1590 845 85 44 ore
1639 845 121 44 habent
1723 845 60 44 &
1735 845 85 44 prae-

1021 882 145 32 tendunt,
1130 882 121 32 factis
1215 882 97 32 vero
1275 882 85 32 eam
1324 882 157 32 abnegant,
1445 882 61 32 &
1469 882 85 32 aut
1517 882 121 32 falsam
1602 882 170 32 religionem
1723 882 97 32 propu-

1019 914 116 42 gnant,
1100 914 104 42 veram
1170 914 150 42 oppugnant
1285 914 81 42 sub
1331 914 127 42 speciei
1424 914 92 42 zeli
1481 914 81 42 pro
1528 914 116 42 gloria
1609 914 92 42 Dei,
1666 914 81 42 aut
1712 914 69 42 in
1736 914 92 42 gloria

1020 948 92 33 DEI
1072 948 184 33 procuranda
1217 948 145 33 ordinem
1322 948 171 33 divinitus
1454 948 158 33 sancitum
1559 948 171 33 contemnunte

1060 972 72 44 V.
1096 972 84 44 Vae
1144 972 96 44 illi
1204 972 84 44 qui
1252 972 132 44 gloriam
1348 972 84 44 DEI
1396 972 84 44 non
1444 972 144 44 agnoscit
1552 972 60 44 &
1576 972 168 44 praedicat.
1708 972 84 44 Vae
1744 972 72 44 uni-

1030 1006 121 51 cuique,
1118 1006 165 51 cujuscunque
1251 1006 121 51 ordinis
1339 1006 88 51 sit,
1394 1006 66 51 si
1427 1006 77 51 non
1471 1006 77 51 pro
1515 1006 77 51 sua
1559 1006 121 51 quisque
1648 1006 143 51 vocatione
1747 1006 66 51 glo-

1014 1040 101 43 tiam
1077 1040 88 43 DEI
1128 1040 202 43 praedicavert
1291 1040 63 43 &
1304 1040 189 43 annunciaveri-

1045 1069 165 41 .
1169 1069 82 41 I.
1210 1069 110 41 Quum
1279 1069 137 41 gloria
1375 1069 96 41 DEI
1430 1069 96 41 sit
1485 1069 124 41 finis
1567 1069 151 41 propter
1677 1069 110 41 quem
1732 1069 82 41 DEUS

1027 1113 106 36 omnia
1098 1113 118 36 facit:
1180 1113 118 36 nostri
1263 1113 118 36 quoque
1345 1113 83 36 est
1393 1113 130 36 officii
1487 1113 71 36 in
1522 1113 130 36 omnibus
1617 1113 165 36 quaecunque
1734 1113 83 36 cogi-

1022 1145 133 35 tamus,
1115 1145 146 35 dicimus
1221 1145 67 35 &
1248 1145 146 35 agimus,
1354 1145 120 35 nobis
1434 1145 146 35 gloriam
1541 1145 93 35 OEI
1594 1145 186 35 proponere,
1727 1145 93 35 illam

1035 1175 156 37 quaerere,
1155 1175 72 37 ad
1191 1175 108 37 illam
1263 1175 108 37 omnia
1335 1175 156 37 dirigere.
1456 1175 84 37 Hoc
1504 1175 108 37 autem
1576 1175 156 37 faciemus,
1696 1175 72 37 si
1720 1175 108 37 nostram

1015 1207 196 39 agnoscemus
1169 1207 209 39 ignominiam,
1336 1207 168 39 miseriam
1462 1207 70 39 &
1490 1207 209 39 paupertatem
1657 1207 98 39 tum
1699 1207 126 39 nativam

1017 1243 86 35 tum
1066 1243 184 35 acquisitam:
1213 1243 61 35 &
1237 1243 135 35 contra,
1335 1243 86 35 DEO
1384 1243 159 35 tribuemus
1507 1243 123 35 laudem
1593 1243 172 35 bonitatis,
1715 1243 98 35 justi-

1022 1270 100 40 tiae,
1089 1270 190 40 misericordiae
1245 1270 56 40 &
1267 1270 123 40 aliarum
1356 1270 145 40 virtutum,
1468 1270 100 40 sicut
1535 1270 100 40 David
1602 1270 100 40 facit
1669 1270 112 40 Psalm.
1747 1270 78 40 86.
1780 1270 45 40 in

1025 1306 87 40 quo
1074 1306 75 40 de
1112 1306 75 40 se
1149 1306 187 40 confitetur,
1299 1306 150 40 pauperem
1411 1306 75 40 se
1449 1306 62 40 &
1474 1306 137 40 egentem
1573 1306 112 40 esse:
1648 1306 75 40 ad
1686 1306 100 40 DEUM
1736 1306 87 40 autem

1029 1340 117 38 dicit;
1111 1340 70 38 Tu
1146 1340 117 38 Domine
1228 1340 105 38 bonus
1299 1340 70 38 es
1334 1340 59 38 &
1357 1340 164 38 condonans;
1486 1340 152 38 multusque
1603 1340 176 38 benignitate
1732 1340 82 38 omni-

1021 1367 76 42 bus
1065 1367 174 42 invocantibus
1206 1367 76 42 te.
1250 1367 142 42 Similiter
1359 1367 76 42 ait
1403 1367 109 42 Daniel
1479 1367 87 42 cap.
1534 1367 65 42 9.
1566 1367 65 42 v.
1599 1367 65 42 7.
1632 1367 98 42 Benes
1697 1367 65 42 te
1730 1367 55 42 o
1741 1367 76 42 Domi-

1029 1398 71 50 ne,
1069 1398 51 50 &
1090 1398 122 50 justitia
1181 1398 91 50 ipsa,
1242 1398 61 50 at
1272 1398 91 50 penes
1333 1398 71 50 nos
1373 1398 91 50 pudor
1424 1398 81 50 facies

1049 1429 69 46 2.
1083 1429 115 46 Nostri
1163 1429 80 46 est
1209 1429 126 46 officii
1301 1429 80 46 non
1346 1429 69 46 in
1381 1429 115 46 nobis,
1461 1429 80 46 sed
1507 1429 69 46 in
1541 1429 80 46 PEO
1587 1429 149 46 gloriari,
1701 1429 103 46 cujus
1759 1429 57 46 est

1015 1465 129 54 gloria
1093 1465 90 54 omnis

1050 1499 76 45 3.
1088 1499 102 45 Quum
1152 1499 89 45 DEI
1203 1499 89 45 sit
1254 1499 140 45 gloria:
1355 1499 89 45 est
1406 1499 127 45 igitur
1495 1499 64 45 a
1520 1499 114 45 nobis
1596 1499 203 45 celebrandus.
1749 1499 76 45 Unde

1028 1533 90 47 Psal.
1088 1533 80 47 138.
1138 1533 60 47 5.
1168 1533 120 47 dicitur,
1257 1533 50 47 &
1277 1533 100 47 canent
1347 1533 60 47 de
1377 1533 80 47 viis
1427 1533 120 47 Iehovae,
1517 1533 90 47 Psal.
1577 1533 80 47 113.
1627 1533 60 47 v.
1656 1533 60 47 3.
1686 1533 60 47 4.
1716 1533 70 47 Sit
1746 1533 80 47 lauda-

1027 1572 81 33 tum
1074 1572 104 33 nomen
1143 1572 139 33 Iehovae.
1247 1572 116 33 Elatus
1328 1572 104 33 supra
1398 1572 104 33 omnes
1467 1572 116 33 gentes
1548 1572 116 33 Iehova
1629 1572 93 33 est,
1687 1572 104 33 supra
1745 1572 81 33 ipsos

1028 1604 108 35 coelos
1104 1604 108 35 gloria
1179 1604 118 35 illius.
1265 1604 118 35 Exemplo
1351 1604 97 35 nobis
1416 1604 129 35 praecunt
1513 1604 108 35 Angeli
1588 1604 75 35 qui
1631 1604 86 35 Jes.
1685 1604 65 35 6.
1717 1604 65 35 3.
1739 1604 86 35 clamat

1018 1636 100 37 alter
1084 1636 66 37 ad
1117 1636 133 37 alterum,
1217 1636 144 37 dicentes:
1328 1636 133 37 Sanctus,
1427 1636 133 37 Sanctus,
1527 1636 122 37 Sanctus
1615 1636 77 37 est
1659 1636 111 37 Iehiva
1726 1636 88 37 exerci

1027 1665 109 39 tuum:
1099 1665 121 39 implet
1184 1665 109 39 totam
1257 1665 97 39 hanc
1317 1665 121 39 terram
1402 1665 121 39 gloria
1486 1665 109 39 ejus.
1559 1665 109 39 Eodem
1632 1665 145 39 pertinet
1728 1665 85 39 exhor

1021 1704 99 35 tatio
1087 1704 66 35 1.
1120 1704 110 35 Chron.
1197 1704 77 35 16.
1240 1704 66 35 v.
1273 1704 77 35 24.
1317 1704 121 35 Narrate
1405 1704 66 35 in
1438 1704 132 35 gentibus
1537 1704 121 35 gloriam
1625 1704 99 35 ejus,
1690 1704 66 35 in
1712 1704 110 35 omnibus.

1024 1733 126 38 populis
1115 1733 149 38 mirabilia
1230 1733 103 38 ejus.
1298 1733 92 38 Deus
1355 1733 92 38 vult
1413 1733 126 38 gloriam
1504 1733 92 38 suam
1561 1733 172 38 praedicari,
1699 1733 103 38 idque
1756 1733 57 38 ne-

1020 1768 157 36 cessatio:
1141 1768 145 36 inprimis
1249 1768 60 36 a
1273 1768 157 36 ministris
1394 1768 109 36 verbi
1466 1768 96 36 DEI.
1526 1768 72 36 Si
1563 1768 121 36 nolunt
1647 1768 145 36 ministri
1744 1768 84 36 verbi

1023 1801 91 35 DEI,
1079 1801 68 35 si
1113 1801 113 35 nolunt
1193 1801 147 35 Episcopi,
1306 1801 102 35 Laici
1374 1801 68 35 id
1408 1801 136 35 facient,
1510 1801 68 35 ut
1544 1801 147 35 ministros
1657 1801 102 35 verbi
1725 1801 91 35 DEI,
1771 1801 45 35 ut

1023 1830 151 43 Episcopos
1140 1830 174 43 confundant:
1279 1830 70 43 Si
1314 1830 116 43 nolunt
1395 1830 105 43 viri,
1465 1830 139 43 foeminae
1569 1830 70 43 id
1604 1830 139 43 facient:
1709 1830 70 43 si
1732 1830 93 43 nosunt

1013 1866 131 40 divites
1109 1866 60 40 &
1132 1866 143 40 potentes
1240 1866 72 40 in
1276 1866 84 40 hoc
1324 1866 119 40 mundo,
1407 1866 143 40 pauperes
1515 1866 60 40 &
1538 1866 131 40 egentes
1634 1866 72 40 id
1658 1866 167 40 praestabunt:

1018 1898 71 37 si
1054 1898 119 37 nolunt
1137 1898 131 37 adulti,
1232 1898 71 37 ex
1267 1898 83 37 ore
1315 1898 154 37 infantium
1433 1898 59 37 &
1457 1898 166 37 lactentium
1588 1898 154 37 perficiet
1706 1898 95 37 sibi
1754 1898 71 37 DEUS

1019 1930 123 39 laudem.
1108 1930 78 39 Imo
1153 1930 67 39 si
1186 1930 123 39 homines
1275 1930 67 39 id
1309 1930 112 39 nolint
1387 1930 123 39 facere,
1476 1930 112 39 potest
1554 1930 89 39 sibi
1610 1930 89 39 DEUS
1666 1930 112 39 filios
1744 1930 67 39 ex
1766 1930 56 39 la-

1014 1964 129 41 pidibus
1108 1964 152 41 excitare,
1225 1964 82 41 imo
1272 1964 105 41 ipsas
1342 1964 117 41 potest
1424 1964 152 41 creaturas
1541 1964 164 41 inanimatas
1670 1964 129 41 gloriae
1752 1964 70 41 suae

1018 1997 160 37 praecones
1141 1997 197 37 constituere.
1301 1997 74 37 Ac
1338 1997 148 37 profecto
1449 1997 210 37 coelienatrant
1622 1997 136 37 gloriam
1720 1997 99 37 DEI,
1770 1997 49 37 ut

1017 2026 109 41 dicitur
1096 2026 79 41 Psal
1145 2026 69 41 19.
1185 2026 59 41 v.
1205 2026 39 41 1.

1045 2060 190 46 .
1197 2060 76 46 I.
1235 2060 76 46 In
1273 2060 76 46 DE
1311 2060 63 46 O
1336 2060 215 46 acquiescamus,
1513 2060 63 46 &
1539 2060 76 46 ex
1577 2060 101 46 ipso
1627 2060 190 46 consolationem

1023 2090 155 47 petamus:
1139 2090 90 47 nam
1191 2090 129 47 gloria
1281 2090 142 47 hominis
1385 2090 90 47 est
1424 2090 78 47 DEUS

1046 2125 93 39 II.
1099 2125 132 39 Gloria
1191 2125 93 39 Dei
1244 2125 93 39 nos
1297 2125 132 39 solari
1390 2125 119 39 debet
1470 2125 132 39 contra
1562 2125 199 39 ignominiam,
1721 2125 106 39 quam
1774 2125 40 39 a

1012 2158 119 45 mundo
1091 2158 158 45 perferre
1209 2158 145 45 necesse
1315 2158 158 45 habemus.
1433 2158 198 45 Contemnamur
1591 2158 105 45 nos,
1644 2158 171 45 contumeliis

1010 2194 65 39 &
1036 2194 170 39 ludibriis
1167 2194 196 39 afficiamur;
1323 2194 144 39 dummodo
1428 2194 91 39 nos
1480 2194 117 39 simus
1558 2194 65 39 &
1584 2194 157 39 maneamus
1702 2194 104 39 DEI.
1754 2194 65 39 cu-

1016 2223 81 42 jus
1063 2223 115 42 gloria
1143 2223 81 42 est
1189 2223 127 42 aeterna
1281 2223 58 42 &
1305 2223 150 42 infinita.
1420 2223 81 42 Qui
1466 2223 69 42 in
1500 2223 127 42 gloriam
1593 2223 81 42 PEI
1639 2223 138 42 perpetuo
1731 2223 92 42 respi-

1021 2257 80 35 cit
1066 2257 57 35 &
1089 2257 69 35 in
1124 2257 69 35 ea
1158 2257 172 35 acquiescit,
1296 2257 69 35 ei
1330 2257 138 35 ludibria
1433 2257 103 35 mundi
1502 2257 115 35 nullum
1582 2257 126 35 dolorem
1662 2257 115 35 afferent

1052 2288 102 34 III.
1116 2288 102 34 Quum
1180 2288 127 34 gloria
1269 2288 115 34 omnis
1345 2288 89 34 sit
1396 2288 89 34 Dei
1447 2288 140 34 nostri,
1549 2288 115 34 cujus
1626 2288 89 34 nos
1677 2288 127 34 quoque
1753 2288 64 34 su-

1013 2323 103 40 mas:
1078 2323 142 40 solemur
1181 2323 90 40 nos
1233 2323 78 40 ea
1271 2323 155 40 adversus
1388 2323 142 40 mortem:
1491 2323 142 40 futurum
1594 2323 103 40 enim
1659 2323 103 40 est,
1724 2323 78 40 ut
1749 2323 65 40 nos

1023 2358 94 34 post
1082 2358 117 34 mortem
1164 2358 129 34 visione
1258 2358 129 34 gloriae
1351 2358 82 34 DEI
1398 2358 187 34 glorificemur
1550 2358 105 34 atque
1621 2358 70 34 in
1656 2358 141 34 aeternum
1749 2358 59 34 be-

1018 2390 79 37 ati
1063 2390 113 37 simus.
1142 2390 102 37 Visio
1210 2390 125 37 gloriae
1301 2390 79 37 DEI
1346 2390 79 37 nos
1392 2390 113 37 faciet
1471 2390 147 37 gloriosos
1584 2390 57 37 &
1607 2390 125 37 beatos:
1698 2390 57 37 &
1720 2390 79 37 qui
1754 2390 57 37 im-

1015 2423 149 35 mortalis,
1129 2423 126 35 potens,
1221 2423 138 35 aeternus
1325 2423 92 35 est,
1382 2423 103 35 nobis
1451 2423 161 35 mortalibus
1577 2423 218 35 immortalitatem,
1750 2423 57 35 in-

1026 2452 117 46 irmis
1104 2452 130 46 robur,
1195 2452 209 46 temporalibus
1365 2452 209 46 aeternitatem
1534 2452 156 46 donabit,
1652 2452 65 46 &
1678 2452 143 46 gloriam
1769 2452 52 46 ad

1026 2491 98 40 quam
1087 2491 134 40 conditi
1185 2491 134 40 eramus,
1282 2491 61 40 &
1307 2491 98 40 quam
1368 2491 73 40 in
1405 2491 86 40 hac
1454 2491 98 40 vita
1515 2491 159 40 deficimur
1637 2491 73 40 ob
1674 2491 122 40 lapsum
1747 2491 61 40 non

1024 2519 106 35 strum,
1099 2519 64 35 in
1131 2519 128 35 gloriosa
1227 2519 85 35 vita
1280 2519 85 35 illa
1333 2519 96 35 plene
1397 2519 160 35 perfecteque
1514 2519 117 35 restitue.

1049 2543 89 43 IV.
1100 2543 126 43 Gloria
1188 2543 89 43 DEI
1239 2543 177 43 consolatur
1378 2543 89 43 nos
1429 2543 152 43 adversus
1542 2543 190 43 ignominiam,
1694 2543 89 43 cui
1732 2543 76 43 cor-

1029 2586 94 34 pora
1088 2586 117 34 nostra
1170 2586 70 34 in
1205 2586 141 34 sepulcro
1310 2586 187 34 putrescentia
1463 2586 94 34 sunt
1521 2586 141 34 obnoxia.
1627 2586 82 34 Nam
1674 2586 129 34 efficax
1756 2586 70 34 illa

1032 2618 123 41 gloria
1118 2618 86 41 DEI
1167 2618 123 41 tollet
1254 2618 111 41 etiam
1328 2618 148 41 corporum
1439 2618 161 41 nostrorum
1563 2618 185 41 ignominiam,
1699 2618 123 41 resusci-

1017 2651 107 36 tando
1089 2651 72 36 ea
1125 2651 72 36 ex
1160 2651 143 36 mortuis,
1268 2651 60 36 &
1292 2651 143 36 induendo
1399 2651 72 36 ea
1435 2651 119 36 gloria
1519 2651 179 36 sempiterna,
1662 2651 107 36 sicut
1721 2651 96 36 Paulus

1017 2685 76 41 nos
1061 2685 119 41 solatur
1147 2685 65 41 I.
1180 2685 87 41 Cor.
1234 2685 76 41 15.
1278 2685 54 41 v
1300 2685 76 41 42.
1343 2685 54 41 &
1365 2685 87 41 seq.
1419 2685 119 41 Seritur
1506 2685 109 41 corpus
1582 2685 76 41 cum
1625 2685 174 41 corruptione,
1756 2685 65 41 jus-

1033 2714 117 36 citatur
1119 2714 75 36 cum
1161 2714 192 36 incorruptione:
1322 2714 117 36 seritur
1407 2714 117 36 foedum,
1493 2714 150 36 suscitatur
1610 2714 75 36 cum
1653 2714 107 36 goria:
1717 2714 96 36 seritu-

1034 2752 99 34 binne
1100 2752 110 34 vitium
1177 2752 121 34 expers,
1265 2752 154 34 suscitatur
1386 2752 121 34 potens,
1474 2752 77 34 &c.
1518 2752 55 34 &
1540 2752 121 34 Philip.
1628 2752 66 34 3.
1661 2752 66 34 v.
1694 2752 77 34 20,
1738 2752 77 34 21.
1771 2752 55 34 Nos

1026 2785 107 33 autem
1097 2785 71 33 ut
1133 2785 154 33 municipes
1251 2785 142 33 coelorum
1358 2785 83 33 nos
1405 2785 142 33 gerimus,
1511 2785 95 33 uude
1571 2785 107 33 etiam
1642 2785 166 33 Servatorem
1760 2785 59 33 ex-

1023 2812 161 43 spectamus
1147 2812 136 43 Dominum
1246 2812 112 43 Iesum
1320 2812 161 43 Chrisium:
1444 2812 87 43 qui
1494 2812 223 43 transfigurabit
1680 2812 124 43 corpus
1754 2812 62 43 no-

1031 2845 94 47 strum
1093 2845 115 47 humile,
1177 2845 63 47 ut
1209 2845 126 47 conforme
1303 2845 84 47 fiat
1355 2845 84 47 ejus
1408 2845 115 47 corpori
1492 2845 136 47 glorioso,
1596 2845 73 47 pro
1638 2845 63 47 vi
1670 2845 84 47 illa
1712 2845 115 47 efficace,

1021 2885 78 44 qua
1065 2885 111 44 potest
1143 2885 100 44 etiam
1209 2885 144 44 subjicere
1320 2885 89 44 sibi
1364 2885 89 44 omnia.

1057 2908 81 42 V.
1097 2908 148 42 Denique
1205 2908 135 42 gloria
1299 2908 189 42 DEIsolatur
1447 2908 94 42 nos
1501 2908 162 42 adversus
1622 2908 162 42 terrorem
1730 2908 94 42 ultim

1026 2946 135 40 adventus
1127 2946 135 40 Christi,
1229 2946 56 40 &
1251 2946 124 40 judicii
1342 2946 113 40 illius
1421 2946 181 40 universalis.
1567 2946 79 40 Nam
1613 2946 79 40 qui
1658 2946 68 40 in
1692 2946 113 40 ultimo
1759 2946 68 40 ille

1036 2980 85 45 die
1085 2980 85 45 cum
1133 2980 146 45 Christus
1243 2980 146 45 venturus
1353 2980 85 45 est
1401 2980 73 45 ad
1438 2980 171 45 judicandum
1572 2980 110 45 vivos
1645 2980 61 45 &
1670 2980 134 45 mortuos
1755 2980 73 45 vide

1097 3014 104 44 bunt
1162 3014 91 44 cum
1214 3014 130 44 gaudio
1305 3014 143 44 gloriam
1409 3014 104 44 PEI,
1475 3014 104 44 illi
1540 3014 169 44 nequaquam
1657 3014 117 44 cogita-

1228 3046 104 44 tibne
1297 3046 115 44 ultimi
1377 3046 138 44 adventus
1481 3046 127 44 Christi
1561 3046 69 44 tur-

1352 3078 99 37 bari
1401 3078 112 37 debent.
