2063 3451
167 175 89 49 tur
218 175 166 49 defensio.
346 175 77 49 q.
384 175 77 49 d.
422 175 102 49 Esto
486 175 153 49 defensio
601 175 140 49 tuorum:
703 175 128 49 deinde
793 175 89 49 per
844 175 179 49 metonymiam
971 175 64 49 es-

174 221 100 46 fecti
241 221 178 46 intelligitur
385 221 100 46 causa
452 221 145 46 efficiens
563 221 56 46 &
585 221 100 46 autor
652 221 167 46 defensionis
785 221 78 46 seu
830 221 145 46 defensor.

218 244 82 50 Sic
265 244 105 50 Psal.
335 244 82 50 38.
382 244 70 50 3.
417 244 58 50 &
440 244 117 50 Ezech.
522 244 82 50 39.
568 244 82 50 21.
615 244 105 50 manus
685 244 82 50 Deo
731 244 175 50 attribuitur
860 244 128 50 metaphori

180 281 85 51 ce,
228 281 60 51 &
252 281 85 51 per
301 281 121 51 eandem
385 281 193 51 intelligitur
543 281 109 51 plaga
615 281 181 51 metonymice,
760 281 97 51 quia
821 281 109 51 manus
893 281 85 51 est
929 281 73 51 cau-

183 323 66 52 sa
216 323 144 52 efficiens
326 323 210 52 instrumentalis,
503 323 77 52 qua
547 323 155 52 infligitur
658 323 88 52 plaga.

407 373 351 45 RECAPITULATI0.

223 408 87 60 Sic
272 408 112 60 libro
347 408 87 60 hoc
396 408 224 60 distributionem
583 408 174 60 Theologiae
719 408 75 60 in
757 408 99 60 duas
819 408 137 60 partes,
906 408 99 60 quarum

190 449 102 56 prior
257 449 68 56 de
291 449 102 56 fide,
359 449 147 56 posterior
472 449 68 56 de
506 449 102 56 bonis
573 449 135 56 opcribus
675 449 90 56 est:
731 449 169 56 proposuimus
867 449 56 56 &
878 449 124 56 confirma.

190 481 119 48 vimus.
273 481 154 48 Doctrinae
392 481 107 48 fidei
463 481 95 48 duas
522 481 107 48 etiam
594 481 119 48 partes
677 481 95 48 esse
736 481 178 48 ostendimus,
878 481 131 48 priorem
962 481 47 48 de

1041 166 102 50 Deo,
1105 166 192 50 posteriorem
1259 166 77 50 de
1297 166 154 50 Ecclesia
1412 166 102 50 Dei.
1476 166 102 50 Hinc
1540 166 218 50 descriptionem
1720 166 90 50 Dei
1758 166 128 50 tradidi-

1040 219 94 34 mus
1093 219 67 34 &
1120 219 175 34 doctrinam
1255 219 81 34 de
1295 219 94 34 Deo
1349 219 135 34 duabus
1443 219 161 34 partibus
1564 219 215 34 cemprehensam
1739 219 108 34 esse
1793 219 94 34 indi-

1043 253 141 35 cavimus,
1149 253 118 35 quarum
1232 253 82 35 una
1279 253 82 35 est
1326 253 71 35 de
1361 253 153 35 essentia,
1479 253 118 35 altera
1561 253 71 35 de
1596 253 141 35 operibus
1702 253 94 35 Dei.
1750 253 129 35 Doctrinae

1047 280 71 41 de
1083 280 143 41 essentia
1190 280 83 41 Dei
1238 280 119 41 itidem
1321 280 95 41 duas
1381 280 119 41 partes
1464 280 95 41 esse
1524 280 131 41 diximus
1619 280 71 41 de
1655 280 155 41 aitriluta
1774 280 71 41 De
1810 280 60 41 &
1821 280 60 41 de-

1051 308 152 47 personis
1165 308 164 47 Deitatis.
1291 308 164 47 Attributa
1418 308 88 47 Dei
1468 308 88 47 tum
1519 308 139 47 propria
1620 308 88 47 tum
1670 308 152 47 figurata
1771 308 114 47 quantum

1048 344 127 50 gratia
1137 344 89 50 Dei
1188 344 178 50 concessit,
1328 344 229 50 consideravimus
1518 344 64 50 &
1544 344 102 50 usum
1607 344 114 50 eorum
1684 344 191 50 ostendimus.
1823 344 64 50 Fa-

1094 388 91 31 xit
1146 388 104 31 idem
1211 388 117 31 verus
1288 388 117 31 atque
1366 388 129 31 unicus
1457 388 117 31 Deus,
1534 388 78 31 ut
1573 388 117 31 omnia
1651 388 181 31 pertineant
1780 388 52 31 ad

1209 410 104 55 suam
1274 410 144 55 gloriam
1379 410 65 55 &
1405 410 144 55 nostram
1496 410 222 55 aedificationem,

1351 447 170 43 AMEN

608 543 434 52 FINISLIER

611 684 434 71 SYNTA

142 769 907 79 THIILOLOGIAE

677 846 419 68 LIBER
910 846 140 68 T

955 916 97 63 Qui

517 993 984 63 PEPERSONISDEITATIS

685 1063 616 53 CAPUTPRIMUM

563 1112 95 66 De
611 1112 127 66 voce
690 1112 207 66 personae,
849 1112 95 66 an
881 1112 175 66 usurpanda

861 1157 104 67 tis
920 1157 163 67 vocibus
1024 1157 222 67 distinguenda.

540 1237 110 50 UUM
603 1237 110 50 tam
666 1237 173 50 sublime
792 1237 158 50 tamque
903 1237 95 50 ab
934 1237 126 50 humana

557 1286 140 35 catione
659 1286 140 35 remotum
761 1286 89 35 sit
811 1286 203 35 Sacrosanctae
964 1286 76 35 Tri

176 507 77 32 vae-

563 1310 124 46 nitatis
653 1310 157 46 mysterium,
776 1310 67 46 ut
810 1310 124 46 nullibi
900 1310 79 46 aut
934 1310 101 46 pericu-

550 1348 111 39 losius
628 1348 133 39 erretur,
727 1348 78 39 aut
772 1348 166 39 laboriosius
905 1348 155 39 quaeratur,

550 1378 77 46 aut
594 1378 165 46 fructuosius
726 1378 121 46 aliquid
814 1378 165 46 inveniatur:
946 1378 55 46 a
957 1378 77 46 votis

565 1416 70 38 ex
600 1416 105 38 animo
671 1416 152 38 conceptis
788 1416 141 38 exordiri
882 1416 152 38 necessarium

572 1447 88 39 est.
627 1447 66 39 Tu
660 1447 110 39 igitur
737 1447 99 39 unice
803 1447 99 39 Deus,
868 1447 110 39 Pater,
945 1447 110 39 Filii,
1011 1447 33 39 &

560 1479 148 36 Spiritus
671 1479 136 36 Sancte,
769 1479 74 36 in
807 1479 111 36 cujus
881 1479 111 36 nomen
942 1479 99 36 bapti-

561 1518 97 33 zati
622 1518 121 33 sumus,
706 1518 73 33 in
743 1518 97 33 quem
804 1518 158 33 credimus,
925 1518 85 33 cui
961 1518 73 33 unir

563 1549 115 40 magis
640 1549 153 40 magisque
755 1549 64 40 &
781 1549 115 40 uniti
857 1549 77 40 in
896 1549 102 40 omne
947 1549 102 40 aevum.

243 1578 154 41 permanere
362 1578 166 41 expetimus,
493 1578 119 41 tribue
576 1578 107 41 nobis
647 1578 119 41 clarum
730 1578 71 41 ac
766 1578 143 41 salutare
861 1578 178 41 intelligentia

239 1619 114 37 lumen,
318 1619 160 37 intellecta
444 1619 160 37 explicandi
569 1619 194 37 dexteritatem,
729 1619 148 37 veritatis
843 1619 114 37 fidem:
923 1619 57 37 &
934 1619 114 37 praesta-

244 1652 75 38 ut
281 1652 100 38 quod
343 1652 162 38 credimus,
468 1652 75 38 id
505 1652 150 38 loquamur
617 1652 75 38 ad
655 1652 87 38 tui
705 1652 137 38 nominis
804 1652 125 38 laudem
879 1652 162 38 sempiternam

251 1684 58 39 &
275 1684 69 39 ut
309 1684 81 39 qui
355 1684 69 39 te
390 1684 69 39 in
424 1684 81 39 hac
470 1684 92 39 vita
528 1684 69 39 ex
562 1684 115 39 gratia
643 1684 81 39 tua
689 1684 127 39 tanquam
781 1684 69 39 in
816 1684 127 39 speculo
908 1684 58 39 &
919 1684 127 39 aenigmate

253 1712 140 43 videmus,
359 1712 94 43 post
417 1712 94 43 hanc
476 1712 105 43 vitam
546 1712 70 43 in
581 1712 117 43 Gloria
663 1712 70 43 de
698 1712 105 43 facie
768 1712 70 43 ad
803 1712 117 43 faciem
885 1712 152 43 cernamus.
990 1712 59 43 His

236 1744 132 49 nostris
332 1744 120 49 precor
417 1744 108 49 annue
477 1744 96 49 votis.

277 1779 146 40 Postquam
386 1779 97 40 veri
447 1779 85 40 Dei
495 1779 158 40 essentiam
617 1779 134 40 unicam,
714 1779 61 40 &
738 1779 134 40 naturam
836 1779 97 40 ejus
896 1779 73 40 in
921 1779 121 40 attribu-

240 1811 83 37 tis
287 1811 177 37 cognovimus:
429 1811 189 37 consentaneum
583 1811 83 37 est
630 1811 118 37 ordini
712 1811 189 37 didascalico,
866 1811 71 37 ut
901 1811 71 37 de
925 1811 118 37 personia

233 1841 67 45 in
266 1841 133 45 essentia
366 1841 89 45 illa
422 1841 111 45 unica,
499 1841 122 45 quantum
588 1841 78 45 per
632 1841 111 45 Sacras
710 1841 122 45 literas
799 1841 100 45 nobis
865 1841 155 45 patefactum
976 1841 67 45 est,

239 1881 135 41 sedulo
334 1881 203 41 inquiramus.
496 1881 122 41 Totam
577 1881 122 41 autem
658 1881 230 41 inquisitionem
847 1881 135 41 duabus
942 1881 162 41 partibus

236 1918 219 37 complectemur.
416 1918 129 37 Primum
506 1918 77 37 de
545 1918 103 37 voce
609 1918 154 37 personae
725 1918 64 37 &
751 1918 154 37 cognatis
867 1918 129 37 quibus
957 1918 77 37 in
983 1918 64 37 hoc

246 1948 146 46 mysterio
355 1948 134 46 utimur,
452 1948 170 46 videbimus:
586 1948 122 46 postea
671 1948 97 46 vero
732 1948 97 46 quid
793 1948 73 46 de
829 1948 73 46 re
866 1948 97 46 ipsa
914 1948 134 46 credendum

238 1983 87 36 sit,
293 1983 65 36 ex
325 1983 141 36 divinitus
434 1983 152 36 inspiratis
554 1983 54 36 o
575 1983 131 36 oraculis
663 1983 141 36 proponemus.

277 2005 151 46 PERSONA
387 2005 151 46 Litinis
497 2005 124 46 dicta
580 2005 96 46 est
635 2005 69 46 a
662 2005 206 46 personando,
827 2005 206 46 quemadmodum
978 2005 55 46 an

243 2042 101 40 notat
310 2042 67 40 A.
343 2042 123 40 Gellius
433 2042 89 40 lib.
489 2042 67 40 5.
522 2042 101 40 Noct.
589 2042 112 40 Attic.
667 2042 67 40 c.
701 2042 67 40 7.
734 2042 78 40 Nam
779 2042 67 40 in
812 2042 134 40 Theatris
913 2042 78 40 qui
946 2042 101 40 obvolu-

243 2078 69 38 ta
278 2078 58 38 &
301 2078 138 38 contecta
405 2078 104 38 facie
474 2078 104 38 sonum
543 2078 127 38 edebant
635 2078 81 38 aut
681 2078 184 38 loquebantur,
831 2078 104 38 dicti
900 2078 92 38 sunt
946 2078 92 38 perso-

250 2117 94 38 nae:
309 2117 94 38 unde
367 2117 152 38 personata
485 2117 117 38 facies
567 2117 94 38 apud
625 2117 117 38 Festum
707 2117 152 38 Pompejum.
824 2117 105 38 Abiis
883 2117 164 38 significatio

244 2149 156 32 translata
364 2149 84 32 est
412 2149 72 32 ad
448 2149 144 32 homines,
555 2149 84 32 qui
603 2149 132 32 seorsim
699 2149 108 32 agunt
771 2149 60 32 &
795 2149 120 32 movent
878 2149 84 32 se,
926 2149 84 32 non
962 2149 84 32 etiam

252 2177 73 35 ad
288 2177 147 35 pecudes.
398 2177 73 35 Ex
435 2177 86 35 quo
484 2177 122 35 factum
569 2177 98 35 est,
631 2177 73 35 ut
667 2177 134 35 quoniam
765 2177 134 35 singuli
863 2177 134 35 homines
960 2177 73 35 se
985 2177 61 35 mo-

242 2210 98 38 vent
303 2210 73 38 ac
339 2210 134 38 seorsim
437 2210 183 38 subsistunt,
583 2210 134 38 singuli
681 2210 122 38 quoque
766 2210 183 38 appellentur
912 2210 159 38 personae.
1022 2210 49 38 Et

240 2244 136 44 quoniam
338 2244 74 44 hi
376 2244 136 44 ratione
474 2244 148 44 utuntur,
586 2244 99 44 haec
647 2244 86 44 vox
697 2244 74 44 ab
734 2244 161 44 hominibus
857 2244 74 44 ad
894 2244 136 44 Angelos
993 2244 62 44 &
1006 2244 49 44 ad

243 2277 131 38 divinas
338 2277 167 38 hypostases
470 2277 203 38 significandas
636 2277 179 38 accommodata
767 2277 72 38 fuit

285 2308 156 42 Quaeritur
405 2308 120 42 autem,
489 2308 72 42 An
525 2308 96 42 voce
585 2308 144 42 personae
692 2308 72 42 de
728 2308 84 42 Deo
776 2308 84 42 sit
824 2308 144 42 utendum?
932 2308 108 42 RESP.
992 2308 60 42 Vo-

249 2343 83 35 cem
297 2343 143 35 personae
404 2343 71 35 de
439 2343 83 35 Deo
487 2343 95 35 esse
546 2343 167 35 adhibendai
677 2343 83 35 nos
725 2343 167 35 statuimus:
856 2343 83 35 sed
903 2343 83 35 qui
951 2343 83 35 eam
987 2343 59 35 re-

246 2376 137 41 diciunt
345 2376 62 41 &
370 2376 75 41 in
407 2376 87 41 hoc
457 2376 199 41 augustissimo
618 2376 161 41 argumento
742 2376 75 41 de
780 2376 87 41 Deo
829 2376 149 41 usurpari
941 2376 137 41 nolunt,

245 2411 159 47 quibusdam
367 2411 172 47 rationibus
502 2411 159 47 moventur,
625 2411 98 47 quas
686 2411 123 47 ordine
772 2411 172 47 proferemus
907 2411 61 47 &
919 2411 123 47 refelle

236 2448 86 42 mus:

285 2468 70 42 I.
320 2468 93 42 Quia
378 2468 81 42 non
425 2468 116 42 exstet
506 2468 70 42 in
541 2468 163 42 Scriptura.
669 2468 174 42 Syllogismus
808 2468 128 42 fuerit:
901 2468 139 42 Quicquid
994 2468 58 42 non

250 2511 112 35 exstat
328 2511 67 35 in
362 2511 168 35 Scripturis,
497 2511 67 35 eo
530 2511 101 35 nobis
598 2511 67 35 in
631 2511 157 35 dogmatibus
755 2511 101 35 fidei
822 2511 79 35 non
867 2511 79 35 est
912 2511 135 35 utendum:
1002 2511 56 35 Vox

256 2543 130 38 personae
353 2543 76 38 non
397 2543 108 38 exstat
472 2543 65 38 in
505 2543 162 38 Scripturis:
634 2543 65 38 Ea
667 2543 86 38 ergo
721 2543 76 38 non
764 2543 76 38 est
807 2543 65 38 in
840 2543 151 38 dogmatibus
959 2543 97 38 fidei
1013 2543 43 38 u-

255 2583 129 36 tendum,
349 2583 106 36 Major
420 2583 141 36 probatur
526 2583 71 36 ex
561 2583 94 36 Rom.
620 2583 82 36 10.
667 2583 82 36 17.
714 2583 106 36 Fides
784 2583 71 36 ex
820 2583 118 36 auditu
902 2583 94 36 est:
949 2583 106 36 auditus

251 2608 92 42 vero
308 2608 81 42 per
354 2608 115 42 verbum
423 2608 69 42 Dei.

282 2637 108 46 RESP.
354 2637 215 46 Ridicularatio,
533 2637 96 46 quum
593 2637 155 46 Scriptura
712 2637 84 46 non
760 2637 84 46 sit
808 2637 131 46 scripta
904 2637 131 46 Latine,
999 2637 84 46 sed

258 2676 149 41 Hebraice
369 2676 62 41 &
394 2676 136 41 Graece:
493 2676 136 41 persona
592 2676 112 41 autem
667 2676 87 41 est
716 2676 87 41 vox
766 2676 136 41 Latina.
865 2676 136 41 Exstant
964 2676 99 41 vero
1013 2676 50 41 in

255 2709 160 40 Scriptura
378 2709 111 40 voces
452 2709 136 40 Graecae
550 2709 160 40 synonymae
674 2709 62 40 &
698 2709 209 40 equivalentes,
871 2709 99 40 quas
932 2709 123 40 Latine
1006 2709 62 40 hac

243 2741 94 45 voce
302 2741 211 45 interpretamur;
477 2741 105 45 nempe
653 2741 105 45 Hebr.
723 2741 70 45 1.
758 2741 82 45 ver
805 2741 58 45 3
828 2741 82 45 ubi
875 2741 117 45 Filius
957 2741 129 45 dicitur

247 2775 88 36 esse
302 2775 165 36 effalgentia
434 2775 110 36 glorie
512 2775 55 36 &
534 2775 154 36 chaeracter
655 2775 165 36 hypostases
787 2775 121 36 Patris,
876 2775 55 36 &
898 2775 143 36 ,
997 2775 55 36 quo

254 2812 95 40 modo
313 2812 131 40 singuli
408 2812 131 40 homines
610 2812 142 40 dicuntur
717 2812 71 40 2.
752 2812 95 40 Cor.
812 2812 71 40 1.
847 2812 71 40 v.
883 2812 83 40 11.
930 2812 83 40 Una
966 2812 83 40 confo

255 2847 133 36 rentibus
355 2847 100 36 opera
421 2847 100 36 etiam
487 2847 100 36 vobis
554 2847 77 36 per
598 2847 111 36 preces
676 2847 77 36 pro
720 2847 100 36 nobis
786 2847 66 36 ut
820 2847 111 36 donum,
897 2847 66 36 ex

255 2877 119 45 ,
363 2877 108 45 mnitis
439 2877 130 45 personis
536 2877 65 45 in
568 2877 76 45 nos
612 2877 140 45 collatum,
719 2877 76 45 per
763 2877 108 45 multos
838 2877 151 45 celebretur
946 2877 119 45 gratiarum

255 2908 128 40 nctione
348 2908 81 40 pro
395 2908 116 40 nobis.
476 2908 70 40 Et
511 2908 116 40 passim
593 2908 70 40 in
628 2908 151 40 Scriptura
744 2908 93 40 Deus
802 2908 128 40 negatur
895 2908 93 40 esse

265 2942 119 38 ,
352 2942 65 38 ut
385 2942 87 38 Act.
439 2942 76 38 10.
482 2942 87 38 Rom.
537 2942 65 38 2.
569 2942 65 38 id
602 2942 87 38 est,
656 2942 130 38 acceptor
754 2942 163 38 personarum.
884 2942 76 38 ubi
928 2942 119 38 persona
1004 2942 54 38 hy-

274 2971 145 41 postasin
383 2971 133 41 humanam
480 2971 85 41 seu
528 2971 169 41 individuum
661 2971 133 41 hominis
758 2971 181 41 significat.
903 2971 109 41 Eadem
963 2971 97 41 signi-

267 3002 155 42 ficatione
386 3002 59 42 &
410 3002 119 42 Latini
493 3002 167 42 Scriptores
624 3002 107 42 vocem
695 3002 143 42 personae
802 3002 95 42 usui
862 3002 143 42 pantinam
969 3002 71 42 M.
993 3002 71 42 Tule

267 3037 89 46 lius
322 3037 111 46 Cicero
400 3037 100 46 libro
466 3037 67 46 de
500 3037 155 46 Inventione
622 3037 67 46 in
655 3037 133 46 Topicis,
755 3037 67 46 in
788 3037 188 46 Partitionibus
943 3037 100 46 alios
998 3037 67 46 con-

271 3070 128 45 stituit
364 3070 105 45 locos
434 3070 116 45 rerum,
516 3070 105 45 alios
585 3070 163 45 personarum
713 3070 58 45 &
736 3070 140 45 personam
841 3070 105 45 dicit
911 3070 70 45 in
946 3070 81 45 Deo
992 3070 58 45 &
1004 3070 58 45 in-

264 3102 120 55 homine
348 3102 179 55 considerati
491 3102 143 55 Valerius
599 3102 132 55 Maximus
694 3102 72 55 l.
730 3102 72 55 2.
766 3102 72 55 c.
802 3102 84 55 21.
850 3102 155 55 quoslibet
957 3102 108 55 homines

275 3138 139 48 personas
379 3138 104 48 vocat
449 3138 69 48 In
483 3138 92 48 Jute
541 3138 173 48 Justinianeo
680 3138 92 48 quod
738 3138 185 48 Latinissimum
888 3138 92 48 est,
945 3138 81 48 hac
980 3138 81 48 eaden

270 3164 216 56 significatione
450 3164 108 56 nomis
522 3164 144 56 personae
630 3164 168 56 usurpatur:
762 3164 96 56 Quin
822 3164 108 56 etiam
894 3164 60 56 a
906 3164 168 56 Grammaticis,

268 3209 89 49 qui
319 3209 76 49 in
357 3209 204 49 Pronominibus
523 3209 64 49 &
549 3209 127 49 Verbis
638 3209 153 49 personas
752 3209 115 49 tres,
829 3209 140 49 primam,
931 3209 153 49 secundam
1033 3209 38 49 &

1074 1233 129 50 tertiam
1168 1233 211 50 distinguentes,
1343 1233 82 50 non
1390 1233 164 50 qualitates
1519 1233 187 50 intelligunt,
1671 1233 82 50 sed
1718 1233 164 50 hypostases
1835 1233 70 50 Per-

1083 1277 98 35 sona
1144 1277 122 35 igitur
1230 1277 110 35 nobis
1303 1277 122 35 Latine
1389 1277 183 35 loquentibus
1535 1277 86 35 est
1584 1277 73 35 in
1621 1277 86 35 hoc
1670 1277 159 35 argumento
1792 1277 98 35 quod
1841 1277 49 35 si

1095 1311 113 40 Ndovo
1171 1311 176 40 Testamento
1309 1311 125 40 Graeca
1396 1311 88 40 vox
1447 1311 163 40 ,
1572 1311 100 40 item
1685 1311 100 40 .
1748 1311 100 40 Quod
1810 1311 75 40 si
1835 1311 63 40 va-

1080 1346 90 39 lere
1136 1346 112 39 debeat
1214 1346 90 39 ista
1270 1346 101 39 ratio
1338 1346 112 39 prima,
1416 1346 78 39 non
1461 1346 90 39 erit
1517 1346 67 39 de
1551 1346 101 39 rebus
1618 1346 123 39 divinis
1707 1346 123 39 Latine,
1797 1346 78 39 vel
1831 1346 67 39 Ger-

1076 1380 131 34 manice,
1171 1380 83 34 vel
1219 1380 142 34 Gallice,
1325 1380 83 34 vel
1373 1380 154 34 Bohemice.
1492 1380 71 34 v.
1527 1380 107 34 Ialia
1598 1380 131 34 vulgari
1693 1380 119 34 lingua
1764 1380 131 34 loquendum

1083 1412 82 39 sed
1130 1412 117 39 tantum
1212 1412 140 39 Hebraice
1316 1412 58 39 &
1340 1412 128 39 Graece,
1433 1412 70 39 ne
1468 1412 70 39 de
1503 1412 105 39 rebus
1573 1412 128 39 divinis
1666 1412 105 39 utan,
1736 1412 70 39 ut
1771 1412 93 39 alis
1817 1412 82 39 vocit

1095 1448 83 35 bus
1143 1448 95 35 quam
1202 1448 178 35 exstantibus
1345 1448 71 35 in
1381 1448 167 35 Scriptura,
1511 1448 95 35 quae
1571 1448 59 35 a
1595 1448 131 35 Spiritu
1690 1448 119 35 Sancto
1773 1448 83 35 non
1821 1448 71 35 si
1845 1448 59 35 Te-

1083 1477 119 42 braice
1167 1477 60 42 &
1190 1477 119 42 Graece
1274 1477 83 42 est
1322 1477 167 42 inspirata,
1453 1477 83 42 non
1501 1477 95 42 aute
1560 1477 131 42 Latine,
1656 1477 83 42 vel
1703 1477 155 42 Germanite
1823 1477 95 42 clal
1870 1477 36 42 a

1089 1514 132 40 vulgari
1185 1514 120 40 lingua
1268 1514 120 40 Deinde
1352 1514 132 40 etiamsi
1448 1514 120 40 nomina
1531 1514 143 40 aequipol
1639 1514 108 40 entia
1711 1514 72 40 in
1747 1514 155 40 Scriputa
1854 1514 48 40 ne

1086 1543 175 41 exstatent:
1223 1543 112 41 tamen
1298 1543 100 41 quum
1360 1543 162 41 Scriptura
1485 1543 125 41 doceat
1572 1543 87 41 rem
1622 1543 87 41 eam
1672 1543 75 41 in
1710 1543 87 41 Deo
1760 1543 112 41 esse,
1822 1543 75 41 quae

1086 1579 134 39 Latinis
1183 1579 122 39 nomine
1268 1579 146 39 personae
1378 1579 183 39 exprimitur,
1524 1579 110 39 recte
1597 1579 183 39 usurparetur
1743 1579 134 39 Petinde
1828 1579 73 39 enim

1090 1614 90 37 est,
1146 1614 124 37 aliquid
1236 1614 135 37 expreise
1337 1614 56 37 &
1360 1614 124 37 totidem
1450 1614 124 37 literis
1540 1614 56 37 &
1562 1614 135 37 syllabis
1664 1614 90 37 esse
1720 1614 68 37 in
1754 1614 79 37 Dei
1799 1614 113 37 verbo;
1866 1614 34 37 &

1100 1645 129 38 vocibus
1194 1645 223 38 aequivalentibus
1382 1645 70 38 in
1417 1645 94 38 illo
1476 1645 141 38 exstare:
1581 1645 59 38 &
1605 1645 106 38 bonam
1675 1645 188 38 consequentia
1816 1645 94 38 secun-

1094 1677 91 41 dum
1146 1677 168 41 analogiam
1275 1677 117 41 fidei
1353 1677 78 41 in
1392 1677 78 41 eo
1431 1677 168 41 contineri
1560 1677 65 41 &
1586 1677 78 41 ex
1625 1677 78 41 eo
1664 1677 142 41 deduci.
1767 1677 91 41 Nam
1806 1677 91 41 sanct

1091 1711 154 38 Theologia
1209 1711 59 38 &
1233 1711 142 38 doctrina
1339 1711 106 38 verae
1410 1711 165 38 religionis
1540 1711 83 38 non
1587 1711 83 38 est
1634 1711 213 38 oso
1800 1711 106 38 quaedam

1096 1743 66 34 in
1129 1743 153 34 syllabarum
1249 1743 87 34 sono
1304 1743 76 34 aut
1347 1743 66 34 in
1380 1743 131 34 literis,
1478 1743 76 34 sed
1522 1743 66 34 in
1555 1743 98 34 sensu
1620 1743 120 34 posita.
1707 1743 98 34 Sicut
1773 1743 87 34 enim
1817 1743 87 34 scire-

1089 1778 130 40 leges,
1180 1778 91 40 non
1232 1778 91 40 est
1285 1778 117 40 earum
1363 1778 130 40 verba,
1454 1778 91 40 sed
1507 1778 130 40 mentem
1598 1778 144 40 tenere,
1702 1778 196 40 quemadmodum
1846 1778 65 40 Ju-

1095 1812 159 46 reconsulti
1220 1812 102 46 recte
1288 1812 114 46 ajunt:
1367 1812 79 46 Ita
1413 1812 102 46 scire
1481 1812 170 46 Scripturas,
1617 1812 79 46 non
1662 1812 79 46 est
1708 1812 102 46 earum
1776 1812 114 46 verba,
1855 1812 79 46 sed

1096 1844 142 38 mentem
1181 1844 114 38 tenere

1120 1874 179 43 REPLICANT:
1261 1874 230 43 Vocem
1452 1874 102 43 Heb.
1516 1874 64 43 1
1541 1874 77 43 3.
1579 1874 140 43 rectius
1681 1874 115 43 verti
1745 1874 166 43 substantia,

1092 1911 87 37 non
1141 1911 100 37 ergo
1204 1911 162 37 personam:
1329 1911 75 37 Et
1366 1911 75 37 ab
1404 1911 150 37 Hilario,
1516 1911 100 37 item
1579 1911 75 37 in
1616 1911 137 37 vulgata
1716 1911 62 37 &
1741 1911 162 37 Erasmiana
1854 1911 62 37 No-

1088 1948 74 36 vi
1125 1948 173 36 Testamenti
1261 1948 148 36 versione
1372 1948 99 36 voce
1434 1948 185 36 substantiae
1582 1948 124 36 Latine
1669 1948 161 36 redditam:
1780 1948 136 36 quomadmo-

1093 1978 76 39 dum
1136 1978 54 39 &
1158 1978 87 39 Heb.
1212 1978 65 39 3.
1245 1978 65 39 v.
1277 1978 76 39 14.
1320 1978 54 39 &
1342 1978 87 39 cap.
1396 1978 76 39 11.
1440 1978 65 39 v.
1472 1978 97 39 1item
1537 1978 65 39 2.
1569 1978 87 39 Cor.
1624 1978 65 39 9.
1656 1978 65 39 4.
1688 1978 54 39 &
1710 1978 87 39 cap.
1764 1978 65 39 1.
1786 1978 54 39 17.

1121 2007 114 37 RESP.
1198 2007 165 37 Improprie
1325 2007 153 37 redditur
1553 2007 102 37 voce
1617 2007 203 37 substantiae:
1782 2007 76 37 D.
1808 2007 114 37 fferunt

1098 2043 95 38 enim
1158 2043 154 38 plurimum,
1276 2043 95 38 quod
1336 2043 83 38 sic
1383 2043 131 38 ostedo.
1478 2043 107 38 Omnis
1550 2043 83 38 res
1597 2043 83 38 aut
1645 2043 95 38 ese,
1704 2043 83 38 aut
1752 2043 131 38 exsisi:
1847 2043 59 38 &
1859 2043 59 38 ub-

1092 2077 92 40 stat,
1153 2077 72 40 aut
1194 2077 92 40 etiam
1256 2077 144 40 subsistit.
1369 2077 92 40 Esse,
1431 2077 123 40 comnmune
1523 2077 72 40 est
1564 2077 82 40 omni
1615 2077 92 40 enti,
1677 2077 62 40 id
1708 2077 82 40 est,
1759 2077 72 40 non
1790 2077 123 40 substantis

1089 2115 111 32 solum,
1167 2115 78 32 sed
1211 2115 100 32 etiam
1278 2115 155 32 accidenti.
1400 2115 144 32 Exsistere
1511 2115 55 32 &
1533 2115 133 32 substare
1633 2115 78 32 est
1677 2115 133 32 substant
1777 2115 78 32 ae.
1821 2115 78 32 non
1855 2115 55 32 ac-

1099 2145 153 48 cidentis.
1217 2145 94 48 Quum
1276 2145 106 48 autem
1346 2145 165 48 substantia
1475 2145 82 48 sit
1522 2145 106 48 prima
1593 2145 82 48 vel
1640 2145 141 48 secunda,
1746 2145 165 48 singuloris
1863 2145 59 48 vel

1097 2178 162 44 communis;
1221 2178 100 44 ejus
1283 2178 100 44 esse
1345 2178 124 44 duobus
1433 2178 112 44 modis
1507 2178 62 44 a
1532 2178 112 44 nobis
1607 2178 212 44 distinguitur.
1781 2178 87 44 Nam
1831 2178 75 44 es
1856 2178 62 44 il-

1094 2209 92 36 lud,
1152 2209 92 36 quod
1210 2209 104 36 inter
1279 2209 173 36 substantias
1417 2209 127 36 commune
1509 2209 92 36 est,
1567 2209 127 36 dicitur
1659 2209 150 36 exsistere
1774 2209 81 36 vel
1808 2209 104 36 substa-

1100 2247 86 43 re:
1149 2247 99 43 esse
1211 2247 111 43 autem
1285 2247 123 43 illud,
1371 2247 99 43 quod
1432 2247 173 43 singularis
1568 2247 86 43 una
1617 2247 123 43 aliqua
1704 2247 173 43 substantia
1827 2247 86 43 (quam

1091 2277 152 42 nonnulli
1205 2277 190 42 substantiam
1357 2277 164 42 perfectam
1483 2277 139 42 vocant)
1585 2277 126 42 habet,
1673 2277 177 42 subsistens
1812 2277 76 42 in
1837 2277 89 42 sese,

1096 2310 126 32 vocatur
1187 2310 195 32 subsistantia.
1348 2310 80 32 Sic
1394 2310 92 32 esse
1451 2310 126 32 lapidis
1543 2310 138 32 commune,
1646 2310 80 32 est
1692 2310 172 32 substantia;
1829 2310 80 32 sse
1864 2310 57 32 hu-

1096 2343 79 41 jus
1141 2343 124 41 lapidis
1231 2343 158 41 singulare,
1356 2343 79 41 est
1401 2343 192 41 subsistentia.
1559 2343 68 41 Ex
1593 2343 79 41 his
1639 2343 158 41 substantia
1763 2343 136 41 communis
1853 2343 57 41 po-

1101 2380 94 40 test
1160 2380 141 40 recipere
1265 2380 141 40 accidens
1371 2380 164 40 universale
1500 2380 94 40 quod
1559 2380 70 40 in
1594 2380 141 40 subjecto
1699 2380 82 40 est
1746 2380 59 40 &
1770 2380 70 40 de
1793 2380 129 40 subjecto,

1097 2410 144 38 dicitur.
1205 2410 192 38 Subsistentia
1362 2410 96 38 vero
1422 2410 120 38 semper
1506 2410 108 38 habet
1578 2410 192 38 substantiam,
1735 2410 84 38 cum
1771 2410 144 38 accidenti-

1094 2443 81 36 bus
1141 2443 186 36 singularibus
1292 2443 93 36 quae
1350 2443 70 36 in
1385 2443 140 36 subjecto
1490 2443 105 36 sunt,
1560 2443 81 36 nec
1606 2443 70 36 de
1641 2443 140 36 subjecto
1746 2443 151 36 dicuntur:
1850 2443 70 36 sub-

1096 2478 108 36 sistit
1172 2478 65 36 in
1204 2478 118 36 seipsa:
1290 2478 54 36 &
1311 2478 86 36 actu
1365 2478 183 36 consideratur,
1516 2478 54 36 &
1538 2478 75 36 ssi
1581 2478 129 36 corporea
1677 2478 86 36 est)
1731 2478 108 36 sensu.
1807 2478 97 36 Atque
1860 2478 65 36 haec

1104 2510 95 38 illa
1164 2510 191 38 subsistentia
1319 2510 83 38 seu
1474 2510 95 38 est,
1533 2510 95 38 quam
1593 2510 72 38 in
1629 2510 191 38 rationalibus
1772 2510 155 38 substantiie

1208 2544 144 43 Graeci,
1312 2544 157 43 personam
1430 2544 131 43 Latini
1522 2544 210 43 appellarunt.
1692 2544 105 43 Unde
1758 2544 144 43 constat-

1171 2586 86 33 non
1220 2586 111 33 recte
1294 2586 135 33 Latinem
1392 2586 111 33 verti
1466 2586 197 33 substantiam:
1626 2586 98 33 quia
1687 2586 172 33 substantia
1810 2586 111 33 commune

1110 2619 103 35 quid,
1293 2619 103 35 autem
1361 2619 149 35 singulare
1476 2619 92 35 quid
1533 2619 92 35 est.
1590 2619 115 35 Deinde
1671 2619 92 35 Heb.
1728 2619 69 35 1.
1762 2619 69 35 v.
1797 2619 69 35 3.

1104 2645 82 40 non
1151 2645 105 40 debet
1221 2645 105 40 verti
1291 2645 175 40 substantia,
1431 2645 128 40 etiamsi
1525 2645 140 40 Hilarius
1630 2645 58 40 &
1653 2645 128 40 Vulgata
1747 2645 117 40 Latina
1829 2645 58 40 &
1840 2645 82 40 Eras-

1099 2679 97 40 miana
1164 2679 108 40 versio
1239 2679 75 40 sic
1282 2679 129 40 habeant:
1379 2679 75 40 nec
1422 2679 140 40 Essentia,
1529 2679 86 40 quod
1583 2679 86 40 idem
1637 2679 75 40 est
1680 2679 75 40 cum
1723 2679 161 40 substantia:
1852 2679 97 40 sicut

1100 2713 180 38 Bellarminus
1244 2713 108 38 ipse,
1316 2713 120 38 (cujus
1399 2713 168 38 sententia,
1531 2713 96 38 quia
1591 2713 72 38 de
1627 2713 132 38 Vulgata
1723 2713 144 38 versiane
1818 2713 108 38 Latina.

1105 2753 109 34 agitur
1182 2753 186 34 proferemus)l.
1334 2753 66 34 2.
1367 2753 66 34 de
1400 2753 131 34 Christo,
1498 2753 66 34 c.
1531 2753 66 34 4.
1564 2753 131 34 sectione
1662 2753 109 34 quarta
1738 2753 76 34 ait
1782 2753 66 34 de
1815 2753 76 34 hoc
1848 2753 76 34 loce-

1102 2786 64 37 ad
1134 2786 96 37 Hebr.
1198 2786 64 37 1.
1230 2786 64 37 v.
1262 2786 64 37 3.
1294 2786 96 37 licet
1358 2786 106 37 nomine
1432 2786 170 37 hypostesceos
1570 2786 106 37 aliqui
1645 2786 74 37 int
1687 2786 149 37 ellexerint
1793 2786 128 37 essentiam?

1101 2813 69 38 ut
1135 2813 161 38 Epiphanius
1261 2813 126 38 haeresi
1353 2813 80 38 c9.
1399 2813 103 38 tamen
1468 2813 126 38 rectius
1560 2813 103 38 alios
1629 2813 138 38 accipere
1733 2813 138 38 personam
1825 2813 103 38 Patris,

1116 2853 126 36 quibus
1205 2853 101 36 sunt
1268 2853 214 36 Chrysostomus,
1444 2853 202 36 Theodoretus,
1608 2853 227 36 Theophylactus,
1784 2853 151 36 Oecumenius

1100 2877 70 46 in
1135 2877 175 46 commentario
1276 2877 105 46 huius
1346 2877 105 46 loci,
1416 2877 140 46 Basilius
1521 2877 117 46 Magnus
1603 2877 140 46 epistola
1708 2877 82 46 43.
1755 2877 152 46 Gregorius
1860 2877 70 46 Nys-

1113 2911 93 41 senus
1175 2911 62 41 in
1206 2911 72 41 lil
1247 2911 62 41 ro
1278 2911 62 41 de
1309 2911 155 41 differentia
1433 2911 134 41 essentiae
1536 2911 52 41 &
1557 2911 145 41 suppositi.
1671 2911 72 41 Non
1712 2911 83 41 enim
1764 2911 103 41 Filius
1836 2911 72 41 est
1867 2911 62 41 ima-

1114 2949 63 39 go
1145 2949 136 39 essentia,
1250 2949 73 39 sed
1292 2949 126 39 persons:
1386 2949 105 39 illius
1459 2949 84 39 enim
1512 2949 73 39 est
1554 2949 105 39 imago,
1627 2949 94 39 cuius
1690 2949 73 39 est
1732 2949 115 39 silius:
1816 2949 94 39 imego
1868 2949 63 39 enim

1105 2978 187 39 distinguitur
1258 2978 70 39 ab
1293 2978 152 39 exeplari,
1410 2978 70 39 ut
1445 2978 82 39 res
1492 2978 141 39 producta
1597 2978 59 39 a
1621 2978 176 39 prodicente.
1761 2978 105 39 Certe
1820 2978 105 39 absurdi

1116 3013 159 40 diceretur,
1240 3013 159 40 substantia
1365 3013 79 40 seu
1410 3013 147 40 essentiam
1524 3013 113 40 Patris
1603 3013 91 40 esse
1660 3013 147 40 impressam
1773 3013 68 40 in
1807 3013 102 40 Filio
1864 3013 68 40 Dei.

1113 3052 94 40 quum
1172 3052 106 40 eadem
1243 3052 94 40 sit,
1302 3052 59 40 &
1325 3052 106 40 quide
1396 3052 130 40 simplex
1491 3052 59 40 &
1514 3052 153 40 individua
1632 3052 153 40 utriusque
1750 3052 165 40 substantia
1868 3052 59 40 ve-

1123 3080 112 35 potius
1201 3080 146 35 essentia:
1314 3080 56 35 &
1336 3080 90 35 quia
1393 3080 101 35 toram
1460 3080 67 35 in
1494 3080 67 35 se
1527 3080 112 35 Filius
1606 3080 146 35 continet,
1718 3080 101 35 neque
1786 3080 135 35 portione
1876 3080 56 35 aut

1112 3116 148 42 defluxu,
1223 3116 86 42 sed
1272 3116 136 42 integra
1371 3116 198 42 perfectione;
1532 3116 173 42 improprie,
1668 3116 86 42 imo
1717 3116 124 42 inepte
1791 3116 136 42 diceretus

1116 3148 98 42 ejus
1177 3148 171 42 character.
1311 3148 110 42 Quiid
1384 3148 73 42 si
1421 3148 147 42 vertatur
1531 3148 159 42 persunis,
1653 3148 85 42 tum
1702 3148 208 42 interpretatio
1861 3148 73 42 per-

1115 3179 115 44 sonas
1192 3179 153 44 Deitatis
1307 3179 153 44 adversus
1422 3179 166 44 Sabellium
1550 3179 128 44 aperte
1639 3179 192 44 distinguet,
1792 3179 64 44 &-

1179 3209 196 49 confirmahis
1337 3209 157 49 adversus
1454 3209 157 49 Arianos.
1572 3209 105 49 Qund
1638 3209 144 49 attines
1743 3209 105 49 loca
1795 3209 144 49 Apostolis
