2063 3449
175 156 174 49 tractatio,
311 156 75 49 in
349 156 87 49 qua
399 156 112 49 primo
473 156 199 49 ostendendum,
635 156 75 49 An
672 156 87 49 sit
722 156 162 49 Theolegia
847 156 112 49 vera?
909 156 87 49 Dein-

165 197 81 46 de,
212 197 93 46 quid
270 197 93 46 sit?
328 197 81 46 tum
374 197 151 46 quotuplex
491 197 93 46 sit,
549 197 58 46 &
572 197 93 46 quae
630 197 93 46 ista
688 197 197 46 consequuntur.
851 197 81 46 Hoc
897 197 116 46 capite

178 233 187 41 explicandum,
330 233 70 41 an
366 233 82 41 sit
412 233 152 41 Theologia
529 233 105 41 vera,
600 233 94 41 quid
658 233 94 41 sit,
717 233 59 41 &
740 233 94 41 quod
799 233 94 41 ejus
846 233 140 41 subjectum,

176 264 107 46 circa
247 264 95 46 quod
307 264 154 46 versatur.

214 283 212 59 THEOLOGIAM
380 283 136 59 VERAM
471 283 136 59 ESSE,
562 283 182 59 probatur
698 283 106 59 tum
759 283 91 59 ex
789 283 197 59 testimonii,

180 333 85 46 tum
216 333 159 46 rationibus.

236 356 71 44 Ex
272 356 179 44 testimoniis
415 356 83 44 tum
462 356 155 44 diuvinis,
581 356 83 44 tum
617 356 119 44 humanis.

232 388 118 50 Diuina
315 388 165 50 testimonia
445 388 106 50 sunt,
516 388 95 50 Job.
575 388 83 50 12.
622 388 71 50 v.
657 388 83 50 13.
705 388 106 50 Penes
776 388 95 50 Deum
835 388 83 50 est
870 388 130 50 sapientia

183 430 57 43 &
205 430 161 43 fortitudo:
332 430 115 43 illius
412 430 80 43 est
458 430 149 43 consilium
573 430 57 43 &
596 430 207 43 intelligentia.
768 430 92 43 Rom.
826 430 80 43 11.
872 430 80 43 33.
918 430 57 43 O
929 430 69 43 pro-

188 453 120 49 fundas
272 453 144 49 divitias
380 453 84 49 tum
428 453 168 49 sapientiae
560 453 84 49 tum
608 453 180 49 cognitionis
752 453 96 49 Dei!
812 453 108 49 Deut.
884 453 60 49 4
908 453 108 49 vers.
968 453 48 49 6.

183 489 96 50 Haec
243 489 84 50 est
291 489 156 50 sapientia
412 489 120 50 vestra
496 489 60 50 &
520 489 156 50 prudentia
640 489 120 50 vestra
724 489 96 50 ante
784 489 120 50 oculos
857 489 144 50 populorum:

195 527 85 48 qui
243 527 157 48 audientes
364 527 109 48 omnia
437 527 133 48 statuta
534 527 109 48 ista,
607 527 133 48 dicent:
703 527 121 48 tantum
788 527 97 48 gens
849 527 109 48 istae
909 527 97 48 maxima

189 554 128 51 populus
283 554 128 51 sapiens
376 554 82 51 est
423 554 58 51 &
446 554 140 51 prudens.
551 554 70 51 Si
586 554 82 51 est
633 554 152 51 sapientia
750 554 105 51 rerum
820 554 163 51 divinarum,
937 554 58 51 est

188 586 63 50 &
214 586 177 50 Theologia.
353 586 76 50 At
391 586 177 50 sapientiam
530 586 114 50 rerum
606 586 164 50 divinarum
732 586 114 50 esse,
808 586 152 50 testatur
909 586 89 50 Scri-

192 625 115 57 ptura.
273 625 92 57 Ergo
331 625 58 57 &
354 625 92 57 hanc
411 625 92 57 esse
457 625 127 57 testatur.

241 652 126 45 Humana
330 652 177 45 testimonia
469 652 101 45 sunt
532 652 101 45 duo:
595 652 101 45 unum
658 652 88 45 est
709 652 164 45 generale,
835 652 139 45 nimirum
923 652 76 45 uni-

185 690 155 43 versalis
301 690 168 43 consensus
430 690 129 43 omnium
521 690 181 43 populorum:
663 690 90 43 nam
714 690 103 43 quod
779 690 194 43 universalis
921 690 77 43 con-

189 720 122 51 sensus
274 720 122 51 omnium
359 720 158 51 populorum
481 720 97 51 esse
541 720 158 51 testatur,
663 720 73 51 id
699 720 146 51 profecto
809 720 97 51 est.
857 720 134 51 Cognosci-

194 751 89 48 tur
245 751 102 48 vero
309 751 102 48 ille
373 751 77 48 ex
411 751 153 48 scriptis
526 751 230 48 Philosophorum,
717 751 217 48 Historicorum,
883 751 128 48 Poetarum

194 785 164 45 Gentilium
321 785 63 45 &
346 785 190 45 oraculorum:
498 785 76 45 ut
536 785 152 45 pluribus
649 785 152 45 explicat
763 785 152 45 Iustinus
877 785 126 45 Martyr
952 785 51 45 in

193 819 163 46 Paraenesi
318 819 88 46 seu
368 819 200 46 cohortatione
530 819 75 46 ad
568 819 150 46 Graecos;
680 819 138 46 Clemens
780 819 200 46 Alexandrinus
930 819 75 46 pas-

192 856 85 42 sim
240 856 72 42 in
276 856 181 42 Protreptico
421 856 72 42 ad
458 856 133 42 Graecos
554 856 60 42 &
578 856 72 42 in
615 856 121 42 libris
699 856 169 42 Stromatum:
832 856 169 42 Lactantius
953 856 48 42 in

196 891 118 47 libris
279 891 153 47 divinarum
397 891 200 47 institutionum
562 891 141 47 adversus
668 891 130 47 Gentes;
762 891 177 47 Theodoretus
904 891 71 47 in
927 891 71 47 ser-

194 920 139 51 monibus
296 920 89 51 seu
346 920 127 51 libris
435 920 76 51 de
473 920 164 51 curatione
599 920 164 51 Graecarum
726 920 202 51 affectionum:
877 920 127 51 Augusti-

198 951 83 52 nus
246 951 71 52 in
281 951 119 52 libris
365 951 71 52 de
401 951 143 52 Civitate
508 951 95 52 Dei,
567 951 83 52 &c.
615 951 107 52 Omnes
686 951 95 52 enim
746 951 107 52 etiam
817 951 143 52 Gentiles
913 951 83 52 agno-

202 984 120 51 verunt,
289 984 87 51 esse
344 984 98 51 veram
409 984 163 51 Theologiam:
540 984 87 51 etsi
594 984 131 51 errarunt
692 984 65 51 in
725 984 142 51 decisione
834 984 87 51 quae
888 984 87 51 illa
932 984 65 51 sit.

251 1021 143 45 Alterum
355 1021 143 45 humanum
459 1021 195 45 testimonium
615 1021 91 45 est
666 1021 169 45 speciale,
796 1021 117 45 nempe
861 1021 143 45 Ecclesiae

203 1052 90 48 Dei,
259 1052 90 48 quae
316 1052 158 48 Theologiam
440 1052 90 48 esse
496 1052 147 48 agnoscit,
609 1052 56 48 &
631 1052 90 48 sibi
688 1052 68 48 de
722 1052 68 48 ea
755 1052 169 48 gratulatur.

258 1092 124 42 Rationes
350 1092 82 42 vero
402 1092 93 42 istae
464 1092 93 42 sunt:

237 1117 75 45 I.
275 1117 75 45 Si
313 1117 101 45 Deus
376 1117 101 45 est,
439 1117 176 45 Theologiam
577 1117 101 45 esse
640 1117 138 45 necesse
741 1117 101 45 est:
804 1117 176 45 Antecedens
929 1117 101 45 verum:

204 1163 95 35 est:
264 1163 95 35 Ergo
323 1163 59 35 &
347 1163 178 35 consequens.
490 1163 119 35 Conexi
573 1163 155 35 probatio:
692 1163 71 35 Si
728 1163 95 35 Deus
787 1163 131 35 sapiens
882 1163 95 35 est,
930 1163 83 35 Theo-

208 1190 111 45 logiam
286 1190 89 45 esse
342 1190 123 45 necesse
431 1190 89 45 est:
486 1190 67 45 At
520 1190 67 45 si
553 1190 89 45 Deus
609 1190 89 45 est,
665 1190 123 45 sapiens
754 1190 89 45 est.
809 1190 89 45 Ergo
865 1190 67 45 si
899 1190 89 45 Deus
943 1190 67 45 est,

202 1222 163 48 Theologiam
330 1222 93 48 esse
388 1222 128 48 necesse
469 1222 70 48 est.

248 1245 90 53 II.
299 1245 77 53 Si
338 1245 103 53 Deus
402 1245 90 53 est
453 1245 179 53 principium
594 1245 115 53 omnis
671 1245 103 53 boni
735 1245 77 53 in
774 1245 141 53 natura,
863 1245 154 53 Theologiam

202 1297 88 41 esse
257 1297 121 41 necesse
345 1297 88 41 est.
400 1297 99 41 Prius
466 1297 88 41 est:
520 1297 88 41 Ergo
575 1297 55 41 &
586 1297 132 41 posterius.

243 1313 87 52 III
292 1313 75 52 Si
330 1313 99 52 Deus
392 1313 149 52 loquitur
504 1313 87 52 non
553 1313 112 52 solum
628 1313 87 52 res
677 1313 186 52 singulares,
827 1313 112 52 verum
901 1313 112 52 etiam
963 1313 50 52 u-

207 1355 178 41 niversales,
350 1355 71 41 ad
386 1355 107 41 veram
457 1355 119 41 ipsius
540 1355 178 41 cognitionem
683 1355 190 41 pertinentes:
838 1355 83 41 tum
885 1355 95 41 esse
933 1355 83 41 Theo-

209 1390 119 44 logiam
292 1390 131 44 necesse
388 1390 83 44 est
435 1390 95 44 Quod
495 1390 155 44 antecedit
614 1390 107 44 verum
686 1390 95 44 est:
745 1390 95 44 Ergo
805 1390 60 44 &
828 1390 95 44 quod
888 1390 155 44 sequitur.

237 1429 93 35 IV.
290 1429 80 35 Si
330 1429 106 35 Deus
396 1429 119 35 agit,
475 1429 80 35 ut
515 1429 119 35 Deus,
595 1429 106 35 erga
661 1429 172 35 creaturas
794 1429 133 35 omnes,
873 1429 146 35 imprimens

215 1452 101 43 aliis
282 1452 124 43 obscura
372 1452 158 43 majestatis
496 1452 90 43 suae
553 1452 146 43 vestigia,
665 1452 101 43 aliis
733 1452 113 43 claram
812 1452 146 43 imaginem,
924 1452 79 43 tum
969 1452 90 43 esse

213 1488 168 46 Theologiam
345 1488 132 46 necesse
441 1488 96 46 est.
501 1488 108 46 Illud
572 1488 96 46 est.
632 1488 96 46 Ergo
692 1488 60 46 &
704 1488 84 46 istud

255 1518 82 46 Sic
302 1518 141 46 probatum
408 1518 94 46 est,
466 1518 164 46 Theologiam
595 1518 105 46 este,
665 1518 94 46 nunc
724 1518 152 46 sequitur,
841 1518 94 46 quid
900 1518 82 46 sit
935 1518 82 46 Theo-

213 1554 105 56 logia
272 1554 81 56 vera.

268 1588 179 43 THEOLOGIA
406 1588 124 43 VERA,
488 1588 96 43 est
543 1588 179 43 sapientia
680 1588 124 43 rerum
749 1588 165 43 divinarum.

263 1620 97 44 Haec
323 1620 133 44 univoce
420 1620 157 44 Theologia
540 1620 181 44 appellatur.
685 1620 97 44 Vera
746 1620 145 44 dicitur,
854 1620 97 44 quia
914 1620 84 44 est
951 1620 72 44 una;

213 1655 92 43 plus
271 1655 92 43 enim
329 1655 81 43 uno
375 1655 104 43 verum
444 1655 92 43 esse
502 1655 81 43 non
548 1655 127 43 potest:
640 1655 58 43 &
663 1655 92 43 quia
720 1655 92 43 ejus
778 1655 58 43 &
801 1655 69 43 ab
836 1655 69 43 eo
870 1655 92 43 est,
928 1655 81 43 qui
962 1655 58 43 est

208 1696 88 33 ipsa
263 1696 132 33 veritas,
362 1696 154 33 mentirique
483 1696 132 33 nescius:
582 1696 55 33 &
604 1696 88 33 quia
658 1696 77 33 sui
702 1696 88 33 vere
757 1696 143 33 studiosos
867 1696 121 33 efficit
944 1696 77 33 vera-

209 1725 101 38 ces,
272 1725 126 38 quando
361 1725 63 38 a
386 1725 139 38 Spiritu
487 1725 126 38 Sancto
575 1725 76 38 in
613 1725 113 38 omnem
688 1725 164 38 veritatem
814 1725 164 38 ducuntur,
940 1725 63 38 &
953 1725 63 38 ve-

217 1754 123 39 ritate
303 1754 234 39 sanctificantur:
499 1754 61 39 &
524 1754 98 39 quia
770 1754 86 39 seu
819 1754 148 39 concentu
917 1754 111 39 omnium.

219 1785 135 50 partium
317 1785 171 50 dulcissimo
451 1785 61 50 &
476 1785 171 50 admitando,
611 1785 86 50 qui
660 1785 159 50 veritatis
782 1785 147 50 proprius
892 1785 110 50 index
954 1785 73 50 est,

231 1822 147 39 perpetuo
341 1822 147 39 constat.
451 1822 110 39 Eadem
524 1822 110 39 etiam
707 1822 147 39 nominata
805 1822 73 39 est.

256 1861 202 35 Descriptionis
422 1861 107 35 hujus
494 1861 95 35 duae
553 1861 95 35 sunt
612 1861 131 35 partes.
707 1861 107 35 Prima
779 1861 107 35 parte
850 1861 143 35 docetur,
945 1861 83 35 Theo-

225 1891 126 36 logiam
313 1891 113 36 veram
389 1891 101 36 esse
452 1891 176 36 sapientiam
590 1891 126 36 Itaque
678 1891 163 36 sapientia
804 1891 126 36 latius
892 1891 113 36 patet
955 1891 75 36 quam

230 1920 184 38 Theologia:
374 1920 92 38 nam
427 1920 171 38 Sapientia
558 1920 92 38 est
610 1920 118 38 rerum
689 1920 223 38 altissimarum,
873 1920 171 38 divinarum
991 1920 39 38 &

217 1949 174 39 humanarum,
353 1949 187 39 causarumque
503 1949 124 39 quibus
590 1949 112 39 illae
664 1949 199 39 continentur,
826 1949 149 39 cognitio
926 1949 100 39 perfe-

230 1986 156 41 ctissima:
350 1986 72 41 ut
386 1986 156 41 definitur
506 1986 60 41 a
530 1986 144 41 Clemente
638 1986 180 41 Alexandrino
782 1986 156 41 Stromatum
902 1986 96 41 lib.
950 1986 72 41 pri-

222 2028 84 29 mo,
270 2028 120 29 pagina
354 2028 156 29 centesima
474 2028 228 29 vigesimasecunda
667 2028 156 29 editionis
787 2028 192 29 Commeliniana
931 2028 84 29 Grae-

221 2053 88 41 cae.
276 2053 66 41 De
309 2053 66 41 ea
342 2053 142 41 sapientia
451 2053 121 41 legitur
539 2053 99 41 Ephes
605 2053 55 41 3
627 2053 66 41 v.
659 2053 77 41 10.
703 2053 66 41 Vt
736 2053 88 41 nota
791 2053 88 41 nunc
846 2053 88 41 fiat
900 2053 77 41 per
933 2053 88 41 Eccle-

223 2085 86 48 siam
277 2085 129 48 imperius
374 2085 65 48 ac
406 2085 172 48 potestatibus
546 2085 86 48 quae
600 2085 65 48 in
632 2085 108 48 coelis
707 2085 97 48 sunt,
772 2085 161 48 multiformis
901 2085 86 48 illa
944 2085 75 48 sapi-

218 2120 112 38 entia
280 2120 74 38 Dei.

270 2148 117 42 Porro
348 2148 182 42 Theologiam
492 2148 104 42 esse
557 2148 196 42 sapientiam,
713 2148 169 42 docuerunt
844 2148 117 42 etiam
909 2148 117 42 Schola-

222 2180 107 41 stici
293 2180 167 41 praecipui,
424 2180 119 41 veluti
508 2180 119 41 Thomas
591 2180 143 41 Aquinas,
698 2180 119 41 Summae
781 2180 107 41 parte
853 2180 119 41 prima,
924 2180 107 41 quaest.

228 2221 110 40 prima
301 2221 122 40 artic.
387 2221 122 40 sexto.
472 2221 122 40 Iohan.
558 2221 98 40 Duns
619 2221 122 40 Scotus
704 2221 134 40 Prologo
802 2221 171 40 Sententiar
924 2221 110 40 quaest.

228 2259 130 33 quarta,
323 2259 106 33 folio
393 2259 130 33 decimo,
488 2259 130 33 columna
582 2259 130 33 quarta,
677 2259 153 33 editionis
795 2259 130 33 Venetae
889 2259 94 33 Anni
936 2259 83 33 1506.

228 2288 93 33 ait,
286 2288 104 33 Magis
356 2288 104 33 tamen
425 2288 127 33 proprie
518 2288 93 33 dici
576 2288 127 33 potest,
668 2288 93 33 quod
726 2288 150 33 Theologia
842 2288 139 33 secundum
946 2288 69 33 se
969 2288 58 33 est

221 2307 173 51 sapientia.
357 2307 149 51 Quanquam
468 2307 124 51 nomine
555 2307 173 51 sapientiae
691 2307 149 51 interdum
802 2307 198 51 intelligitur
951 2307 74 51 sola

225 2349 144 38 cognitio
333 2349 108 38 rerum
405 2349 168 38 divinarum,
537 2349 72 38 ut
573 2349 72 38 1.
609 2349 84 38 Cor
656 2349 60 38 2
680 2349 108 38 vers.
752 2349 72 38 6.
788 2349 168 38 Sapientiam
908 2349 120 38 loquimur

227 2386 106 44 inter
298 2386 165 44 perfectos:
427 2386 165 44 sapientiam
557 2386 106 44 autem
627 2386 82 44 non
674 2386 118 44 seculi
756 2386 118 44 hujus,
839 2386 106 44 neque
898 2386 129 44 principum

238 2414 111 42 seculi
316 2414 100 42 huius
382 2414 78 42 qui
427 2414 156 42 abolentur.

279 2437 119 50 Altera
362 2437 202 50 descriptionis
529 2437 107 50 parte
600 2437 143 50 docetur,
707 2437 131 50 quodnam
802 2437 83 50 sit
850 2437 166 50 Theologiae
969 2437 59 50 ve-

239 2479 102 39 verae
306 2479 147 39 subjectum
419 2479 79 39 seu
465 2479 135 39 obiectum
566 2479 102 39 citca
634 2479 90 39 quod
690 2479 90 39 illa
747 2479 147 39 versatur.
860 2479 102 39 Illud
927 2479 90 39 sunt
973 2479 56 39 res

245 2512 137 39 divinae,
347 2512 80 39 hoc
393 2512 91 39 est,
449 2512 102 39 Deus,
518 2512 57 39 &
540 2512 137 39 quicquid
643 2512 80 39 est
688 2512 91 39 Dei,
745 2512 137 39 quatenus
848 2512 102 39 illud
916 2512 148 39 ordinatur

237 2544 66 41 &
263 2544 158 41 refertur
382 2544 79 41 ad
422 2544 119 41 Deum,
501 2544 132 41 veluti
593 2544 172 41 pertinens
725 2544 79 41 ad
765 2544 198 41 cognitionem
923 2544 66 41 &
936 2544 106 41 cultum

249 2579 115 39 ejus,
326 2579 140 39 nimirum
428 2579 102 39 omne
491 2579 115 39 bonum
568 2579 64 39 a
593 2579 89 39 Deo
644 2579 115 39 ortum
721 2579 76 39 in
759 2579 140 39 natura,
861 2579 153 39 sermones
975 2579 64 39 &
988 2579 51 39 a-

235 2608 137 45 ctiones
334 2608 149 45 operaque
433 2608 75 45 Dei.

282 2641 160 46 Subjectum
405 2641 172 46 Theologiae
540 2641 86 46 est
589 2641 160 46 infinitum
711 2641 123 46 nemini
797 2641 160 46 cognitum,
920 2641 98 46 nisi
969 2641 74 46 qua-

243 2676 112 45 tenus
317 2676 99 45 sese
379 2676 149 45 retegit:
490 2676 99 45 Unde
552 2676 62 45 &
577 2676 99 45 ipsa
639 2676 149 45 infinite
751 2676 62 45 &
775 2676 112 45 supra
850 2676 112 45 omnem
912 2676 136 45 analogiam

238 2710 132 44 caeteris
337 2710 165 44 disciplinis
457 2710 154 44 supereminet.

309 2732 145 45 Tractat
415 2732 132 45 quidem
507 2732 172 45 Theologia
639 2732 93 45 non
692 2732 132 45 tantum
785 2732 79 45 de
824 2732 106 45 Deo,
890 2732 119 45 verum
956 2732 93 45 etiam

249 2765 72 51 de
285 2765 144 51 Angelis,
393 2765 156 51 hominibus
513 2765 60 51 &
537 2765 108 51 aliis
609 2765 168 51 creaturis,
741 2765 84 51 sed
789 2765 84 51 non
837 2765 180 51 aequaliter.
981 2765 84 51 Nam
1017 2765 48 51 de

254 2803 79 38 Deo
299 2803 124 38 tractat
389 2803 203 38 principaliter,
559 2803 68 38 ut
592 2803 68 38 de
626 2803 135 38 subjecto
728 2803 90 38 suo:
784 2803 68 38 de
818 2803 147 38 creaturis
931 2803 113 38 autem,
999 2803 45 38 ut

253 2835 126 35 faciunt
344 2835 68 35 ad
378 2835 217 35 manifestationem
561 2835 148 35 subjecti,
675 2835 80 35 hoc
720 2835 91 35 est,
778 2835 68 35 ut
812 2835 68 35 ad
846 2835 103 35 recte
903 2835 137 35 cognoscen-

254 2867 86 45 dum
303 2867 111 45 atque
377 2867 147 45 colendum
487 2867 98 45 DEUM
549 2867 172 45 ordinantur
684 2867 61 45 &
708 2867 184 45 referuntur.
856 2867 160 45 Theologia
966 2867 74 45 igi-

254 2898 79 40 tur
299 2898 79 40 non
344 2898 79 40 est
388 2898 67 40 de
422 2898 135 40 Angelis,
523 2898 79 40 nec
568 2898 67 40 de
602 2898 101 40 aliis
669 2898 146 40 creaturis
781 2898 67 40 ut
815 2898 67 40 de
848 2898 146 40 subjecto,
960 2898 79 40 sed
994 2898 45 40 ad

253 2936 227 36 manifestationem
444 2936 155 36 subjecti:
564 2936 84 36 sic
612 2936 72 36 ut
648 2936 84 36 sit
695 2936 72 36 de
731 2936 132 36 omnibus
827 2936 96 36 quae
887 2936 108 36 sunt,
946 2936 108 36 quantum

250 2966 73 36 ad
286 2966 159 36 respectus
408 2966 98 36 quos
469 2966 122 36 habent
555 2966 73 36 ad
591 2966 110 36 DEUM.
665 2966 98 36 Ioh.
726 2966 98 36 Duns
787 2966 122 36 Scotus
872 2966 122 36 Doctor
945 2966 98 36 Subti-

251 2995 74 42 lis
294 2995 147 42 appellatus
409 2995 63 42 in
441 2995 116 42 Prolog.
525 2995 158 42 Sententiar,
651 2995 147 42 quaestione
767 2995 116 42 tertia,
851 2995 95 42 folio
914 2995 116 42 decimo,
987 2995 53 42 co-

253 3025 104 35 lumna
323 3025 138 35 secunda,
426 3025 150 35 editionis
541 3025 127 35 Venetae
634 3025 92 35 Anni
691 3025 104 35 1506.
760 3025 104 35 nuper
818 3025 138 35 allegatae.

317 3062 91 33 Idem
374 3062 159 33 manifestum
499 3062 80 33 est
544 3062 68 33 ex
578 3062 159 33 principiis
704 3062 171 33 Theologiae,
840 3062 80 33 hoc
886 3062 91 33 est,
931 3062 114 33 Scriptu-

256 3085 84 56 ris
304 3085 131 56 Saeris,
399 3085 119 56 quarum
483 3085 107 56 summa
555 3085 96 56 sunt
614 3085 143 56 articuli
722 3085 107 56 fidei
793 3085 60 56 &
817 3085 155 56 praecepta
925 3085 119 56 Decalogi

263 3123 133 36 Articuli
362 3123 100 36 autem
429 3123 100 36 fidei
495 3123 88 36 sunt
550 3123 66 36 de
584 3123 77 36 Deo
628 3123 111 36 Patre,
705 3123 111 36 Filio,
783 3123 55 36 &
805 3123 122 36 Spiritu
893 3123 122 36 Sancto,
971 3123 77 36 ejus.

264 3155 83 47 que
312 3155 95 47 domo
371 3155 142 47 Ecclesia
477 3155 118 47 Sancta
560 3155 154 47 Catholica
679 3155 59 47 &
702 3155 166 47 beneficiis
833 3155 83 47 Dei
880 3155 71 47 in
916 3155 118 47 ipsam,
987 3155 59 47 De

1017 144 150 51 calogus
1126 144 177 51 praecipit
1263 144 136 51 amorem
1358 144 82 51 in
1399 144 123 51 Deum,
1481 144 68 51 &
1508 144 82 51 in
1549 144 163 51 proximum
1671 144 150 51 propter
1767 144 95 51 Deum.

1032 189 99 44 Idem
1094 189 112 44 autem
1168 189 87 44 est
1218 189 161 44 subjectum
1342 189 198 44 principiorum
1503 189 62 44 &
1528 189 124 44 totius
1614 189 174 44 scientiae,
1751 189 87 44 cum
1788 189 62 44 to-

1033 224 67 42 ta
1066 224 134 42 scientia
1166 224 122 42 virtute
1255 224 167 42 contineatur
1389 224 67 42 in
1411 224 145 42 principiis.

1065 246 87 45 Tum
1114 246 199 45 nobilissimae
1276 246 161 45 scientiae
1400 246 87 45 est
1449 246 199 45 nobilissunum
1611 246 174 45 subjectum:
1747 246 74 45 At
1772 246 87 45 Theo-

1029 284 107 46 logia
1101 284 84 46 est
1148 284 179 46 nobilissima
1292 284 155 46 scientiat
1411 284 96 46 Ergo
1471 284 167 46 Theologiae
1602 284 84 46 est
1650 284 191 46 nobilissimum
1793 284 72 46 sub-

1034 321 143 45 jectum,
1138 321 117 45 nempe
1216 321 117 45 Deus,
1294 321 65 45 &
1321 321 156 45 quicquid
1438 321 91 45 est
1477 321 78 45 Dei.

1286 408 245 56 CAPUT
1422 408 163 56 III.

1213 462 91 68 In
1258 462 106 68 quo
1319 462 91 68 de
1364 462 197 68 Theologia
1500 462 182 68 archetypa.

1051 519 184 52 THEOLOGIA
1193 519 113 52 vera
1263 519 99 52 vel
1320 519 184 52 archetypa
1462 519 113 52 est,
1533 519 99 52 vel
1575 519 128 52 ectypa.

1180 549 95 56 Haec
1240 549 131 56 divisio
1335 549 83 56 est
1383 549 167 56 analogica;
1514 549 95 56 quia
1573 549 155 56 Theologia
1692 549 155 56 archetypa
1800 549 71 56 pri-

1116 596 75 31 mo
1153 596 62 31 &
1178 596 211 31 principaliter
1352 596 162 31 Theologia
1476 596 87 31 est
1526 596 62 31 &
1551 596 149 31 dicitur:
1663 596 162 31 Theologia
1775 596 99 31 ectypa

1046 620 169 54 secundario
1179 620 61 54 &
1203 620 73 54 ad
1240 620 206 54 similitudinem
1409 620 182 54 archetypae.
1554 620 73 54 Ea
1591 620 97 54 enim
1651 620 109 54 ratio
1724 620 85 54 est
1760 620 109 54 Theole-

1049 663 96 42 giae,
1113 663 85 42 quae
1167 663 160 42 sapientiae,
1295 663 149 42 bonitatis,
1412 663 149 42 justitiae,
1529 663 149 42 potentiae,
1647 663 149 42 aliarumque
1753 663 107 42 qualita-

1043 693 94 35 tum
1096 693 81 35 in
1137 693 161 35 creatura
1258 693 175 35 rationali
1392 693 67 35 a
1419 693 94 35 Deo
1472 693 188 35 creatarum,
1620 693 134 35 quarum
1701 693 161 35 archetypu:

1056 724 85 44 est
1105 724 73 44 in
1141 724 97 44 Deo,
1202 724 85 44 aut
1251 724 122 44 potius
1336 724 122 44 quarum
1421 724 170 44 archetypus
1555 724 122 44 Deitas
1640 724 97 44 est,
1701 724 110 44 imago
1774 724 110 44 autem
1835 724 37 44 &

1043 759 171 37 similitudo
1177 759 73 37 in
1214 759 147 37 creatura
1324 759 171 37 rationali.
1458 759 110 37 Omnes
1531 759 122 37 quippe
1617 759 110 37 verae
1690 759 147 37 virtutes
1788 759 73 37 men-

1050 794 74 33 ti
1087 794 136 33 creatae
1186 794 173 33 quodammodo
1321 794 185 33 imprimuntur
1470 794 62 33 a
1494 794 111 33 forma
1569 794 124 33 illius
1655 794 148 33 aeternae
1754 794 111 33 immuta-

1060 824 125 42 bilisque
1153 824 166 42 substantiae,
1288 824 83 42 quae
1340 824 73 42 est
1381 824 93 42 Deus.
1444 824 93 42 Sicut
1506 824 104 42 igitur
1579 824 145 42 sapientia,
1693 824 125 42 bonitas,
1776 824 83 42 justi-

1048 861 90 40 tia,
1104 861 147 40 potentia,
1217 861 79 40 &c.
1262 861 79 40 vel
1307 861 147 40 atchetypa
1420 861 90 40 est,
1477 861 79 40 vel
1522 861 124 40 ectypa,
1612 861 90 40 illa
1669 861 68 40 in
1703 861 79 40 Deo
1737 861 136 40 exsistens,

1060 890 89 35 haec
1116 890 67 35 in
1149 890 145 35 creaturis
1261 890 179 35 rationalibus
1406 890 145 35 expressa:
1518 890 78 35 ita
1562 890 101 35 etiam
1629 890 156 35 Theologia.
1752 890 78 35 Sic
1786 890 78 35 Theo-

1047 921 111 37 logia
1121 921 123 37 nostra
1207 921 74 37 ad
1244 921 99 37 Deum
1306 921 136 37 nostros
1404 921 123 37 animos
1491 921 148 37 attollit
1602 921 62 37 &
1626 921 86 37 cum
1676 921 99 37 ipso
1737 921 111 37 unit.
1799 921 74 37 Tho-

1053 957 86 33 mas
1102 957 136 33 Aquinas
1201 957 74 33 in
1238 957 111 33 prima
1312 957 111 33 parte
1386 957 124 33 Summae
1473 957 173 33 Theologiae
1609 957 62 33 &
1633 957 74 33 in
1670 957 185 33 Expositione
1806 957 62 33 su-

1046 992 90 40 per
1097 992 141 40 Boetium
1200 992 77 40 de
1238 992 179 40 Trinitate:
1379 992 102 40 Item
1443 992 154 40 Johannes
1558 992 102 40 Duns
1622 992 141 40 Scotus,
1724 992 77 40 in
1750 992 115 40 Prolog.

1050 1024 207 39 Sententiarum,
1220 1024 134 39 quaest.
1318 1024 134 39 tertia,
1415 1024 110 39 folio
1488 1024 134 39 octavo,
1585 1024 134 39 columna
1683 1024 134 39 quarta,
1780 1024 61 39 &
1792 1024 73 39 cla-

1055 1057 102 33 rius
1119 1057 115 33 folio
1196 1057 141 33 decimo,
1298 1057 141 33 columna
1401 1057 153 33 secunda,
1516 1057 64 33 &
1541 1057 141 33 passim,
1644 1057 179 33 meminerunt
1771 1057 90 33 Theo-

1060 1087 105 40 logiae
1134 1087 84 40 Dei,
1187 1087 147 40 Theologiae
1303 1087 63 40 in
1334 1087 74 40 se,
1376 1087 147 40 Theologiae
1492 1087 137 40 beatorum,
1598 1087 147 40 Theologiae
1714 1087 84 40 viae
1766 1087 74 40 seu
1798 1087 63 40 via-

1058 1124 112 36 torum
1132 1124 87 36 seu
1182 1124 149 36 nostrae.
1294 1124 161 36 Similiter
1418 1124 161 36 Pelbartus
1542 1124 75 36 de
1579 1124 161 36 Themeswar
1704 1124 75 36 in
1741 1124 112 36 aureo
1803 1124 62 36 Ro-

1057 1157 110 41 sario
1130 1157 171 41 Theologiae
1265 1157 73 41 ad
1301 1157 196 41 sententiarum
1460 1157 135 41 quatuor
1558 1157 135 41 libros,
1656 1157 171 41 Questionum
1778 1157 98 41 prooe-

1047 1188 136 46 mialium
1145 1188 148 46 septima.
1257 1188 74 46 .
1281 1188 62 46 25.

1108 1223 99 42 Esse
1169 1223 173 42 Theologiam
1305 1223 74 42 in
1342 1223 99 42 Deo,
1404 1223 123 42 certum
1490 1223 99 42 est:
1539 1223 62 42 nam

1088 1252 76 46 I.
1126 1252 164 46 Sapientia
1252 1252 113 46 rerum
1328 1252 164 46 divinarum
1454 1252 88 46 est
1504 1252 76 46 in
1542 1252 101 46 Deo.
1605 1252 76 46 At
1643 1252 164 46 Theologia
1769 1252 88 46 est
1807 1252 63 46 sa-

1058 1292 140 47 pientia
1160 1292 115 47 rerum
1236 1292 178 47 divinarum.
1376 1292 102 47 Ergo
1440 1292 165 47 Theologia
1567 1292 89 47 est
1618 1292 76 47 in
1644 1292 76 47 Deo.

1088 1324 88 39 II.
1139 1324 113 39 Omnes
1214 1324 214 39 perfectiones,
1390 1324 101 39 quae
1453 1324 101 39 sunt
1516 1324 75 39 in
1553 1324 126 39 nobis,
1641 1324 101 39 sunt
1704 1324 113 39 etiam
1779 1324 75 39 in
1805 1324 75 39 Deo.

1058 1357 78 45 At
1097 1357 168 45 Theologia
1226 1357 91 45 est
1278 1357 168 45 perfectio
1407 1357 78 45 in
1446 1357 129 45 nobis:
1537 1357 103 45 Ergo
1601 1357 168 45 Theologia
1731 1357 91 45 est
1783 1357 78 45 in
1808 1357 78 45 Deo.

1070 1386 93 47 Haec
1128 1386 150 47 Theologia
1244 1386 81 47 est
1290 1386 162 47 archetypa,
1418 1386 58 47 &
1441 1386 81 47 sic
1487 1386 185 47 describitur.

1114 1420 159 47 Theologia
1236 1420 171 47 archetypa,
1370 1420 85 47 est
1419 1420 159 47 sapientia
1541 1420 110 47 rerum
1614 1420 171 47 divinarum,
1749 1420 73 47 in
1785 1420 85 47 Deo
1822 1420 61 47 re-

1067 1453 118 47 sidens,
1153 1453 160 47 essentialis
1281 1453 86 47 ipsi
1335 1453 53 47 &
1345 1453 118 47 increata.

1122 1486 100 37 Haec
1184 1486 62 37 &
1209 1486 162 37 Theologia
1471 1486 175 37 prototypa:
1608 1486 62 37 a
1633 1486 199 37 Scholasticis
1782 1486 100 37 usita-

1059 1523 71 39 te
1095 1523 154 39 Theologia
1213 1523 95 39 Dei,
1273 1523 95 39 item
1332 1523 154 39 Theologia
1450 1523 166 39 exemplaris
1581 1523 142 39 dicitur,
1687 1523 71 39 ad
1723 1523 95 39 quam
1782 1523 119 39 velut,

1057 1557 83 38 ad
1099 1557 124 38 ideam
1181 1557 69 38 &
1209 1557 166 38 exemplar
1333 1557 221 38 primigenium,
1512 1557 179 38 primarium
1650 1557 69 38 &
1678 1557 193 38 immutabile
1816 1557 69 38 ex-

1074 1592 116 38 pressa
1156 1592 70 38 ac
1190 1592 162 38 conformata
1318 1592 81 38 est
1364 1592 104 38 velut
1434 1592 139 38 effigies
1538 1592 151 38 Theologia
1654 1592 127 38 creata,
1747 1592 93 38 quam
1793 1592 81 38 divi-

1073 1626 91 48 nam
1125 1626 183 48 Theologiam
1269 1626 91 48 nos
1321 1626 170 48 adoramus,
1451 1626 78 48 ac
1491 1626 91 48 non
1543 1626 222 48 investigamus:
1725 1626 65 48 &
1752 1626 104 48 pars
1804 1626 78 48 est.

1073 1663 66 31 ut
1106 1663 77 31 ita
1150 1663 133 31 dicamus,
1250 1663 155 31 sapientiae
1372 1663 77 31 Dei
1405 1663 155 31 essentialis.

1118 1685 106 47 Quum
1184 1685 160 47 oporteat
1304 1685 80 47 in
1344 1685 106 47 omni
1410 1685 186 47 disciplina
1557 1685 120 47 vocum
1636 1685 146 47 ipsarum
1729 1685 160 47 cognoscere

1067 1723 116 39 usum,
1144 1723 64 39 a
1170 1723 90 39 quo
1221 1723 180 39 provehimur
1363 1723 77 39 in
1401 1723 116 39 rerum
1478 1723 141 39 ipsarum
1581 1723 218 39 perceptionem:
1761 1723 90 39 ita
1799 1723 90 39 etiam

1068 1754 83 38 hoc
1116 1754 95 38 loco
1175 1754 178 38 explicandum
1317 1754 95 38 quid
1376 1754 154 38 archetypi
1495 1754 95 38 voce
1554 1754 202 38 significetur,
1720 1754 95 38 unde
1767 1754 119 38 facilius

1071 1790 194 40 intelligetur
1228 1790 97 40 quid
1289 1790 85 40 sit
1338 1790 158 40 archetypa
1459 1790 170 40 Theologii.
1592 1790 170 40 Ap,
1725 1790 85 40 est
1762 1790 121 40 exemplar

1064 1825 201 41 primigenium,
1228 1825 113 41 forma
1303 1825 188 41 primigenia,
1454 1825 113 41 typus
1529 1825 138 41 primus,
1630 1825 113 41 idea,
1705 1825 151 41 exemplar
1806 1825 75 41 pri-

1075 1860 140 42 mitivum,
1180 1860 70 42 ad
1215 1860 105 42 cujus
1285 1860 198 42 similitudinem
1448 1860 93 42 alia
1506 1860 128 42 effecta
1599 1860 93 42 sunt
1657 1860 70 42 ac
1692 1860 105 42 velut
1750 1860 140 42 effigiata:

1075 1883 65 42 ut
1108 1883 131 42 ostendit
1206 1883 131 42 insignis
1304 1883 98 42 locus
1370 1883 131 42 Philonis
1468 1883 109 42 Judaei
1544 1883 65 42 in
1577 1883 98 42 libro

1342 1921 76 42 ,
1385 1921 65 42 id
1418 1921 87 42 est,
1472 1921 65 42 de
1505 1921 76 42 eo,
1548 1921 87 42 quod
1603 1921 130 42 deterius
1700 1921 120 42 potiori
1776 1921 120 42 insidiare

1066 1958 124 37 soleat:
1562 1958 90 37 ,

1072 1985 157 40 ,
1193 1985 72 40 id
1229 1985 96 40 est,
1289 1985 169 40 archetypum
1422 1985 169 40 rationalis
1554 1985 133 40 naturae
1651 1985 96 40 Deus
1711 1985 96 40 est,
1771 1985 96 40 homo
1820 1985 60 40 ve-

1065 2018 72 42 ro
1101 2018 107 42 imago
1173 2018 60 42 &
1196 2018 155 42 effigies.
1316 2018 96 42 Idem
1376 2018 143 42 declavat
1483 2018 107 42 locus
1555 2018 155 42 Clementis
1674 2018 191 42 Alexandrini,
1829 2018 84 42 qui

1067 2052 116 36 libro
1144 2052 129 36 quinto
1235 2052 180 36 Stromatum,
1376 2052 129 36 pagina
1467 2052 193 36 ducentesima
1621 2052 219 36 trigesimanona
1802 2052 90 36 ait
1840 2052 52 36 de

1067 2083 85 44 Deo
1116 2083 134 44 hominis
1213 2083 158 44 creatore:
1785 2083 97 44 ,

1074 2122 83 34 hoc
1122 2122 95 34 est,
1181 2122 83 34 qui
1229 2122 107 34 ipsum
1300 2122 83 34 est
1348 2122 167 34 fabricatus
1479 2122 119 34 seipso
1562 2122 95 34 usus
1621 2122 167 34 archetypo:
1752 2122 107 34 Citat
1812 2122 83 34 autem

1072 2150 83 40 hoc
1119 2150 71 40 ex
1155 2150 118 40 Eutyso
1237 2150 177 40 Pythagoreo:
1379 2150 106 40 idque
1450 2150 83 40 sic
1497 2150 106 40 paulo
1568 2150 94 40 ante
1627 2150 153 40 explicat:-

1553 2190 151 33 ,
1669 2190 81 33 hoc
1715 2190 93 33 est,
1773 2190 139 33 Opificem

1078 2217 123 40 seipso
1164 2217 98 40 usum
1225 2217 172 40 exemplari,
1360 2217 135 40 fecisse
1458 2217 147 40 hominem.
1569 2217 147 40 Ostendit
1679 2217 98 40 idem
1741 2217 135 40 Basilij
1827 2217 61 40 Ma-

1091 2248 87 43 gni
1140 2248 124 43 locus,
1227 2248 111 43 libro
1301 2248 136 43 secundo
1400 2248 149 43 adversus
1511 2248 149 43 Eunomium
1623 2248 87 43 pag
1660 2248 235 43 trecentesimasexta

1079 2291 164 31 editionis
1206 2291 177 31 Dialogorum
1345 2291 139 31 quinque
1446 2291 164 31 Athanasij
1573 2291 76 31 de
1611 2291 164 31 Trinitate
1737 2291 63 31 &
1750 2291 139 31 librorum.

1076 2324 145 39 quatuor
1181 2324 145 39 Basilij
1286 2324 158 39 adverjus
1405 2324 171 39 Eunomium,
1536 2324 131 39 excusa
1628 2324 79 39 ab
1667 2324 145 39 Henrico
1760 2324 131 39 Stephano

1071 2351 69 37 in
1106 2351 115 37 octavo
1187 2351 92 37 Anno
1244 2351 104 37 1570.
1313 2351 104 37 v
1590 2351 127 37 ,

1555 2381 120 41 ,

1074 2413 194 40 a
1390 2413 158 40 ,
1633 2413 170 40 ,
1766 2413 109 40 ,

1269 2446 160 42 ,
1392 2446 111 42 ,-

1529 2479 87 40 hoc
1578 2479 99 40 est,
1640 2479 149 40 Imaginem
1752 2479 87 40 Dei
1789 2479 99 40 incon-

1091 2513 106 48 spicui
1165 2513 137 48 cogitare,
1271 2513 74 48 non
1313 2513 95 48 quae,
1377 2513 95 48 sicut
1440 2513 169 48 artificiosae
1577 2513 106 48 illae,
1651 2513 106 48 postea
1725 2513 74 48 sit
1767 2513 63 48 ad
1788 2513 106 48 exempla-

1087 2546 80 40 tis
1132 2546 115 40 normam
1213 2546 161 40 elaborata,
1339 2546 80 40 sed
1385 2546 92 40 quae
1443 2546 103 40 simul
1512 2546 69 40 ac
1546 2546 103 40 ipsum
1615 2546 138 40 exemplar
1719 2546 161 40 substitit,
1834 2546 57 40 si-

1094 2587 78 33 mul
1138 2587 167 33 exstiterit,
1272 2587 100 33 simul
1339 2587 78 33 cum
1384 2587 67 33 ea
1417 2587 179 33 substiterit,
1562 2587 56 33 &
1585 2587 100 33 simul
1652 2587 67 33 ac
1685 2587 89 33 fuit
1741 2587 100 33 ipsum
1797 2587 89 33 arche-

1090 2614 124 43 typum,
1177 2614 137 43 fuerit:
1276 2614 162 43 imaginem,
1400 2614 137 43 inquam,
1500 2614 87 43 non
1549 2614 174 43 imitatione
1686 2614 186 43 efformatam,
1823 2614 62 43 sed

1086 2653 96 32 tota
1146 2653 119 32 Patris
1229 2653 119 32 natura
1313 2653 72 32 in
1349 2653 119 32 Filio,
1432 2653 107 32 quasi
1504 2653 72 32 in
1540 2653 131 32 sigillo
1635 2653 119 32 quodam
1719 2653 155 32 impressa.
1826 2653 72 32 Cle-

1085 2680 103 39 mens
1150 2680 207 39 Alexandrinus
1318 2680 194 39 Protreptico
1473 2680 78 39 ad
1512 2680 142 39 Graecos
1615 2680 129 39 Filium
1706 2680 91 39 Dei
1758 2680 116 39 vocat

1269 2713 191 41 Theodoretus
1422 2713 140 41 sermone
1523 2713 140 41 secundo
1625 2713 76 41 de
1663 2713 165 41 curatione
1778 2713 114 41 Graeca-

1089 2752 85 35 rum
1137 2752 193 35 affectionum,
1294 2752 97 35 pag.
1355 2752 145 35 vigesima
1463 2752 97 35 ait:
1584 2752 145 35 ,-

1091 2778 90 40 as,
1327 2778 180 40 ,
1699 2778 147 40 ,
1812 2778 68 40 id
1835 2778 56 40 est

1097 2818 105 34 vocem
1167 2818 164 34 audivisti,
1296 2818 129 34 speciem
1389 2818 93 34 vero
1448 2818 82 34 non
1495 2818 140 34 vidisti.
1600 2818 117 34 Nullum
1682 2818 117 34 igitur
1763 2818 105 34 typum
1822 2818 70 34 com-

1088 2841 173 45 paraveris,
1223 2841 111 45 cujus
1298 2841 173 45 archetypum
1433 2841 99 45 haud
1495 2841 123 45 nosti.
1581 2841 74 45 Et
1618 2841 136 45 Sermone
1717 2841 160 45 duodecimo
1828 2841 62 45 vo-

1090 2883 86 28 cat
1299 2883 136 28 ,
1398 2883 173 28 exemplaria
1534 2883 160 28 virtutis,
1657 2883 74 28 ad
1694 2883 123 28 quarum
1768 2883 136 28 imitatio-

1099 2908 83 34 nem
1147 2908 178 34 depingintur
1289 2908 131 34 .
1385 2908 71 34 In
1420 2908 107 34 caput
1492 2908 131 34 tertium
1587 2908 71 34 ad
1623 2908 178 34 Colossenses
1765 2908 95 34 ait:
1825 2908 59 34 A
1837 2908 71 34 typo

1095 2939 72 35 ad
1131 2939 167 35 archetypi,
1262 2939 72 35 id
1298 2939 95 35 est,
1357 2939 60 35 a
1381 2939 119 35 figura
1465 2939 72 35 ad
1501 2939 143 35 exemplar
1608 2939 155 35 conueitit
1727 2939 155 35 sermonem.
1834 2939 60 35 Nam

1090 2972 72 42 in
1126 2972 144 42 baptismo
1234 2972 108 42 docet
1306 2972 96 42 esse
1366 2972 132 42 figuram
1462 2972 96 42 novi
1521 2972 132 42 hominis
1617 2972 96 42 quem
1677 2972 156 42 induimus;
1797 2972 72 42 in
1821 2972 84 42 Chri-

1099 3001 82 44 sto
1134 3001 152 44 archetypum.

1133 3013 147 58 Theologia
1246 3013 91 58 ergo
1303 3013 181 58 propriissime
1450 3013 79 58 est
1495 3013 91 58 illa
1552 3013 136 58 notitia,
1654 3013 91 58 quae
1710 3013 79 58 est
1756 3013 68 58 in
1790 3013 102 58 mente
1846 3013 57 58 di-

1092 3064 98 45 vina
1153 3064 74 45 de
1190 3064 111 45 rebus
1264 3064 148 45 divinis.
1374 3064 98 45 Isto
1436 3064 98 45 modo
1497 3064 111 45 solus
1571 3064 98 45 Deus
1633 3064 135 45 dicitur
1731 3064 172 45 Theologus,
1854 3064 49 45 ac

1089 3102 141 44 proinde
1191 3102 102 44 Deus
1255 3102 204 44 intelligitur
1421 3102 102 44 esse
1485 3102 141 44 primus,
1588 3102 141 44 optimus
1690 3102 64 44 &
1703 3102 204 44 perfectissimus

1090 3130 154 46 Theologus.

1146 3157 107 60 Eaque
1217 3157 83 60 est
1265 3157 155 60 sapientia
1384 3157 155 60 formalis,
1503 3157 143 60 absoluta
1610 3157 83 60 seu
1657 3157 214 60 perfectissima,
1824 3157 83 60 insi
