2063 3465
205 156 164 54 Episcopos,
334 156 70 54 ad
369 156 152 54 pascendam
486 156 152 54 Ecclesiam
603 156 94 54 Dei,
662 156 94 54 quam
720 156 82 54 suo
767 156 94 54 illo
825 156 129 54 proprio
907 156 129 54 sanguine.

209 204 164 49 acquisivit
338 204 82 49 Hic
385 204 117 49 Filius
467 204 82 49 Dei
514 204 82 49 qui
561 204 141 49 sanguine
667 204 82 49 suo
714 204 153 49 Ecclesiam
831 204 176 49 acquisivit,
960 204 59 49 ap-

213 239 140 46 pellatur
319 239 140 46 absolute
412 239 82 46 Deus.

244 256 157 51 QUINTUM
358 256 214 51 testimonium
529 256 100 51 est
586 256 143 51 Roman.
686 256 86 51 9.
729 256 86 51 5.
771 256 143 51 Quorum
871 256 143 51 (nempe
957 256 71 51 Ju-

220 299 173 46 daeorumzunt
359 299 127 46 Patres,
451 299 58 46 &
474 299 69 46 ex
509 299 115 46 quibus
590 299 81 46 est
636 299 138 46 Christus
740 299 92 46 quod
797 299 69 46 ad
832 299 115 46 carnem
913 299 138 46 attinet.

216 334 84 51 qui
264 334 84 51 est
312 334 107 51 supra
383 334 107 51 omnes
455 334 96 51 Deus
515 334 155 51 laudandus
634 334 72 51 in
670 334 131 51 secula,
765 334 107 51 Amen.
837 334 72 51 Ad
873 334 84 51 hoc
909 334 119 51 testimo-

226 370 96 44 nium
286 370 84 44 duo
334 370 193 44 excipiuntur.
491 370 96 44 Vnum
551 370 96 44 est,
611 370 96 44 male
672 370 60 44 a
696 370 108 44 nobis
768 370 157 44 distingui
888 370 96 44 hunc
937 370 84 44 locum

235 404 92 44 quia
292 404 92 44 post
349 404 103 44 vorba
418 404 69 44 το
453 404 69 44 κγ
487 404 115 44 σαρμα,
568 404 138 44 finiatur
671 404 149 44 sententia
786 404 57 44 &
809 404 126 44 punctum
901 404 80 44 sit
935 404 92 44 figen-

224 440 102 38 dum:
288 440 166 38 Sequentia
415 440 102 38 vero
479 440 191 38 connectenda
632 440 76 38 in
670 440 102 38 hunc
734 440 127 38 modum:
823 440 64 38 α
849 440 115 38 ἀνεπι
912 440 115 38 παντῳν,

229 463 85 50 θεης
283 463 64 50 &ι
315 463 117 50 λογητός
400 463 75 50 εις
442 463 75 50 τος
485 463 117 50 αιόνας.
570 463 96 50 Deus,
634 463 75 50 qui
677 463 75 50 est
720 463 96 50 super
784 463 107 50 omnia,
858 463 149 50 benedictus
965 463 53 50 sit

217 499 71 48 in
253 499 130 48 secula:
347 499 130 48 Alterum
442 499 95 48 est,
501 499 106 48 nomen
572 499 95 48 θeος
631 499 71 48 in
666 499 106 48 hujus
737 499 95 48 loci
797 499 154 48 citatione
915 499 118 48 omitti
986 499 47 48 a-

226 537 147 43 Cypriano
336 537 110 43 libro
409 537 147 43 adversus
519 537 135 43 Judaeos
617 537 73 43 1.
654 537 122 43 capit.
739 537 135 43 quinto,
837 537 61 43 &
862 537 73 43 ab
898 537 135 43 Hilario
984 537 49 43 in

219 568 189 43 enartatione
370 568 126 43 Psalm.
458 568 88 43 12.
509 568 151 43 Utrumque
622 568 101 43 esse
685 568 63 43 a
710 568 113 43 magno
785 568 101 43 illo
848 568 126 43 Erasmo
924 568 113 43 Rotero-

225 599 103 48 damo
289 599 193 48 observarum.
443 599 103 48 Quod
508 599 77 48 ad
546 599 128 48 primam
636 599 141 48 attinet
739 599 205 48 exceptionem,
906 599 103 48 nova
957 599 77 48 illa

229 634 174 48 distinctio,
369 634 93 48 quam
427 634 93 48 post
485 634 104 48 σαικα
554 634 174 48 adscribitur
694 634 139 48 punctum,
798 634 81 48 est
844 634 116 48 contra
926 634 104 48 fidem
984 634 46 48 o-

217 676 122 39 mnium
299 676 150 39 codicum
408 676 163 39 veterum.
530 676 109 39 Quod
598 676 82 39 ad
639 676 163 39 secundam
761 676 204 39 exceptionem
911 676 122 39 attinet

226 708 164 39 affirmare
353 708 89 39 non
403 708 177 39 dubitamus,
543 708 190 39 librariorum
694 708 114 39 vitio
770 708 114 39 nomen
846 708 89 39 Dei
897 708 76 39 in
922 708 114 39 Cypria-

230 742 72 39 no
266 742 60 39 &
290 742 133 39 Hilario
387 742 145 39 omissum,
496 742 72 39 ut
532 742 145 39 ostendit
641 742 85 39 res
689 742 109 39 ipsa,
761 742 97 39 quum
822 742 157 39 utrobique
930 742 109 39 citetur

231 774 83 44 Job
279 774 83 44 hoc
326 774 107 44 ipsum
398 774 83 44 hic
445 774 119 44 locus,
528 774 71 44 ut
564 774 143 44 probetur
671 774 83 44 Dei
719 774 107 44 nomen
790 774 131 44 Christo
885 774 95 44 vere
945 774 59 44 &
957 774 71 44 pro-

229 809 102 45 prie
293 809 178 45 competere.
433 809 153 45 Pamelius
548 809 76 45 in
586 809 178 45 Parisiensi
726 809 153 45 editione
841 809 153 45 Cypriani
943 809 102 45 nomen,

226 840 109 43 Deus,
299 840 158 43 contextui
420 840 134 43 inseit,
517 840 97 43 quia
578 840 73 43 in
614 840 134 43 omnibus
711 840 194 43 manuscriptis
869 840 158 43 repererit
978 840 61 43 tum

237 875 113 39 suis,
313 875 88 39 tum
363 875 126 39 quibus
451 875 88 39 usi
501 875 101 39 sunt
564 875 151 39 Manutius
677 875 63 39 &
703 875 163 39 Morelius.
828 875 201 39 Tertullianus
979 875 63 39 au-

231 905 87 44 tem
280 905 87 44 non
330 905 112 44 solum
405 905 112 44 legit
479 905 100 44 hanc
542 905 124 44 vocem,
629 905 87 44 sed
678 905 112 44 etiam
753 905 75 44 ex
790 905 75 44 ea
828 905 199 44 argumentatus
977 905 62 44 est

239 945 106 36 libio
310 945 71 36 de
345 945 153 36 Trinitate
463 945 141 36 adversus
569 945 129 36 Praxean
663 945 94 36 cap.
721 945 82 36 13.
768 945 94 36 Deos
827 945 118 36 omnino
910 945 82 36 non
945 945 94 36 dicam,

238 980 78 37 nec
282 980 134 37 Dominos,
383 980 78 37 sed
427 980 145 37 Apostelum
539 980 123 37 sequar,
628 980 67 37 ut
661 980 67 37 si
695 980 123 37 pariter
784 980 145 37 nominandi
895 980 134 37 fuerint,
984 980 56 37 Pa-

237 1005 88 42 ter
288 1005 63 42 &
313 1005 138 42 Filius,
413 1005 100 42 Deum
476 1005 125 42 Patrem
563 1005 150 42 appellem
676 1005 63 42 &
701 1005 113 42 lesum
777 1005 150 42 Christum
890 1005 138 42 Dominum
977 1005 63 42 no-

247 1041 120 40 minem.
331 1041 108 40 Solum
403 1041 108 40 autem
474 1041 144 40 Christum
582 1041 120 40 potero
666 1041 96 40 Deum
726 1041 132 40 dicere,
822 1041 108 40 sicut
893 1041 96 40 idem
941 1041 96 40 Aposto

238 1068 88 47 lus:
293 1068 66 47 Ex
326 1068 110 47 quibus
403 1068 143 47 Christus,
513 1068 77 47 qui
557 1068 88 47 est,
612 1068 121 47 inquit,
699 1068 88 47 Deus
754 1068 99 47 super
820 1068 99 47 omnia
886 1068 154 47 benedictus
996 1068 44 47 i1

238 1114 108 41 onine
310 1114 108 41 avum.
382 1114 168 41 Athanasius
514 1114 120 41 itidem
598 1114 72 41 in
634 1114 192 41 disputatione
791 1114 144 41 adversus
899 1114 108 41 Arium
959 1114 84 41 usqui

251 1147 89 46 adeo
306 1147 78 46 non
351 1147 122 46 omittit
439 1147 67 46 ut
473 1147 100 46 etiam
539 1147 122 46 urgeat,

273 1181 123 38 SEXTUM
359 1181 185 38 testimonium
507 1181 86 38 est
556 1181 74 38 1.
593 1181 135 38 Timoth.
691 1181 74 38 3.
728 1181 111 38 vers.
802 1181 86 38 16.
851 1181 74 38 Et
888 1181 98 38 sine
937 1181 111 38 contro-

252 1223 118 36 versia
335 1223 118 36 magnum
417 1223 82 36 est
464 1223 141 36 pietatis
570 1223 165 36 mysterium,
699 1223 94 36 Deus
758 1223 165 36 conspicuus
887 1223 118 36 factus
970 1223 82 36 est
1005 1223 47 36 in

254 1258 101 37 carne,
325 1258 162 37 iustificatus
456 1258 71 37 est
496 1258 61 37 in
527 1258 121 37 Spiritu,
618 1258 141 37 corspectus
729 1258 71 37 est
769 1258 61 37 ab
800 1258 121 37 Angelis,
890 1258 152 37 praedicatus
1002 1258 40 37 es

254 1286 141 40 Gentibus,
363 1286 98 40 fides
428 1286 87 40 illi
482 1286 108 40 habita
557 1286 76 40 est
601 1286 65 40 in
633 1286 108 40 mundo,
709 1286 108 40 sursum
785 1286 130 40 receptus
883 1286 76 40 est
926 1286 65 40 in
948 1286 98 40 gloriam

249 1321 90 41 Hoc
301 1321 193 41 testimonium
455 1321 64 41 &
481 1321 142 41 Vulgata
584 1321 129 41 versio
674 1321 129 41 Latina
765 1321 168 41 corruptum
893 1321 129 41 habet,
984 1321 64 41 &
996 1321 52 41 E-

244 1356 124 42 rasmus
330 1356 186 42 Roterodamus
479 1356 87 42 sua
528 1356 235 42 interpretatione
726 1356 186 42 depravavit.
875 1356 87 42 Nam
924 1356 74 42 in
949 1356 99 42 vulga-

244 1387 73 43 ta
280 1387 147 43 versione
390 1387 122 43 Latina
476 1387 85 43 Dei
525 1387 110 43 nomen
598 1387 171 43 omittitur,
732 1387 61 43 &
757 1387 98 43 haec
818 1387 85 43 tam
867 1387 159 43 praeclara
977 1387 85 43 omnia

244 1424 98 35 quae
305 1424 74 35 ad
342 1424 111 35 solum
416 1424 148 35 Christum
526 1424 172 35 pertinent,
662 1424 148 35 pietatis
772 1424 172 35 sacramento
895 1424 160 35 tribuuntur:

253 1460 73 39 uc
289 1460 97 39 enim
350 1460 97 39 illa
410 1460 121 39 habet:
495 1460 73 39 Et
531 1460 157 39 manifeste
652 1460 121 39 magnum
737 1460 85 39 est
785 1460 145 39 pietatis
882 1460 169 39 sacramentum:

250 1487 87 44 quad
305 1487 175 44 manifestatum
447 1487 76 44 est
490 1487 66 44 in
523 1487 109 44 carne,
599 1487 175 44 iustificatum
741 1487 76 44 est
785 1487 66 44 in
818 1487 131 44 spiritu,
916 1487 131 44 apparuit
1003 1487 55 44 An-

253 1520 111 44 gelis,
331 1520 167 44 praedicatum
464 1520 78 44 est
509 1520 145 44 Gentibus,
620 1520 134 44 creditum
720 1520 78 44 est
765 1520 67 44 in
798 1520 111 44 mundo,
876 1520 134 44 assumtum
976 1520 78 44 est
1009 1520 45 44 in

253 1557 129 42 gleris.
347 1557 82 42 Vel
394 1557 70 42 ex
429 1557 82 42 hoc
476 1557 94 42 loco
534 1557 117 42 quivis
616 1557 164 42 cognoscere
745 1557 59 42 &
768 1557 140 42 statuere
874 1557 129 42 potest,
956 1557 105 42 quantum

252 1595 81 33 sit
299 1595 163 33 tribuendum
427 1595 140 33 vulgatae
532 1595 140 33 versioni
636 1595 140 33 Latinae,
741 1595 93 33 quae
799 1595 81 33 tam
846 1595 140 33 illustre
939 1595 116 33 testimo-

245 1622 100 41 nium
308 1622 88 41 pro
358 1622 138 41 Deitate
459 1622 150 41 Christi,
571 1622 175 41 subvertit.
709 1622 138 41 Erasmus
809 1622 188 41 Roterodamus
947 1622 113 41 foedius

248 1653 101 42 hunc
312 1653 114 42 locum
388 1653 177 42 depravavit
527 1653 89 42 nam
578 1653 89 42 non
628 1653 127 42 tantum
717 1653 152 42 probavit
831 1653 152 42 vulgatam
945 1653 139 42 versio¬

260 1694 90 35 nem
312 1694 155 35 Latinam,
428 1694 90 35 sed
480 1694 116 35 etiam
557 1694 168 35 judicavit
686 1694 65 35 a
712 1694 142 35 nostris
816 1694 116 35 nomen
893 1694 90 35 Dei
932 1694 129 35 additum,

255 1721 97 42 quod
315 1721 60 42 a
339 1721 109 42 Paulo
412 1721 157 42 usurpatum
533 1721 85 42 non
581 1721 133 42 fuerit:
678 1721 109 42 Mihi,
750 1721 133 42 inquit,
847 1721 133 42 subolet
943 1721 97 42 Deum
992 1721 60 42 ad-

258 1754 108 40 ditum
330 1754 120 40 fuisse
413 1754 143 40 odversus
521 1754 167 40 haereticos
653 1754 143 40 Arianos.
760 1754 72 40 At
796 1754 108 40 nobis
868 1754 120 40 dubium
951 1754 84 40 non
987 1754 72 40 est,

259 1786 83 36 Dei
307 1786 107 36 nomen
378 1786 143 36 sublatum
485 1786 119 36 fuisse
569 1786 71 36 ab
604 1786 95 36 iis,
664 1786 83 36 qui
712 1786 155 36 negabant,
831 1786 83 36 vel
878 1786 143 36 Deitatem
974 1786 71 36 Chr-

244 1826 97 35 sti;
304 1826 85 35 vel
353 1826 157 35 utriusque
474 1826 73 35 in
510 1826 97 35 ipso
571 1826 133 35 naturae
668 1826 133 35 unionem
764 1826 97 35 inde
825 1826 73 35 ab
861 1826 97 35 ipso
910 1826 169 35 conceptionis

243 1852 156 40 momento.
360 1852 78 40 At
399 1852 91 40 tum
451 1852 156 40 illorum,
569 1852 91 40 tum
621 1852 130 40 Erasmi
712 1852 182 40 depravatio
855 1852 169 40 manifeste
973 1852 91 40 coar-

246 1889 82 46 gui
293 1889 117 46 potest
375 1889 70 46 ex
410 1889 82 46 iis
457 1889 94 46 quae
516 1889 164 46 sequuntur,
644 1889 105 46 nempe
715 1889 152 46 ἐφανερωθη
832 1889 70 46 ἐν
867 1889 117 46 σαρκι,
937 1889 117 46 εδικαιωθ

251 1925 67 39 ἐν
284 1925 135 39 τθδυμαm,
385 1925 90 39 αφθη
442 1925 146 39 αγγιλοις,
554 1925 135 39 εκηρθχθη
655 1925 67 39 εν
689 1925 135 39 ἔδνεσεν,
790 1925 135 39 επισευθη
891 1925 67 39 εν
924 1925 112 39 κόσμῳ,
992 1925 67 39 αυρ-

242 1956 113 39 ληφθη
318 1956 75 39 εν
355 1956 113 39 δό83.
431 1956 138 39 Quamvis
531 1956 100 39 enim
594 1956 138 39 Erasmus
694 1956 138 39 conetur
795 1956 75 39 ea
832 1956 75 39 ad
857 1956 201 39 praedicationem

249 1985 165 40 Evangelii,
379 1985 94 40 quam
437 1985 82 40 per
484 1985 153 40 mysterium
602 1985 82 40 hoc
649 1985 94 40 loco
708 1985 153 40 intelligi
826 1985 118 40 putat,
908 1985 129 40 aptare,
990 1985 59 40 ta-

254 2022 79 36 men
299 2022 68 36 in
333 2022 113 36 primis
412 2022 170 36 praedicatis
548 2022 125 36 omnibus
639 2022 170 36 explicandis
775 2022 79 36 ita
820 2022 136 36 frigidus
922 2022 91 36 est,
979 2022 68 36 ut
1001 2022 57 36 ni-

254 2051 75 41 hil
297 2051 107 41 supra:
372 2051 64 41 in
404 2051 107 41 ultimo
479 2051 96 41 autem
543 2051 75 41 sic
585 2051 117 41 haeret,
671 2051 64 41 ut
703 2051 117 41 prodite
788 2051 128 41 ulterius
884 2051 75 41 non
927 2051 117 41 possit,
1002 2051 53 41 id-

253 2091 101 32 eoque
320 2091 112 32 secure
399 2091 157 32 praeterit,
522 2091 101 32 nulla
590 2091 112 32 addita
668 2091 191 32 explicatione.
825 2091 79 32 Nos
870 2091 112 32 igitur
938 2091 123 32 veritatem

251 2116 126 41 textus
339 2116 126 41 Graeci
427 2116 163 41 sequentes
553 2116 176 41 colligimus
691 2116 75 41 ex
729 2116 88 41 hoc
779 2116 113 41 loco,
854 2116 126 41 Filium
942 2116 88 41 Dei
980 2116 75 41 esse

250 2154 102 39 Deum:
318 2154 91 39 ille
374 2154 91 39 enim
431 2154 79 39 est
476 2154 79 39 qui
522 2154 159 39 conspicuus
647 2154 113 39 factus
726 2154 79 39 est
771 2154 68 39 in
805 2154 113 39 carne,
873 2154 57 39 &c.

275 2190 151 40 SEPTIMUM
389 2190 189 40 testimonium
540 2190 126 40 exstat
629 2190 114 40 Hebr.
705 2190 76 40 1.
742 2190 114 40 vers.
818 2190 76 40 7.
856 2190 76 40 8,
894 2190 76 40 9.
932 2190 76 40 Et
970 2190 76 40 de
995 2190 63 40 An-

243 2231 99 37 gelis
309 2231 110 37 quidem
386 2231 110 37 dicie,
463 2231 77 37 Qui
507 2231 121 37 Angelos
595 2231 88 37 suos
650 2231 99 37 facit
716 2231 121 37 ventos,
804 2231 55 37 &
826 2231 143 37 ministros
936 2231 88 37 suos
980 2231 77 37 ignis

250 2262 137 36 flammam.
352 2262 68 36 Ad
386 2262 114 36 Filium
466 2262 103 36 aute,
535 2262 125 36 Thronus
626 2262 103 36 tuus,
694 2262 103 36 Deus,
763 2262 68 36 in
797 2262 125 36 saculum
888 2262 125 36 seculi:
968 2262 91 36 virga-

241 2301 106 34 recta,
316 2301 96 34 virga
380 2301 96 34 regni
443 2301 85 34 tui.
496 2301 138 34 Dilexisti
603 2301 138 34 iustitiam
709 2301 53 34 &
730 2301 106 34 odisti
805 2301 170 34 iniquitatem:
932 2301 117 34 propteret

251 2330 94 40 unxit
313 2330 73 40 te,
355 2330 52 40 o
376 2330 94 40 Deus,
439 2330 84 40 Deus
491 2330 84 40 tuus
543 2330 84 40 oleo
596 2330 188 40 exsultationis,
752 2330 94 40 ultra
815 2330 125 40 cosortes
909 2330 94 40 tuos.
972 2330 63 40 In
993 2330 52 40 ho-

242 2364 176 37 testimonio
381 2364 126 37 Filius
468 2364 88 37 Dei
519 2364 88 37 bis
569 2364 138 37 dicitur
669 2364 113 37 Deus.
745 2364 88 37 Hoc
795 2364 201 37 calumniantur
946 2364 100 37 Judaei

255 2397 106 40 quasi
326 2397 71 40 de
361 2397 153 40 Salomone,
479 2397 83 40 non
526 2397 71 40 de
562 2397 130 40 Christo
656 2397 118 40 dictum
739 2397 118 40 esset.
821 2397 106 40 Atqui
892 2397 83 40 non
939 2397 141 40 possunt,

255 2432 163 39 pstendere,
384 2432 117 39 usquam
465 2432 70 39 in
500 2432 93 39 tota
559 2432 152 39 Scriptura
676 2432 70 39 de
711 2432 82 39 uno
757 2432 93 39 solo
816 2432 152 39 singulari
932 2432 82 39 seu
967 2432 82 39 indi-

245 2462 113 39 viduo
321 2462 113 39 nomen
396 2462 138 39 Elohim,
496 2462 188 39 simpliciter
647 2462 63 39 &
672 2462 150 39 absolute
785 2462 138 39 dictum,
885 2462 100 39 nisi
948 2462 75 39 de
973 2462 75 39 vero

240 2492 108 41 Deo.
308 2492 95 41 Nam
362 2492 108 41 quod
430 2492 162 41 exemplum
552 2492 122 41 Mosis
633 2492 176 41 proferunt
768 2492 81 41 ex
809 2492 122 41 Exod.
890 2492 81 41 4.
917 2492 135 41 versicul

241 2532 79 35 16.
286 2532 56 35 &
308 2532 113 35 capit.
388 2532 68 35 7.
421 2532 68 35 1.
455 2532 113 35 aperte
534 2532 215 35 sophisticantur:
715 2532 90 35 quia
772 2532 102 35 Moses
839 2532 68 35 in
873 2532 102 35 illis
941 2532 102 35 locis
998 2532 56 35 non

249 2562 183 40 simpliciter
395 2562 61 40 &
420 2562 147 40 absolute
530 2562 134 40 vocatur
628 2562 134 40 Elohim,
725 2562 73 40 ut
762 2562 86 40 hoc
811 2562 122 40 Psalmi
896 2562 86 40 45.
933 2562 110 40 versicu

247 2593 134 42 septimo
344 2593 61 42 &
369 2593 122 42 octavo
454 2593 122 42 Filius
540 2593 134 42 vocatur
637 2593 134 42 Elohim:
735 2593 85 42 sed
784 2593 134 42 dicitur
881 2593 122 42 factus
954 2593 98 42 Elohim

236 2633 128 33 Aaconi
326 2633 64 33 &
351 2633 166 33 Pharaoni.
479 2633 128 33 Deinde
569 2633 102 33 quod
633 2633 77 33 de
671 2633 115 33 regni
748 2633 115 33 hujus
825 2633 192 33 aeternitate
965 2633 90 33 dici-

244 2666 112 36 tur,
314 2666 154 36 quomodo
426 2666 168 36 Salomoni
553 2666 140 36 regnum
651 2666 168 36 duntaxat
777 2666 182 36 corporale
904 2666 154 36 obtinenti

249 2699 165 42 conveniet,
379 2699 83 42 qui
426 2699 177 42 quadraginta
568 2699 142 42 duntaxat
674 2699 106 42 annos
745 2699 154 42 regnavit?
863 2699 71 42 ac
899 2699 106 42 licet
958 2699 106 42 posteri

243 2730 118 49 simul
321 2730 287 49 comprehenderentur,
570 2730 118 49 tamen
648 2730 78 49 ne
687 2730 91 49 sic
739 2730 131 49 quidem
831 2730 131 49 regnum
909 2730 144 49 aeternum.

249 2765 118 34 esset,
332 2765 95 34 quod
391 2765 95 34 ante
450 2765 83 34 tam
498 2765 107 34 multa
569 2765 118 34 secula
652 2765 130 34 desiit.
746 2765 83 34 Sed
794 2765 142 34 posteros
900 2765 95 34 ejus
947 2765 95 34 compre

253 2799 103 39 hendi
321 2799 80 39 non
367 2799 114 39 posse,
446 2799 80 39 vel
492 2799 68 39 ex
526 2799 68 39 eo
561 2799 114 39 certum
640 2799 91 39 est,
697 2799 91 39 quod
754 2799 80 39 hic
800 2799 80 39 rex
846 2799 125 39 dicitur
926 2799 125 39 dilexisse

245 2829 163 45 justitiam
371 2829 63 45 &
396 2829 125 45 odisse
484 2829 201 45 iniquitatem.
646 2829 88 45 Hoc
697 2829 88 45 nec
747 2829 125 45 semper
834 2829 75 45 in
872 2829 175 45 Salomonem,
997 2829 63 45 nec

256 2873 73 39 in
292 2873 159 39 plerosque
414 2873 159 39 Salomonis
536 2873 146 39 posteros
646 2873 159 39 competit,
768 2873 85 39 qui
817 2873 110 39 impii
890 2873 61 39 &
902 2873 159 39 idololatrae

249 2895 139 39 fuerunt.
354 2895 163 39 Excipiunt,
482 2895 93 39 etsi
540 2895 70 39 de
575 2895 116 39 solius
656 2895 151 39 Salomonis
772 2895 105 39 regno
842 2895 198 39 intelligatur,
993 2895 58 39 res

252 2927 90 44 cte
304 2927 116 44 illud
381 2927 103 44 dici
445 2927 168 44 aeternum,
574 2927 103 44 quia
639 2927 116 44 nomen
716 2927 90 44 CIU
768 2927 155 44 interdum
883 2927 90 44 non
922 2927 129 44 signifi-

253 2965 84 46 cat
301 2965 215 46 perpetuitatem,
480 2965 84 46 sed
528 2965 168 46 diuturnum,
660 2965 144 46 duntaxat
768 2965 144 46 spatium.
875 2965 108 46 Atqui
947 2965 84 46 non
983 2965 72 46 sim-

260 2996 159 55 pliciter
379 2996 133 55 dictum
472 2996 106 55 est:
538 2996 106 55 Qysp
604 2996 133 55 DPPPyN
697 2996 119 55 TNDᾧ,
777 2996 93 55 sed
830 2996 146 55 additur
936 2996 93 55 ΤU)
975 2996 80 55 quae

255 3033 110 41 bratio
332 3033 188 41 perpetuitatem
487 3033 99 41 regni
553 3033 88 41 sine
608 3033 88 41 fine
663 3033 132 41 duraturi
763 3033 143 41 ostendit.

290 3061 145 54 OCTAVUM
395 3061 198 54 testimonium
554 3061 106 54 est:
620 3061 132 54 Johan.
713 3061 79 54 3.
752 3061 185 54 versic.16.
897 3061 92 54 Per
950 3061 92 54 hoc
990 3061 66 54 no-

259 3107 102 48 vimus
327 3107 159 48 charitatem
452 3107 91 48 Dei,
508 3107 91 48 quod
565 3107 91 48 ille
622 3107 113 48 animam
701 3107 91 48 suam
758 3107 79 48 pro
803 3107 102 48 nobis
871 3107 148 48 deposuit.
974 3107 79 48 Eccl-

259 3130 133 60 Filius
352 3130 107 60 Dei,
419 3130 160 60 Christus
539 3130 147 60 Dominus
645 3130 93 60 qui
699 3130 133 60 animam
792 3130 107 60 suam
859 3130 93 60 pro
912 3130 120 60 nobis
979 3130 93 60 depo-

256 3162 96 40 suit,
320 3162 128 40 absolute
416 3162 117 40 dicitur
491 3162 75 40 Deus.

296 3193 119 63 NONUM
375 3193 199 63 testimonium
534 3193 93 63 est
587 3193 79 63 1.
627 3193 132 63 Johan.
720 3193 79 63 5.
759 3193 172 63 versicul.
892 3193 93 63 20.
945 3193 119 63 Sumus
1011 3193 53 63 in

1075 156 105 44 verace
1149 156 95 44 illo,
1212 156 63 44 in
1244 156 95 44 Filio
1307 156 84 44 eius
1360 156 84 44 Iesu
1413 156 126 44 Christo;
1507 156 74 44 hic
1549 156 74 44 est
1592 156 95 44 verus
1655 156 84 44 ille
1707 156 84 44 Deus
1760 156 53 44 &
1781 156 84 44 vita
1823 156 74 44 illae

1076 200 139 38 aterna.
1177 200 114 38 Primo
1253 200 152 38 Pronomen
1367 200 101 38 ἐτος
1430 200 164 38 ostendit,
1557 200 76 38 de
1595 200 101 38 Jesu
1658 200 139 38 Christo
1759 200 114 38 dici,
1822 200 76 38 quod

1072 229 87 45 sit
1121 229 111 45 verus
1195 229 99 45 ille
1257 229 111 45 Deus.
1331 229 87 45 Nam
1381 229 99 45 ἔτος
1443 229 173 45 demonstrat
1579 229 74 45 id
1616 229 99 45 quod
1678 229 136 45 proxime
1764 229 124 45 anteces-

1068 263 91 48 sit,
1124 263 102 48 sicut
1193 263 125 48 ἐκεινος
1284 263 91 48 quod
1340 263 136 48 remotius
1443 263 91 48 est.
1499 263 114 48 Deinde
1579 263 148 48 peculiare
1693 263 80 48 est
1738 263 136 48 Johanni,
1829 263 68 48 per-

1081 294 109 38 vitam
1154 294 146 38 aeternam
1263 294 182 38 μετανυμιϰώς
1409 294 146 38 Christum
1506 294 170 38 significare.

1110 333 151 45 DECIMUM,
1223 333 100 45 Gen.
1286 333 88 45 31.
1336 333 75 45 v.
1374 333 88 45 11,
1424 333 88 45 12,
1474 333 88 45 13.
1525 333 138 45 Angelus
1625 333 88 45 Dei
1675 333 88 45 qui
1725 333 151 45 loquutus
1826 333 75 45 est,

1078 357 118 49 Jacobo
1161 357 83 49 per
1208 357 142 49 somnium,
1315 357 83 49 ait
1362 357 71 49 se
1398 357 95 49 esse
1457 357 95 49 Deum
1516 357 107 49 illum
1587 357 130 49 fortem,
1682 357 83 49 qui
1729 357 130 49 Bethele
1812 357 83 49 appa-

1074 402 92 39 ruit
1132 402 127 39 Iacobo.
1224 402 69 39 Is
1259 402 127 39 Angelus
1351 402 81 39 qui
1397 402 58 39 &
1420 402 92 39 Deus
1477 402 69 39 is
1512 402 92 39 esse
1569 402 127 39 dicitur
1661 402 81 39 qui
1707 402 115 39 Jacobo
1776 402 127 39 apparuit.

1074 428 71 46 in
1110 428 189 46 Mesopotamiam
1264 428 118 46 eunti,
1346 428 83 46 non
1394 428 118 46 potest
1477 428 95 46 esse
1536 428 107 46 alius
1607 428 95 46 quam
1666 428 118 46 Filius
1749 428 95 46 Dei,
1808 428 71 46 ut
1844 428 83 46 ob¬

1068 468 155 38 servavit
1185 468 168 38 Cyprianus
1314 468 117 38 libro
1392 468 142 38 secundo
1496 468 220 38 Testimoniorum
1677 468 155 38 adversus
1780 468 130 38 Judaeos,

1100 498 80 47 pite
1140 498 80 47 sexto-

1116 530 214 50 UNDECIMUM,
1284 530 153 50 Genes.
1391 530 107 50 32.
1452 530 107 50 30.
1513 530 168 50 vocatur
1635 530 122 50 Deus
1711 530 168 50 Angelus
1818 530 92 50 ille

1078 569 84 40 qui
1126 569 84 40 cum
1174 569 120 40 Jacobo
1259 569 84 40 est
1307 569 157 40 luctatus.
1427 569 84 40 Non
1475 569 96 40 enim
1536 569 96 40 fuit
1596 569 96 40 ipse
1656 569 96 40 Deus
1716 569 120 40 Pater,
1801 569 84 40 sed
1837 569 60 40 An-

1090 604 120 43 gelus,
1174 604 72 43 ut
1210 604 120 43 Hoseas
1294 604 108 43 docet
1366 604 96 43 cap.
1426 604 72 43 12
1462 604 72 43 5.
1498 604 132 43 nimirum
1594 604 132 43 Angelus
1690 604 96 43 ille
1750 604 144 43 federis.
1846 604 72 43 Qua-

1092 642 132 32 ropter
1184 642 158 32 Justinus
1303 642 132 32 Martyr
1395 642 145 32 Dialogo
1501 642 92 32 cum
1554 642 158 32 Tryphone
1673 642 145 32 Judaeo,
1778 642 106 32 pag.
1831 642 66 32 du-

1085 676 120 37 centes.
1172 676 240 37 septuagesimaoctava
1380 676 87 37 ait:
1434 676 175 37 Conflictatus
1576 676 76 37 est
1620 676 98 37 lacob
1686 676 76 37 cum
1729 676 66 37 eo
1762 676 76 37 qui
1806 676 87 37 illi
1849 676 55 37 ap-

1081 702 127 48 paruit,
1174 702 92 48 viro
1232 702 115 48 quidem
1312 702 69 48 ut
1347 702 115 48 Patris
1428 702 150 48 uoluntati
1543 702 173 48 inserviret;
1682 702 92 48 Deus
1740 702 104 48 autem
1809 702 104 48 erat,
1867 702 46 48 co

1086 741 93 44 quod
1144 741 116 44 filius
1225 741 185 44 primogenitus
1376 741 104 44 esset
1445 741 174 44 universarum
1573 741 150 44 creaturarum

1111 764 208 44 DUODECIMUM;
1277 764 208 44 Deuteronom.
1444 764 97 44 31.
1499 764 125 44 vers.
1582 764 83 44 1,
1624 764 69 44 2
1652 764 139 44 Iehova
1749 764 125 44 dixit
1818 764 83 44 mihi

1087 802 80 35 non
1132 802 69 35 es
1167 802 172 35 transiturus
1305 802 138 35 Iardenem
1408 802 103 35 hunc.
1477 802 115 35 lehova
1557 802 92 35 Deus
1615 802 103 35 tuus,
1683 802 69 35 is
1718 802 80 35 qui
1764 802 126 35 transit
1844 802 69 35 ante

1084 837 78 40 te,
1128 837 89 40 ipse
1184 837 145 40 exscindet
1295 837 111 40 Gentes
1373 837 100 40 istas
1440 837 56 40 a
1462 837 145 40 conspectu
1573 837 89 40 Dei.
1629 837 67 40 At
1662 837 78 40 hic
1707 837 89 40 idem
1762 837 122 40 dicitur
1840 837 67 40 esse

1099 871 124 38 Angelus
1189 871 90 38 ipse
1245 871 79 38 Dei
1290 871 101 38 Exod.
1358 871 79 38 23.
1403 871 101 38 vers.
1470 871 79 38 20,
1515 871 79 38 21,
1560 871 79 38 22,
1605 871 79 38 23.
1650 871 101 38 Ecce,
1718 871 79 38 ego
1763 871 101 38 mitto
1819 871 79 38 Ange-

1086 904 84 36 lum
1134 904 96 36 ante
1194 904 72 36 te
1230 904 72 36 ad
1265 904 155 36 servandum
1385 904 72 36 te
1421 904 72 36 in
1457 904 84 36 hac
1505 904 96 36 via,
1564 904 60 36 &
1588 904 72 36 ad
1624 904 203 36 introducendum
1791 904 72 36 te
1827 904 72 36 in
1851 904 60 36 lo-

1096 938 71 40 um
1132 938 107 40 illum
1203 938 95 40 quem
1263 938 178 40 praeparavi.
1405 938 95 40 Cave
1465 938 95 40 tibi
1524 938 71 40 ob
1560 938 178 40 praesentiam
1703 938 107 40 eius,
1774 938 59 40 &
1786 938 131 40 ausculta.

1100 971 88 41 noci
1155 971 99 41 eius,
1221 971 66 41 ne
1254 971 143 41 exacerbes
1364 971 88 41 eum:
1419 971 88 41 quia
1474 971 77 41 non
1517 971 99 41 feret
1583 971 165 41 defectionem
1715 971 132 41 vestram,
1814 971 88 41 quia
1858 971 55 41 no-

1093 1013 79 36 men
1138 1013 90 36 meum
1194 1013 79 36 est
1240 1013 68 36 in
1273 1013 79 36 eo.
1319 1013 79 36 Nam
1364 1013 68 36 si
1398 1013 113 36 sedulo
1477 1013 192 36 auscultaveris
1635 1013 90 36 voci
1691 1013 102 36 eius,
1759 1013 56 36 &
1782 1013 124 36 feceris
1861 1013 45 36 o-

1094 1038 91 43 mnia
1151 1038 91 43 quae
1207 1038 125 43 edicam:
1298 1038 102 43 plane
1367 1038 159 43 inimicabor
1492 1038 137 43 inimicos
1594 1038 102 43 tuos,
1663 1038 57 43 &
1685 1038 159 43 hostiliter
1811 1038 91 43 agam
1856 1038 57 43 cum

1098 1072 138 40 postibus
1202 1072 104 40 tuis.
1272 1072 92 40 Quum
1329 1072 115 40 iverit
1410 1072 127 40 Angelus
1502 1072 92 40 meus
1560 1072 92 40 ante
1618 1072 81 40 te,
1664 1072 58 40 &
1687 1072 185 40 introduxerit
1837 1072 69 40 te
1860 1072 46 40 in

1095 1104 125 40 terram
1182 1104 149 40 Emoraei,
1294 1104 62 40 &
1319 1104 174 40 Chitthaei,
1456 1104 62 40 &
1481 1104 162 40 Perixzei,
1605 1104 62 40 &
1630 1104 174 40 Cenahanai,
1767 1104 62 40 &
1779 1104 125 40 Chivvaei

1089 1137 68 41 &
1117 1137 163 41 Iebusai:
1239 1137 68 41 &
1266 1137 163 41 excidero
1388 1137 109 41 eum.
1456 1137 109 41 Hunc
1524 1137 122 41 autem
1605 1137 149 41 Angelum
1714 1137 109 41 esse
1768 1137 136 41 Christum

1100 1172 104 39 locet
1169 1172 115 39 Paulus
1249 1172 69 39 1.
1284 1172 92 39 Cor.
1341 1172 81 39 10.
1387 1172 69 39 9.
1422 1172 104 39 Neque
1491 1172 138 39 tentemus
1594 1172 150 39 Christum,
1709 1172 104 39 sicut
1778 1172 115 39 quidam
1859 1172 81 39 eo¬

1098 1211 84 40 cum
1146 1211 169 40 tentarunt,
1279 1211 60 40 &
1303 1211 60 40 a
1327 1211 181 40 serpentibus
1472 1211 169 40 perierunt.
1604 1211 84 40 Ita
1653 1211 96 40 quem
1713 1211 121 40 Paulus
1785 1211 121 40 appella-

1088 1240 182 37 Christum,
1228 1240 126 37 Moses
1313 1240 126 37 vocat
1397 1240 154 37 Angelum
1509 1240 98 37 Dei
1565 1240 70 37 &
1593 1240 154 37 Jehovam
1705 1240 112 37 Deum
1762 1240 154 37 Israelis.

1093 1274 89 40 Hoc
1144 1274 114 40 notat
1220 1274 152 40 Iustinus
1334 1274 127 40 Martyr
1422 1274 139 40 Dialogo
1523 1274 89 40 cum
1574 1274 152 40 Ttyphone
1688 1274 139 40 Judaeo,
1789 1274 101 40 pag.
1840 1274 63 40 du-

1096 1306 135 42 centes.
1194 1306 135 42 triges.
1292 1306 135 42 quarta:
1390 1306 61 42 &
1414 1306 159 42 Cyprianus
1536 1306 122 42 Martyr
1622 1306 208 42 Testimoniorum
1794 1306 110 42 libro
1855 1306 61 42 se-

1099 1340 100 46 cundo
1165 1340 133 46 adversus
1265 1340 133 46 Judaeos,
1365 1340 89 46 cap.
1410 1340 44 46 6.

1121 1373 311 38 DECIMUMTERTIUM,
1382 1373 164 38 Psalm.
1497 1373 114 38 47.
1562 1373 98 38 6.
1611 1373 213 38 Adscendit
1775 1373 131 38 Deus
1840 1373 82 38 cum

1105 1400 130 50 langore
1200 1400 118 50 Iehova
1283 1400 83 50 cum
1330 1400 95 50 sono
1389 1400 154 50 buccinae.
1507 1400 83 50 Cui
1554 1400 166 50 πuργλληλον
1685 1400 83 50 est
1732 1400 118 50 Psalm.
1815 1400 83 50 68.
1850 1400 71 50 ver-

1108 1446 80 33 18,
1153 1446 80 33 19,
1199 1446 80 33 20.
1245 1446 126 33 Curruum
1337 1446 80 33 Dei
1383 1446 92 33 duae
1440 1446 92 33 sunt
1497 1446 149 33 myriades,
1612 1446 115 33 millia
1692 1446 183 33 multiplicia:
1830 1446 80 33 Domi-

1092 1479 81 40 nus
1139 1479 81 40 cum
1185 1479 105 40 illis
1255 1479 93 40 est,
1313 1479 128 40 Dominus
1406 1479 105 40 Sinai
1476 1479 70 40 in
1511 1479 163 40 sanctuario
1639 1479 151 40 habitans.
1755 1479 151 40 Ascendens
1860 1479 46 40 i1

1106 1510 134 33 sublime,
1206 1510 134 33 captivam
1307 1510 123 33 fecisti
1396 1510 156 33 captivorum
1519 1510 190 33 multitudinem,
1675 1510 134 33 accipies
1776 1510 123 33 dedisti
1854 1510 56 33 do-

1105 1544 68 35 na
1139 1544 159 35 hominibus:
1264 1544 102 35 etiam
1332 1544 136 35 rebelles
1434 1544 148 35 habitando
1548 1544 136 35 captivos
1650 1544 114 35 facis,
1729 1544 80 35 Iah
1775 1544 102 35 Deus.
1832 1544 80 35 Bene-

1102 1574 110 39 dictus
1179 1574 132 39 Dominus,
1277 1574 77 39 qui
1321 1574 132 39 quotidie
1420 1574 110 39 onerat
1497 1574 77 39 nos
1540 1574 110 39 donis;
1617 1574 88 39 Deus
1672 1574 88 39 ille
1727 1574 110 39 fortis
1803 1574 99 39 salus
1858 1574 55 39 no-

1104 1610 93 37 stra
1162 1610 232 37 excellentissime.
1360 1610 139 37 Christus
1465 1610 105 37 autem
1534 1610 81 37 est
1581 1610 70 37 is
1616 1610 81 37 qui
1662 1610 151 37 adscendit
1779 1610 70 37 in
1813 1610 116 37 coelum
1883 1610 35 37 &

1111 1644 94 39 lona
1170 1644 82 39 dat
1217 1644 164 39 hominibus,
1345 1644 70 39 ut
1381 1644 117 39 Paulus
1462 1644 199 39 interpretatur
1626 1644 117 39 Ephes.
1708 1644 70 39 4.
1743 1644 70 39 7,
1779 1644 70 39 8.
1802 1644 117 39 Christus

1107 1672 117 52 igitur
1189 1672 82 52 est
1236 1672 82 52 is,
1283 1672 94 52 quem
1341 1672 129 52 Psaltes
1435 1672 140 52 absolute
1540 1672 105 52 vocat
1599 1672 70 52 Deum

1136 1709 146 41 DECIMUM
1242 1709 160 41 QUARTUM,
1362 1709 106 41 Jes.
1429 1709 80 41 7.
1468 1709 80 41 v.
1508 1709 93 41 14.
1562 1709 67 41 &
1588 1709 80 41 c.
1628 1709 80 41 8.
1668 1709 80 41 v.
1708 1709 80 41 8.
1748 1709 67 41 &
1775 1709 93 41 10.
1815 1709 106 41 Filiuo

1095 1741 84 43 Dei
1143 1741 132 43 vocatur
1239 1741 156 43 Immanuel,
1359 1741 72 43 id
1395 1741 96 43 est,
1455 1741 144 43 nobiscum
1564 1741 108 43 Deus:
1636 1741 72 43 id
1672 1741 72 43 de
1708 1741 132 43 Christo
1792 1741 132 43 interpre-

1111 1779 92 42 atur
1168 1779 126 42 Angelus
1260 1779 126 42 Domini,
1351 1779 115 42 Matth.
1431 1779 69 42 1.
1466 1779 69 42 v.
1489 1779 57 42 23.

1135 1805 260 45 DECIMUMQUINTUM,
1354 1805 110 45 Jes.
1423 1805 82 45 9.
1464 1805 82 45 v.
1505 1805 82 45 6.
1546 1805 110 45 Puer
1615 1805 123 45 natus
1697 1805 96 45 est
1752 1805 123 45 nobis
1834 1805 68 45 &
1848 1805 68 45 fi-

1095 1837 93 44 lius
1153 1837 104 44 datus
1223 1837 81 44 est
1269 1837 116 44 nobis,
1350 1837 104 44 cuius
1420 1837 116 44 humero
1501 1837 104 44 adest
1570 1837 174 44 principatus
1709 1837 104 44 ipse,
1779 1837 104 44 cuius
1837 1837 81 44 nomen

1100 1878 113 36 vocat
1176 1878 126 36 (nempe
1264 1878 126 36 Jehova
1352 1878 214 36 Jadmirabilem,
1528 1878 214 36 consiliarium,
1704 1878 101 36 Deum
1767 1878 138 36 fortem,
1855 1878 63 36 Pa-

1096 1910 88 37 trem
1151 1910 187 37 aeternitatis,
1305 1910 143 37 Principem
1415 1910 110 37 pacis.
1492 1910 77 37 Hic
1535 1910 110 37 aperte
1612 1910 110 37 filius
1689 1910 121 37 dicitur
1777 1910 88 37 Deus
1821 1910 88 37 fortis

1100 1941 168 38 Excipiunt
1229 1941 129 38 quidem
1319 1941 142 38 Judaei,
1423 1941 116 38 nomen
1500 1941 116 38 istud
1578 1941 90 38 cum
1629 1941 232 38 praecedentibus
1823 1941 77 38 de
1848 1941 65 38 Deo

1098 1973 104 36 Patre
1168 1973 209 36 intelligendum,
1342 1973 81 36 qui
1388 1973 116 36 Filium
1470 1973 81 36 sit
1516 1973 151 36 vocaturus
1632 1973 151 36 Principem
1748 1973 116 36 pacis:
1829 1973 81 36 ita
1864 1973 58 36 ex-

1104 2008 95 34 tor
1159 2008 176 34 nominibus
1294 2008 136 34 unicum
1389 2008 176 34 solummodo
1525 2008 68 34 &
1552 2008 149 34 ultimum
1660 2008 81 34 ei
1701 2008 203 34 relinquunt.
1850 2008 68 34 Sed

1104 2041 131 40 frustra
1199 2041 179 40 refragantur
1343 2041 83 40 tam
1390 2041 119 40 aperto
1474 2041 179 40 testimonio,
1617 2041 72 40 in
1653 2041 83 40 quo
1700 2041 119 40 absque
1784 2041 95 40 ulla
1832 2041 83 40 causa

1103 2077 62 36 &
1127 2077 186 36 necessitate
1276 2077 87 36 tot
1325 2077 148 36 epitheta
1437 2077 74 36 in
1474 2077 99 36 Deum
1536 2077 124 36 Patrem
1622 2077 148 36 congesta
1733 2077 136 36 essent,
1820 2077 99 36 contra

1110 2110 184 37 propositum
1255 2110 79 37 ac
1294 2110 132 37 scopum
1386 2110 184 37 Prophetae,
1531 2110 92 37 qui
1584 2110 119 37 regem
1663 2110 145 37 Messiam
1755 2110 158 37 insignibus

1091 2139 99 40 notis
1157 2139 110 40 ornate
1234 2139 55 40 &
1256 2139 66 40 ab
1289 2139 99 40 aliis
1354 2139 154 40 discernere
1475 2139 121 40 voluit.

1123 2171 267 52 DECIMUMSEXTUM,
1346 2171 119 52 Jes.
1420 2171 104 52 25.
1479 2171 89 52 v.
1524 2171 89 52 9.
1569 2171 178 52 Ecclesia
1702 2171 89 52 de
1747 2171 119 52 Rege
1806 2171 104 52 Messi

1097 2205 109 41 dicit:
1173 2205 87 41 Ecce
1227 2205 87 41 Deus
1282 2205 109 41 noster
1358 2205 76 41 hic
1401 2205 87 41 est,
1455 2205 163 41 exspectamus
1586 2205 87 41 eum,
1640 2205 54 41 &
1662 2205 109 41 servat
1737 2205 87 41 nos:
1792 2205 76 41 hic
1835 2205 76 41 est
1868 2205 54 41 Ie-

1092 2239 101 37 hova
1155 2239 101 37 quem
1218 2239 201 37 exspectamus,
1382 2239 214 37 exsultabimus,
1557 2239 63 37 &
1583 2239 176 37 laetabimur
1721 2239 75 37 de
1759 2239 126 37 salute
1834 2239 88 37 eius.

1092 2275 128 47 Particu
1185 2275 70 47 ae
1220 2275 209 47 demonstrativae
1395 2275 151 47 repetitae
1511 2275 81 47 non
1558 2275 93 47 alio
1616 2275 116 47 sinunt
1697 2275 81 47 hoc
1744 2275 116 47 trahi,
1825 2275 93 47 quam
1871 2275 47 47 ad

1096 2310 114 37 regem
1173 2310 153 37 Messiam,
1287 2310 76 37 de
1325 2310 89 37 quo
1376 2310 153 37 Propheta
1478 2310 165 37 vaticinatur

1117 2338 309 49 DECIMUMSEPTIMUM,
1379 2338 123 49 Jes.
1456 2338 108 49 40.
1518 2338 93 49 3.
1564 2338 123 49 Voce
1641 2338 216 49 clamantis,
1811 2338 93 49 in
1842 2338 77 49 de-

1099 2369 104 47 serto
1169 2369 116 47 parate
1250 2369 93 47 viam
1308 2369 139 47 Iehovae;
1412 2369 151 47 adaequate
1528 2369 70 47 in
1563 2369 162 47 solitudine
1690 2369 127 47 aggerem
1783 2369 81 47 Deo
1818 2369 104 47 nostro.

1102 2409 217 36 Quemadmodum
1275 2409 130 36 illum
1362 2409 188 36 praeconem
1506 2409 188 36 clamantem
1651 2409 116 36 voce
1723 2409 116 36 esse
1781 2409 144 36 Johannem

1094 2445 185 40 Baptistam:
1239 2445 93 40 ita
1292 2445 106 40 hunc
1358 2445 159 40 Jehovam,
1477 2445 106 40 hunc
1543 2445 106 40 Deum
1610 2445 145 40 nostrum
1715 2445 106 40 esse
1782 2445 132 40 Filium
1861 2445 66 40 Dei

1095 2479 155 31 Christum
1211 2479 142 31 Dominum
1315 2479 116 31 docet
1392 2479 142 31 Angelus
1496 2479 142 31 Gabriel
1599 2479 103 31 Luc.
1664 2479 78 31 1.
1702 2479 78 31 v.
1741 2479 78 31 6,
1780 2479 90 31 17.
1819 2479 103 31 Multos

1096 2513 146 37 filiorum
1206 2513 122 37 Israel
1291 2513 159 37 convertet
1413 2513 73 37 ad
1449 2513 134 37 Dominum
1547 2513 98 37 Deum
1608 2513 146 37 ipsorum.
1718 2513 85 37 Nam
1766 2513 98 37 ipse
1815 2513 110 37 praece-

1109 2544 77 42 det
1153 2544 66 42 in
1186 2544 143 42 conspectu
1296 2544 99 42 eius,
1361 2544 77 42 cum
1405 2544 121 42 spiritu
1493 2544 55 42 &
1515 2544 121 42 virtute
1603 2544 99 42 Elia,
1669 2544 66 42 ut
1702 2544 143 42 convertat
1811 2544 99 42 corda
1866 2544 55 42 pa-

1093 2577 94 40 trum
1152 2577 71 40 in
1187 2577 129 40 filios,
1281 2577 59 40 &
1305 2577 141 40 rebelles
1411 2577 71 40 ad
1446 2577 165 40 prudentiam
1575 2577 153 40 iustorum:
1693 2577 71 40 ut
1728 2577 106 40 paret
1799 2577 118 40 Domino
1869 2577 59 40 po-

1098 2612 114 39 pulum
1174 2612 190 39 instructum.
1326 2612 114 39 Docet
1402 2612 165 39 Zacharias
1529 2612 114 39 pater
1605 2612 152 39 Johannis
1719 2612 165 39 Baptistae
1833 2612 89 39 eodem

1094 2647 70 41 c.
1129 2647 70 41 v.
1164 2647 82 41 76.
1211 2647 70 41 Tu
1246 2647 93 41 vero
1304 2647 140 41 puerule,
1409 2647 140 41 Propheta
1514 2647 151 41 Altissimi
1630 2647 163 41 vocaberis:
1758 2647 140 41 praeibis
1851 2647 70 41 enim

1095 2681 96 46 ante
1155 2681 119 46 faciem
1238 2681 131 46 Domini,
1334 2681 72 46 ut
1370 2681 108 46 pares
1442 2681 96 46 vias
1489 2681 72 46 ejus

1131 2709 276 41 DECIMUMOCTAVUM,
1364 2709 131 41 Jesa.
1451 2709 102 41 52.
1509 2709 87 41 7.
1553 2709 116 41 Quam
1626 2709 174 41 speciosi
1757 2709 116 41 sunt
1829 2709 131 41 super

1101 2741 104 41 istos
1171 2741 116 41 montes
1252 2741 104 41 pedes
1322 2741 220 41 evangelizantis,
1507 2741 197 41 pronunciantis
1670 2741 116 41 pacem,
1739 2741 186 41 evangilizantis

1095 2777 122 40 bonum,
1180 2777 207 40 pronunciantis
1351 2777 146 40 salutem:
1461 2777 146 40 dicentis
1570 2777 122 40 Thoni,
1656 2777 122 40 regnat
1741 2777 98 40 Deus
1802 2777 110 40 tuust
1863 2777 61 40 Hoc

1102 2816 95 35 quid
1161 2816 107 35 aliud
1233 2816 95 35 est,
1292 2816 95 35 quam
1351 2816 95 35 quod
1411 2816 154 35 Apostolus
1529 2816 119 35 Petrus
1612 2816 107 35 dicit
1684 2816 119 35 Actor.
1767 2816 71 35 2.
1802 2816 83 35 36.
1838 2816 83 35 Certo

1100 2845 115 34 sciat
1177 2845 102 34 tota
1241 2845 115 34 domus
1317 2845 153 34 Israelis
1432 2845 102 34 quod
1496 2845 102 34 Deus
1560 2845 102 34 hunc
1624 2845 140 34 fecerit
1726 2845 140 34 Dominum
1828 2845 64 34 &
1841 2845 89 34 Chri-

1094 2878 108 40 stum,
1166 2878 96 40 hunc
1226 2878 120 40 ipsum,
1309 2878 132 40 inquam,
1405 2878 120 40 Iesum,
1489 2878 96 40 quem
1548 2878 84 40 vos
1596 2878 215 40 crucifixistis?
1776 2878 96 40 Quod
1823 2878 108 40 evincit

1099 2913 62 40 &
1123 2913 185 40 testimonium
1271 2913 111 40 Pauli
1345 2913 99 40 Rom.
1407 2913 74 40 10
1444 2913 62 40 v
1468 2913 86 40 15,
1505 2913 62 40 16.

1137 2940 93 42 Haec
1195 2940 58 42 &
1219 2940 128 42 similia
1312 2940 174 42 testimonia,
1451 2940 70 42 in
1486 2940 116 42 quibus
1567 2940 105 42 fides
1637 2940 116 42 nostra
1718 2940 93 42 tuto
1776 2940 174 42 acquiescit,

1099 2978 163 41 perspicue
1225 2978 138 41 docent,
1325 2978 125 41 Filium
1413 2978 88 41 Dei
1463 2978 188 41 simpliciter
1614 2978 63 41 &
1639 2978 150 41 absolute
1751 2978 100 41 dici
1814 2978 113 41 Deum:
1877 2978 50 41 de

1102 3013 120 37 quibus
1186 3013 132 37 omnibus
1282 3013 108 37 illud
1353 3013 144 37 Iraenaei
1461 3013 144 37 Martyris
1569 3013 108 37 libro
1641 3013 120 37 tertio
1724 3013 144 37 adversus
1820 3013 96 37 haere-

1107 3052 87 37 les
1156 3052 99 37 cap.
1218 3052 62 37 6
1243 3052 161 37 notandum:
1367 3052 112 37 Neque
1442 3052 149 37 Dominus,
1554 3052 112 37 neque
1628 3052 149 37 Spiritus
1740 3052 149 37 Sanctus,
1839 3052 87 37 neque

1102 3085 142 40 Apostoli
1209 3085 95 40 eum,
1268 3085 83 40 qui
1315 3085 83 40 non
1363 3085 83 40 est
1410 3085 95 40 Deus
1469 3085 166 40 definitive
1599 3085 59 40 &
1623 3085 142 40 absolute
1730 3085 95 40 Deum
1777 3085 154 40 nominassent

1112 3111 149 43 iliquando,
1229 3111 85 43 nisi
1282 3111 96 43 esset
1346 3111 96 43 verus
1399 3111 64 43 Deus

1137 3138 104 45 Nunc
1202 3138 195 45 subjicienda
1358 3138 104 45 sunt
1423 3138 195 45 testimonia,
1580 3138 78 45 in
1619 3138 130 45 quibus
1710 3138 156 45 absolute
1814 3138 117 45 nomina-

1096 3180 96 37 tur
1151 3180 69 37 &
1179 3180 151 37 dicitur
1289 3180 110 37 esse
1358 3180 151 37 JEHOVA;
1468 3180 110 37 unde
1537 3180 83 37 in
1578 3180 110 37 hunc
1647 3180 124 37 modum
1716 3180 206 37 argumentamur.

1096 3213 114 54 Iehova
1175 3213 80 54 est
1221 3213 103 54 verus
1289 3213 114 54 natura
1369 3213 103 54 Deus,
1438 3213 114 54 Filius
1518 3213 80 54 Dei
1563 3213 80 54 est
1609 3213 125 54 Iehovai
1700 3213 91 54 Ergo
1757 3213 114 54 Filius
1837 3213 80 54 Dei
1871 3213 57 54 est
