2063 3484
235 146 103 52 QUA
294 146 117 52 RTUM
367 146 206 52 Argumentum
529 146 176 52 Deitatis
661 146 162 52 Christi
779 146 162 52 ducimus
896 146 88 52 ab
926 146 117 52 attri-

203 189 111 46 buri:
277 189 99 46 soli
338 189 99 46 vero
400 189 123 46 natura
487 189 86 46 Deo
524 189 197 46 competentibus.

242 213 82 51 Qui
289 213 82 51 est
336 213 153 51 aeternus,
454 213 176 51 omnipotens,
595 213 118 51 ubique
677 213 153 51 praesens,
795 213 165 51 omniscius,
924 213 71 51 in
947 213 71 51 quem

208 258 175 47 credendum,
346 258 75 47 in
384 258 113 47 cujus
459 258 113 47 nomen
534 258 188 47 baptizamur,
684 258 88 47 qui
734 258 88 47 est
785 258 175 47 invocandus
922 258 75 47 ab
947 258 63 47 An-

227 287 101 45 telis
294 287 56 45 &
316 287 145 45 hominibus
428 287 56 45 &
451 287 67 45 in
484 287 112 45 secula
562 287 157 45 laudandus,
686 287 78 45 cui
730 287 145 45 religiosa
842 287 145 45 servitute
943 287 67 45 ser-

208 317 135 51 viendum,
309 317 101 51 cujus
377 317 124 51 propria
467 317 79 51 est
512 317 146 51 Ecclesia,
625 317 79 51 qui
670 317 135 51 tentatus
771 317 79 51 est
816 317 56 51 a
839 317 113 51 populo
906 317 113 51 Israeli-

218 355 84 47 tico
271 355 63 47 in
303 355 126 47 deserto,
398 355 95 47 cujus
461 355 116 47 gloriam
545 355 95 47 vidit
608 355 116 47 Jesaias
693 355 84 47 cap.
745 355 63 47 6.
777 355 116 47 versic.
861 355 63 47 1.
893 355 74 47 cui
925 355 84 47 praepa

217 388 110 47 tranda
294 388 88 47 fuit
349 388 77 47 via
393 388 66 47 in
427 388 121 47 deserto
515 388 55 47 a
537 388 88 47 voce
592 388 132 47 clamante
691 388 99 47 Jesa.
757 388 77 47 40.
801 388 99 47 vers.
868 388 66 47 3.
901 388 77 47 qui
934 388 88 47 factus

210 421 73 43 est
251 421 94 43 lapis
314 421 157 43 offendiculi
440 421 115 43 Judaeis
523 421 94 43 Jesa.
586 421 63 43 8.
617 421 94 43 vers.
680 421 73 43 24.
722 421 73 43 qui
764 421 146 43 aestimatus
879 421 73 43 est
920 421 52 43 a
931 421 94 43 Judaeis

214 452 135 53 triginta
315 452 146 53 argenteis
427 452 101 53 Zach.
494 452 78 53 11.
539 452 67 53 v.
573 452 123 53 duodec,
662 452 56 53 &
685 452 157 53 decimoter.
808 452 78 53 qui
853 452 78 53 est
898 452 67 53 is
931 452 67 53 ad
954 452 67 53 quem

223 486 149 45 respicient
340 486 85 45 quem
394 486 181 45 transfixerunt
543 486 96 45 Zach.
607 486 75 45 12.
649 486 64 45 v.
681 486 75 45 10.
724 486 75 45 qui
766 486 75 45 est
809 486 64 45 is
841 486 75 45 cui
883 486 138 45 flectetur
979 486 32 45 o

218 529 84 36 mne
266 529 96 36 genu
326 529 96 36 Jes.
387 529 84 36 45.
435 529 72 36 v.
471 529 84 36 23.
519 529 108 36 cujus
591 529 108 36 domus
664 529 96 36 fuit
724 529 133 36 templum
808 529 205 36 Jerosolymitanum

220 554 88 53 Jes.
275 554 77 53 56.
319 554 66 53 5.
352 554 66 53 7.
385 554 77 53 qui
429 554 110 53 vestes
506 554 99 53 habet
572 554 132 53 sanguine
670 554 143 53 respersas
780 554 66 53 eo
813 554 88 53 quod
868 554 132 53 torcular
956 554 66 53 cal-

218 596 97 42 cavit
283 596 97 42 solus
347 596 97 42 Jesa.
412 596 75 42 63.
455 596 65 42 1,
487 596 65 42 2,
519 596 65 42 3.
552 596 75 42 qui
595 596 97 42 sedet
659 596 65 42 ad
692 596 129 42 dexteram
788 596 86 42 Dei:
842 596 65 42 is
874 596 97 42 verus
939 596 86 42 est:
982 596 43 42 a-

217 625 98 46 tura
278 625 111 46 Deus.
352 625 86 46 Cui
401 625 98 46 enim
463 625 172 46 tribuuntur
598 625 135 46 propria
696 625 160 46 attributa
819 625 98 46 veri
880 625 86 46 Dei
917 625 111 46 natura,

219 656 84 48 eum
267 656 96 48 esse
327 656 108 48 verum
399 656 96 48 Deum
459 656 120 48 natura
544 656 132 48 necesse
628 656 72 48 est.

259 684 70 51 At
294 684 116 51 Filius
376 684 82 51 Dei
422 684 82 51 est
469 684 151 51 aeternus,
585 684 175 51 omnipotens,
725 684 116 51 ubique
807 684 151 51 praesens,
912 684 116 51 omnisci-

217 730 85 40 us,
265 730 73 40 in
302 730 85 40 eum
351 730 85 40 est
399 730 170 40 credendum,
533 730 73 40 in
569 730 97 40 ejus
630 730 109 40 nomen
703 730 182 40 baptizamur,
849 730 85 40 est
885 730 146 40 invocandus

231 760 74 42 ab
268 760 137 42 Angelis
367 760 62 42 &
392 760 174 42 hominibus,
528 760 74 42 ei
566 760 161 42 religiosa
690 760 161 42 servitute
814 760 186 42 serviendum,
951 760 74 42 ejus

220 789 120 50 propria
307 789 76 50 est
351 789 142 50 Ecclesia,
460 789 87 50 ipse
515 789 131 50 tentatus
613 789 76 50 est
657 789 55 50 a
679 789 109 50 populo
755 789 87 50 Isr:
810 789 120 50 elitico
897 789 66 50 in
919 789 109 50 desertos

220 825 91 43 eju;
276 825 125 43 gloriam
367 825 102 43 vidit
436 825 136 43 Jesaias,
538 825 91 43 ipsi
595 825 159 43 praeparata
720 825 80 43 est
765 825 80 43 via
811 825 57 43 a
834 825 91 43 voce
891 825 136 43 clamante
982 825 45 43 in

230 858 130 45 deserto,
328 858 87 45 ipse
382 858 109 45 factus
458 858 76 45 est
502 858 98 45 lavis
567 858 163 45 offendituli
697 858 130 45 Judaeis,
795 858 163 45 appretiatus
925 858 65 45 ab
947 858 87 45 iisdem

223 899 139 34 triginta
328 899 151 34 atgenteis
443 899 69 34 ad
478 899 104 34 ipsum
548 899 93 34 resp
606 899 104 34 cient
675 899 93 34 quem
733 899 208 34 transfixerunt,
907 899 69 34 ei
930 899 104 34 flecti-

226 923 84 46 tur
274 923 96 46 omne
334 923 108 46 genu,
407 923 120 46 ipsius
491 923 108 46 domus
563 923 96 46 fiut
623 923 133 46 templum
720 923 241 46 Jerosolymitanum,
925 923 96 46 ipse
973 923 48 46 in

235 963 102 41 dutus
303 963 79 41 est
348 963 136 41 vestibus
450 963 136 41 sanguine
552 963 147 41 respersis
665 963 68 41 eo
699 963 91 41 quod
755 963 136 41 torcular
857 963 136 41 calcavit
948 963 79 41 solus

229 1001 53 34 &c.

273 1017 92 52 Ergo
331 1017 116 52 Filius
412 1017 81 52 Dei
458 1017 81 52 est
505 1017 116 52 natura
585 1017 104 52 verus
643 1017 81 52 Deus.

267 1055 142 59 Assumtio
374 1055 118 59 itidem
456 1055 118 59 multis
539 1055 130 59 membris
633 1055 142 59 constat,
740 1055 95 59 quae
799 1055 118 59 ordine
881 1055 130 59 singula
964 1055 71 59 pro

223 1093 136 46 babimus

283 1122 56 49 .
305 1122 90 49 Quod
362 1122 136 49 Christus
463 1122 113 49 Filius
542 1122 79 49 Dei
588 1122 79 49 sit
633 1122 147 49 aeternus,
746 1122 102 49 patet
813 1122 113 49 primo;
892 1122 90 49 quia
949 1122 79 49 est
983 1122 45 49 Al

246 1158 80 45 pha
291 1158 57 45 &
314 1158 115 45 Omega,
395 1158 160 45 principium
521 1158 57 45 &
544 1158 115 45 finis,
624 1158 115 45 primus
704 1158 92 45 ille
761 1158 57 45 &
784 1158 126 45 ultimus
876 1158 103 45 ille,
933 1158 92 45 quemao

244 1196 109 35 modum
317 1196 134 35 ipsemet
414 1196 146 35 testatur
523 1196 122 35 Apocal
609 1196 73 35 1.
645 1196 73 35 8.
681 1196 85 35 Ego
730 1196 85 35 sum
779 1196 109 35 Alpha
852 1196 61 35 &
876 1196 122 35 Omega,
949 1196 85 35 prin-

247 1226 114 42 cipium
326 1226 57 42 &
349 1226 114 42 sinis,
429 1226 103 42 dicit
497 1226 137 42 Dominus,
600 1226 80 42 Qui
646 1226 80 42 est
691 1226 57 42 &
714 1226 80 42 qui
759 1226 91 42 erat
816 1226 57 42 &
839 1226 80 42 qui
885 1226 137 42 venturus
976 1226 57 42 est

244 1264 90 35 ille
300 1264 169 35 omnipotens.
435 1264 68 35 Et
469 1264 68 35 ne
503 1264 90 35 quis
559 1264 101 35 neget
626 1264 68 35 de
660 1264 90 35 Jesu
717 1264 124 35 Christo
807 1264 90 35 haec
863 1264 101 35 dicta
930 1264 101 35 esse,
987 1264 56 35 mox

250 1295 86 35 idem
304 1295 97 35 multo
369 1295 151 35 expressius
487 1295 65 35 de
519 1295 65 35 se
552 1295 75 35 ait
595 1295 65 35 v.
627 1295 75 35 17,
670 1295 75 35 18.
713 1295 75 35 Ego
756 1295 75 35 sum
799 1295 108 35 primus
875 1295 86 35 ille
928 1295 54 35 &
939 1295 97 35 ultimus

244 1325 97 39 ille:
309 1325 54 39 &
331 1325 76 39 qui
374 1325 97 39 vivo,
439 1325 76 39 sed
482 1325 76 39 fui
525 1325 130 39 mortuus,
622 1325 54 39 &
644 1325 86 39 ecce
698 1325 86 39 vivo
752 1325 65 39 in
785 1325 108 39 sacula
860 1325 151 39 seculorum,
968 1325 76 39 Amen.

251 1358 142 40 Similiter
360 1358 65 40 c.
393 1358 76 40 22.
437 1358 76 40 13.
480 1358 87 40 Ecce
535 1358 98 40 venio
600 1358 98 40 cito:
666 1358 55 40 &
688 1358 109 40 merces
764 1358 76 40 mea
808 1358 98 40 mecum
873 1358 87 40 est,
928 1358 65 40 ut
950 1358 87 40 reddam

246 1397 152 39 unicuique
363 1397 105 39 prout
433 1397 93 39 opus
491 1397 117 39 ipsius
573 1397 105 39 erit:
643 1397 82 39 Ego
690 1397 82 39 sum
737 1397 105 39 Alpha
807 1397 58 39 &
830 1397 117 39 Omega,
900 1397 140 39 principium

247 1424 55 44 &
269 1424 111 44 finis,
347 1424 111 44 primus
424 1424 55 44 &
446 1424 133 44 ultimus.
546 1424 78 44 Sic
591 1424 144 44 ostendit,
701 1424 67 44 se
735 1424 89 44 esse
790 1424 122 44 Jehovam
879 1424 78 44 qui
923 1424 100 44 Jesa.
979 1424 55 44 41.

254 1463 61 43 4.
284 1463 121 43 loquitur

274 1491 118 45 Deinde
357 1491 94 45 idem
415 1491 106 45 patet
486 1491 71 45 ex
521 1491 82 45 his
568 1491 188 45 testimoniis,
721 1491 141 45 Proverb.
827 1491 71 45 8.
863 1491 82 45 22.
910 1491 59 45 &
921 1491 118 45 sequenti

241 1524 89 38 bus,
296 1524 78 38 ubi
341 1524 78 38 ait
385 1524 111 38 Filius
463 1524 78 38 Dei
507 1524 78 38 qui
552 1524 78 38 est
596 1524 122 38 aeterna
685 1524 78 38 Dei
729 1524 155 38 sapientia:
851 1524 111 38 Iehova
929 1524 133 38 possedit

247 1557 66 37 me
280 1557 144 37 principto
391 1557 88 37 viae
446 1557 100 37 suae,
512 1557 88 37 ante
568 1557 100 37 opera
634 1557 88 37 sua,
689 1557 88 37 ante
744 1557 100 37 ullum
811 1557 122 37 tempus.
899 1557 88 37 Ante
943 1557 100 37 seculum

244 1597 121 36 inuncta
332 1597 88 36 fui,
387 1597 88 36 ante
442 1597 165 36 principium,
573 1597 88 36 ante
628 1597 143 36 primordia
738 1597 121 36 terrae.
826 1597 88 36 Quum
880 1597 110 36 nullae
946 1597 99 36 esseat.

245 1630 115 38 abyssi,
328 1630 105 38 genita
402 1630 84 38 sum:
454 1630 84 38 quum
507 1630 94 38 aulli
570 1630 105 38 essent
643 1630 105 38 fontes
717 1630 105 38 graves
790 1630 105 38 aquis,
864 1630 63 38 &c
895 1630 84 38 Joh.
948 1630 63 38 1.
979 1630 63 38 v.
1000 1630 42 38 1.

253 1656 70 43 In
288 1656 152 43 principio
405 1656 94 43 erat
464 1656 105 43 Sermo
534 1656 105 43 ille:
604 1656 94 43 Unde
663 1656 82 43 sic
710 1656 176 43 colligimus:
850 1656 82 43 Qui
897 1656 70 43 in
920 1656 129 43 principic

242 1692 118 40 mundi
320 1692 92 40 non
373 1692 131 40 coepit
464 1692 118 40 demum
543 1692 118 40 esse,
621 1692 92 40 sed
674 1692 92 40 jam
726 1692 92 40 tum
778 1692 118 40 ERAT,
857 1692 92 40 jam
909 1692 92 40 tum
948 1692 92 40 subsi

252 1727 128 42 stebat;
345 1727 70 42 is
380 1727 140 42 profecto
485 1727 81 42 est
531 1727 70 42 ab
566 1727 140 42 aeterno.
671 1727 70 42 At
706 1727 105 42 Sermo
776 1727 93 42 ille
834 1727 70 42 in
869 1727 151 42 principio
973 1727 70 42 mund

249 1761 83 47 non
296 1761 118 47 coepit
379 1761 106 47 demum
450 1761 106 47 esse,
521 1761 83 47 sed
568 1761 83 47 jam
615 1761 83 47 tum
662 1761 106 47 ERAT,
733 1761 83 47 jam
780 1761 83 47 tum
828 1761 189 47 subsistebat:
981 1761 83 47 Er

253 1789 65 53 go
286 1789 97 53 Sermo
350 1789 86 53 ille
404 1789 76 53 est
447 1789 65 53 ab
469 1789 108 53 aeteruo.

286 1815 151 46 Objicitur
402 1815 70 46 I.
437 1815 81 46 Qui
484 1815 81 46 hat
530 1815 70 46 et
565 1815 174 46 principium,
704 1815 81 46 non
750 1815 81 46 est
797 1815 139 46 aternus:
901 1815 116 46 Filius
971 1815 81 46 habet

249 1859 163 46 principium
378 1859 93 46 Ergo
436 1859 82 46 non
482 1859 82 46 est
517 1859 117 46 aternus.

282 1886 118 41 RESP.
361 1886 118 41 Major
439 1886 92 41 est
492 1886 223 41 distinguenda:
675 1886 92 41 Qui
727 1886 118 41 habet
806 1886 197 41 principium,
950 1886 92 41 nemp.

253 1921 147 38 essentiae
366 1921 57 38 &
388 1921 147 38 temporis.
501 1921 68 38 i;
535 1921 79 38 non
580 1921 79 38 est
626 1921 147 38 aeternus:
739 1921 68 38 At
773 1921 113 38 Filium
852 1921 113 38 habere
919 1921 136 38 principium

243 1961 157 41 essentiae
364 1961 60 41 &
388 1961 145 41 temporis
496 1961 145 41 negatur:
605 1961 109 41 habet
677 1961 96 41 enim
737 1961 121 41 tantum
822 1961 133 41 persone
906 1961 145 41 principium

252 1994 94 40 quod
311 1994 82 40 est
358 1994 117 40 Pater.
439 1994 58 40 &
463 1994 129 40 ordinis
545 1994 140 40 principium

281 2018 178 40 Objicitur
418 2018 96 40 II.
473 2018 109 40 Srmo
541 2018 96 40 cum
596 2018 123 40 demum
678 2018 150 40 coepit,
787 2018 109 40 quum
856 2018 109 40 Deus
924 2018 82 40 in
951 2018 96 40 mundi

251 2055 131 36 creatione
351 2055 111 36 locutus
432 2055 80 36 est:
482 2055 101 36 Filius
552 2055 70 36 Dei
593 2055 70 36 est
633 2055 90 36 Sermo
693 2055 90 36 illi:
753 2055 90 36 Ergo:
804 2055 50 36 &c.

272 2085 117 48 RESP.
350 2085 143 48 Majorem
454 2085 156 48 negamus:
571 2085 117 48 neque
649 2085 104 48 enim
715 2085 104 48 quia
780 2085 195 48 manifestari
936 2085 130 48 aliqui

247 2125 112 40 certo
321 2125 137 40 tempore
421 2125 75 40 in
458 2125 112 40 ipit,
533 2125 187 40 colligendum
682 2125 162 40 propterea
807 2125 112 40 erat,
882 2125 137 40 nunquam
969 2125 87 40 prius

243 2155 127 35 fuisse.
336 2155 69 35 In
370 2155 104 35 mundi
440 2155 150 35 creatione
555 2155 162 35 patefacere
682 2155 69 35 se
716 2155 115 35 coepit
797 2155 104 35 Sermo
866 2155 104 35 ille,
936 2155 81 35 non
970 2155 81 35 demum

250 2190 162 37 exsistere.
378 2190 93 37 Quin
436 2190 116 37 potius
517 2190 69 37 ex
551 2190 69 37 eo
586 2190 93 37 quod
644 2190 127 37 dicente
737 2190 93 37 Deo,
794 2190 93 37 Fiat
852 2190 93 37 lux,
910 2190 116 37 statim
980 2190 69 37 illa

248 2225 134 35 emersit
345 2225 73 35 in
382 2225 97 35 ipso
443 2225 146 35 momento,
552 2225 85 35 quo
601 2225 110 35 illud
674 2225 97 35 Deus
735 2225 122 35 dixit,
820 2225 146 35 sequitur
917 2225 122 35 Sermonem

245 2251 117 47 illum,
327 2251 82 47 per
374 2251 94 47 quem
433 2251 82 47 lux
480 2251 117 47 creata
562 2251 94 47 est,
620 2251 105 47 multo
691 2251 94 47 ante
749 2251 129 47 fuisse,
843 2251 59 47 &
866 2251 105 47 extra
925 2251 117 47 tempori-

250 2285 136 37 initium
349 2285 99 37 apud
410 2285 99 37 Deum
472 2285 148 37 perpetuo
571 2285 136 37 resedisse

273 2316 81 40 II.
320 2316 93 40 Quod
378 2316 116 40 Filius
459 2316 81 40 Dei
505 2316 81 40 sit
551 2316 174 40 omnipotens,
690 2316 127 40 dicitur
783 2316 104 40 Apoc.
852 2316 69 40 I.
887 2316 69 40 v.
922 2316 69 40 8.
956 2316 81 40 Ego
991 2316 58 40 sum

246 2356 55 32 A
268 2356 55 32 &
290 2356 77 32 e,
334 2356 144 32 principiu
445 2356 55 32 &
467 2356 111 32 finis,
544 2356 100 32 dicit
611 2356 133 32 Dominus,
710 2356 77 32 qui
755 2356 77 32 est
799 2356 55 32 &
821 2356 77 32 qui
865 2356 88 32 erat
920 2356 55 32 &
942 2356 77 32 qui
976 2356 66 32 ven-

252 2388 91 36 turus
313 2388 81 36 est,
363 2388 81 36 ille
414 2388 152 36 omnipotens.
536 2388 81 36 Heb.
586 2388 61 36 1.
617 2388 61 36 3.
647 2388 71 36 Qui
688 2388 81 36 fert
738 2388 91 36 omnia
799 2388 91 36 verbo
860 2388 132 36 potentiae
951 2388 71 36 suae.

287 2420 86 36 III.
341 2420 86 36 Quod
395 2420 75 36 sit
438 2420 107 36 ubique
513 2420 140 36 praesens,
620 2420 107 36 liquet
695 2420 64 36 ex
728 2420 75 36 his
771 2420 107 36 locis.
846 2420 86 36 Joh.
899 2420 64 36 3.
932 2420 64 36 v.
964 2420 75 36 13.
996 2420 43 36 Ne

248 2451 63 46 mo
279 2451 135 46 adscendit
383 2451 63 46 in
414 2451 115 46 caelum,
498 2451 83 46 nisi
550 2451 73 46 qui
591 2451 135 46 descendit
696 2451 63 46 de
727 2451 104 46 caelo,
800 2451 104 46 Filius
873 2451 115 46 hominis
956 2451 73 46 qui
998 2451 73 46 est
1039 2451 63 46 in

245 2484 111 45 caelo.
323 2484 111 45 Matth.
401 2484 78 45 18.
445 2484 89 45 vers
501 2484 78 45 20.
545 2484 145 45 Ubicunque
657 2484 78 45 duo
701 2484 78 45 aut
746 2484 89 45 tres
801 2484 111 45 coacti
879 2484 89 45 sunt
935 2484 67 45 in
957 2484 89 45 nomine

248 2523 87 39 meo,
303 2523 98 39 illic
368 2523 77 39 sum
412 2523 66 39 in
445 2523 98 39 medio
510 2523 109 39 eorum.
587 2523 66 39 Et
620 2523 87 39 cap.
674 2523 77 39 28.
718 2523 87 39 ver.
773 2523 77 39 20.
817 2523 87 39 Ecce
871 2523 77 39 ego
915 2523 131 39 vohiscum
1002 2523 55 39 sum

245 2553 133 45 omnibus
342 2553 121 45 diebus
426 2553 109 45 usque
499 2553 72 45 ad
535 2553 217 45 consummationem
716 2553 133 45 seculi,
813 2553 109 45 Amen.
885 2553 97 45 Joh.
945 2553 85 45 14.
982 2553 60 45 23.

252 2584 70 41 Si
287 2584 93 41 quis
346 2584 128 41 diligit
439 2584 82 41 me,
486 2584 140 41 sermonem
591 2584 93 41 meum
649 2584 152 41 servabit,
765 2584 58 41 &
789 2584 105 41 Pater
859 2584 93 41 meus
917 2584 128 41 diliget
999 2584 58 41 eum

257 2619 63 55 &
283 2619 76 55 ad
321 2619 89 55 eum
371 2619 152 55 veniemus
485 2619 63 55 &
510 2619 101 55 apud
574 2619 89 55 cum
624 2619 164 55 mausionem
751 2619 164 55 faciemus.
877 2619 101 55 Eph.
940 2619 76 55 3.
978 2619 89 55 17.
1016 2619 51 55 Vt

257 2652 128 37 mhabitet
353 2652 128 37 Christus
449 2652 75 37 per
492 2652 96 37 fidem
555 2652 64 37 in
587 2652 128 37 cordibus
673 2652 106 37 vestris.

286 2686 83 46 IV.
334 2686 95 46 Quod
393 2686 83 46 sit
440 2686 166 46 omniscius,
570 2686 130 46 dicitur
665 2686 95 46 Joh.
724 2686 71 46 2.
760 2686 83 46 24.
807 2686 95 46 Ipse
867 2686 107 46 autem
938 2686 107 46 Iesus
997 2686 59 46 non

246 2721 127 41 credehat
342 2721 148 41 semetipsum
458 2721 74 41 eis
501 2721 64 41 eo
533 2721 85 41 quod
586 2721 85 41 ipse
639 2721 106 41 nosset
713 2721 106 41 omnes.
787 2721 64 41 Et
819 2721 74 41 cap
861 2721 64 41 5.
893 2721 64 41 v.
925 2721 74 41 42.
967 2721 74 41 Sed
999 2721 53 41 vos

263 2753 92 42 tovi
320 2753 161 42 charitatem
446 2753 80 42 Dei
492 2753 80 42 non
538 2753 115 42 habere
619 2753 69 42 in
653 2753 115 42 vobis.
733 2753 69 42 Et
768 2753 80 42 16.
814 2753 80 42 30.
860 2753 92 42 Nunc
917 2753 115 42 scimus
986 2753 69 42 quod

256 2781 98 43 scias
321 2781 98 43 omia.
387 2781 65 43 Et
419 2781 76 43 18.
463 2781 65 43 4.
495 2781 98 43 Iesus
561 2781 109 43 itaque
637 2781 109 43 sciens
713 2781 98 43 omnia
778 2781 87 43 quae
833 2781 120 43 ventura
920 2781 98 43 erant
985 2781 98 43 super

253 2819 73 46 se.
294 2819 84 46 Luc.
347 2819 63 46 6.
378 2819 73 46 v8.
420 2819 84 46 Ipse
472 2819 115 46 sciebat
556 2819 167 46 cogitationes
692 2819 105 46 eorum.
765 2819 84 46 Joh.
817 2819 73 46 21.
859 2819 52 46 v
880 2819 63 46 17
912 2819 94 46 Dixit
964 2819 94 46 Petrus.

256 2846 71 39 ad
292 2846 118 39 Jesum,
375 2846 118 39 Domine
458 2846 71 39 tu
493 2846 107 39 omnia
552 2846 95 39 nosti-

293 2885 68 42 V.
327 2885 91 42 Quod
384 2885 68 42 in
418 2885 103 42 ipsum
487 2885 80 42 sit
532 2885 160 42 credendum,
658 2885 160 42 ostenditur
783 2885 91 42 Joh.
841 2885 68 42 3.
875 2885 68 42 v.
909 2885 80 42 36.
955 2885 80 42 Qui
989 2885 57 42 cro

259 2907 76 51 dit
303 2907 65 51 in
335 2907 108 51 Filium
411 2907 98 51 habet
476 2907 98 51 vitam
541 2907 130 51 aternam.
639 2907 65 51 Et
671 2907 65 51 6.
704 2907 65 51 v.
736 2907 76 51 19.
780 2907 76 51 Hoc
823 2907 76 51 est
867 2907 87 51 opus
921 2907 87 51 Dei,
975 2907 65 51 ut
997 2907 54 51 cre

260 2947 100 44 datis
327 2947 100 44 ineum
394 2947 89 44 quem
449 2947 100 44 misit
516 2947 100 44 ille.
583 2947 67 44 Et
616 2947 89 44 cap.
672 2947 78 44 12.
717 2947 78 44 36.
761 2947 78 44 Dum
806 2947 100 44 lucem
873 2947 134 44 habetis,
962 2947 89 44 credit

266 2976 59 51 in
296 2976 99 51 lucem,
365 2976 59 51 ut
394 2976 89 51 filit
453 2976 89 51 lucis
513 2976 108 51 fiatis.
592 2976 59 51 Et
621 2976 69 51 14.
661 2976 59 51 v.
690 2976 59 51 1.
720 2976 59 51 Ne
749 2976 118 51 turbator
838 2976 69 51 cor
878 2976 118 51 vestrum:
956 2976 99 51 creditis

272 3014 67 37 in
305 3014 100 37 Deum,
372 3014 100 37 atiom
439 3014 67 37 in
472 3014 67 37 me
494 3014 100 37 credite

288 3041 87 53 VI.
337 3041 99 53 Quad
399 3041 74 53 in
436 3041 111 53 Filii
510 3041 111 53 nomen
585 3041 186 53 baptizemur,
733 3041 173 53 ostenditur
869 3041 124 53 Matth.
956 3041 87 53 28.
993 3041 62 53 19.

271 3069 106 59 Euntes
346 3069 85 59 ergo
399 3069 106 59 docete
473 3069 96 59 omnes
537 3069 117 59 genies,
622 3069 159 59 baptizantes
750 3069 74 59 eos
792 3069 64 59 in
824 3069 96 59 nomen
888 3069 106 59 Patris
962 3069 53 59 &
973 3069 85 59 Filis.

268 3107 57 39 &
290 3107 136 39 Spiritus
381 3107 91 39 Sancti

299 3142 105 50 VII.
365 3142 105 50 Quod
430 3142 158 50 Christus
549 3142 92 50 sit
601 3142 184 50 invocandus
746 3142 79 50 ab
786 3142 145 50 Angelis
891 3142 66 50 &
904 3142 158 50 hominibus,

267 3172 172 62 manifestum
402 3172 86 62 est
451 3172 74 62 ex
488 3172 147 62 mandatis
598 3172 61 62 &
623 3172 160 62 exemplis.
745 3172 110 62 Hebr.
819 3172 74 62 1.
856 3172 74 62 6.
892 3172 98 62 Quum
942 3172 110 62 induci

1048 137 193 61 primogenitum
1205 137 72 61 in
1241 137 120 61 orbeus
1325 137 157 61 terrarum,
1445 137 132 61 edicis,
1542 137 72 61 Et
1578 137 132 61 adoront
1674 137 84 61 i
1783 137 96 61 Angeii

1061 180 101 40 Dei.
1125 180 88 40 Eum
1175 180 164 40 invocavit
1302 180 139 40 Jacobus
1403 180 164 40 Patriacha
1529 180 101 40 Gen.
1592 180 126 40 48.16.
1681 180 126 40 Angeus
1757 180 126 40 illeajus

1066 217 137 37 vendicat
1168 217 68 37 me
1203 217 68 37 ab
1237 217 103 37 omntm
1305 217 91 37 ilo,
1362 217 148 37 benidirot
1477 217 114 37 puerus
1556 217 114 37 istis.
1636 217 137 37 Adoratus
1739 217 80 37 est
1785 217 57 37 a
1796 217 80 37 Davi-

1060 252 75 35 de
1097 252 125 35 Psalm.
1185 252 88 35 45.
1235 252 63 35 &
1260 252 75 35 10
1297 252 113 35 teste
1372 252 113 35 Paulo
1447 252 113 35 Hebr.
1522 252 75 35 2.
1560 252 138 35 Actorum
1660 252 75 35 7.
1697 252 88 35 59.
1735 252 138 35 Lapidarum

1062 287 183 42 Stephanum,
1205 287 183 42 invocantem
1349 287 65 42 &
1375 287 170 42 dicentem,
1506 287 130 42 Domine
1597 287 117 42 Iesu,
1675 287 130 42 sustpe
1754 287 130 42 ffiritum

1063 319 105 35 meum.
1134 319 105 35 Apoc.
1204 319 82 35 22.
1251 319 70 35 20
1286 319 94 35 Ient
1344 319 117 35 Domine
1426 319 105 35 Iesu.
1497 319 94 35 Rom.
1555 319 70 35 9.
1590 319 105 35 vers.
1661 319 70 35 5.
1696 319 105 35 dicit
1766 319 117 35 Paulus
1836 319 47 35 de

1066 352 137 44 Christo,
1168 352 91 44 quod
1225 352 80 44 sit
1270 352 102 44 supra
1339 352 102 44 omnes
1407 352 91 44 Deus
1464 352 159 44 benedictus
1589 352 68 44 in
1623 352 125 44 secula,
1714 352 102 44 Amen.
1783 352 68 44 2.
1805 352 80 44 Petr.

1065 385 56 43 3.
1093 385 66 43 18.
1130 385 103 43 Apocal.
1206 385 56 43 5.
1234 385 56 43 v.
1262 385 66 43 12,
1290 385 47 43 13.

1098 410 110 43 VIII.
1171 410 97 43 Quod
1232 410 134 43 Christo
1329 410 110 43 Filio
1402 410 85 43 Dei
1451 410 158 43 religiosa
1573 410 158 43 servitute
1694 410 85 43 sit
1731 410 146 43 serviendum

1068 451 167 38 manifestum
1199 451 83 38 est
1247 451 71 38 ex
1282 451 178 38 sequentibus
1425 451 190 38 testimoniis,
1580 451 95 38 Gen.
1639 451 83 38 49.
1687 451 71 38 v.
1722 451 83 38 10.
1770 451 83 38 Non
1806 451 71 38 desu

1066 487 194 38 stet::eptrum
1224 487 61 38 a
1248 487 109 38 luda,
1321 487 109 38 neque
1394 487 158 38 Legslator
1515 487 61 38 e
1539 487 109 38 medio
1612 487 109 38 pedum
1685 487 109 38 eius,
1758 487 109 38 usque
1818 487 61 38 dum

1073 521 127 32 vent:tus
1169 521 85 32 erit
1222 521 106 32 filius
1296 521 95 32 eius,
1359 521 53 32 &
1380 521 85 32 erit
1433 521 64 32 ei
1465 521 148 32 obedientia
1582 521 148 32 populorum.
1698 521 106 32 Psalm.
1772 521 64 32 2.
1804 521 64 32 v.
1825 521 53 32 12.

1081 552 150 39 sculamini
1197 552 116 39 Filium
1278 552 69 39 ut
1313 552 81 39 non
1359 552 150 39 irascatur
1475 552 69 39 ut
1510 552 139 39 pereatis
1614 552 69 39 in
1649 552 93 39 via,
1706 552 93 39 quum
1753 552 127 39 exarseri-

1063 585 79 35 vel
1108 585 125 35 minimum
1199 585 79 35 ira
1244 585 102 35 eius:
1312 585 102 35 beati
1380 585 102 35 omnes
1448 585 79 35 qui
1493 585 147 35 confidunt
1606 585 68 35 in
1640 585 79 35 eo,
1685 585 113 35 Matth.
1764 585 79 35 17.
1810 585 68 35 5.
1832 585 57 35 Pa-

1075 620 75 33 ter
1118 620 53 33 e
1139 620 96 33 caelo
1203 620 107 33 dixit,
1278 620 75 33 Hic
1320 620 75 33 est
1363 620 107 33 Filius
1438 620 85 33 ille
1491 620 85 33 meus
1544 620 128 33 dilectus
1640 620 85 33 ille
1693 620 64 33 in
1725 620 75 33 quo
1757 620 128 33 acquiesco,

1074 651 94 34 Hunc
1133 651 129 34 audite.
1226 651 94 34 Rom.
1285 651 82 34 15.
1332 651 82 34 12.
1378 651 94 34 Erit
1437 651 105 34 radix
1507 651 105 34 Iesse
1577 651 58 34 &
1601 651 82 34 qui
1647 651 140 34 exsurgat
1753 651 70 34 ad
1776 651 117 34 emperan-

1074 685 82 41 dum
1121 685 152 41 Gentibus,
1238 685 70 41 in
1273 685 93 41 ipio
1331 685 117 41 Gentes
1413 685 163 41 sperabunt.
1541 685 93 41 Hinc
1599 685 117 41 Paulus
1681 685 117 41 Galat.
1763 685 70 41 1.
1798 685 70 41 v.
1833 685 70 41 10
1856 685 35 41 &

1085 720 114 42 passim
1165 720 69 42 se
1199 720 160 42 profitetur
1325 720 91 42 esse
1382 720 114 42 servum
1462 720 91 42 Jesu
1519 720 137 42 Christi.
1622 720 69 42 Ac
1656 720 103 42 certe
1725 720 80 42 nos
1759 720 137 42 Christiani

1075 757 155 36 religiosa
1194 757 155 36 servitute
1314 757 83 36 non
1361 757 143 36 servimus
1469 757 83 36 isi
1516 757 119 36 natura
1600 757 95 36 vero
1659 757 95 36 Deo,
1719 757 143 36 alioquin
1814 757 72 36 nihi

1076 786 173 41 differremus
1214 786 58 41 a
1237 786 150 41 Gentibus,
1352 786 92 41 quae
1409 786 69 41 ut
1444 786 115 41 Paulus
1524 786 138 41 testatur
1628 786 115 41 Galat.
1708 786 58 41 4
1731 786 69 41 v.
1766 786 69 41 8.
1789 786 104 41 servie-

1081 822 93 38 cunt
1140 822 82 38 iis
1186 822 82 38 qui
1233 822 82 38 non
1280 822 93 38 sunt
1338 822 117 38 natura
1420 822 93 38 dii.
1478 822 105 38 Eodem
1548 822 152 38 pertinet,
1664 822 93 38 quod
1723 822 117 38 Filius
1804 822 82 38 Dei
1839 822 47 38 si

1071 860 159 40 absulute
1190 860 146 40 Tominus
1296 860 185 40 Angelorum,
1442 860 93 40 cui
1495 860 132 40 Angeli
1587 860 199 40 ministrant,
1746 860 66 40 a
1773 860 93 40 quo
1813 860 79 40 mit-

1071 885 133 41 tuntur
1164 885 226 41 exsequendorum
1350 885 186 41 mandatorum
1496 885 106 41 ejus
1563 885 133 41 causa,
1656 885 93 41 cui
1709 885 160 41 rationes
1815 885 80 41 red-

1086 922 86 45 dunt
1140 922 118 45 Zachar.
1226 922 75 45 1v.
1269 922 75 45 10,
1312 922 75 45 11,
1355 922 54 45 &
1376 922 86 45 cap.
1430 922 64 45 3.
1462 922 64 45 v.
1495 922 54 45 4
1516 922 64 45 5.
1548 922 86 45 Joh.
1602 922 64 45 1.
1634 922 75 45 51.
1677 922 107 45 Matth.
1752 922 54 45 4
1774 922 64 45 v.
1806 922 64 45 11
1828 922 64 45 quod

1078 956 83 49 sit
1126 956 131 49 Dominus
1221 956 131 49 Davidis
1316 956 119 49 Psalm.
1399 956 95 49 110.
1458 956 71 49 1.
1494 956 119 49 Matth.
1577 956 83 49 12.
1625 956 83 49 43,
1672 956 83 49 44,
1720 956 83 49 45.
1767 956 95 49 quod
1815 956 83 49 dili-

1076 988 127 47 gendus
1165 988 115 47 supra
1242 988 115 47 omnia
1318 988 127 47 Matth.
1407 988 89 47 10.
1458 988 89 47 37.
1509 988 140 47 Quiamat
1611 988 127 47 Patrem
1700 988 89 47 aut
1751 988 127 47 mutrem
1827 988 64 47 su-

1078 1029 93 37 prae
1136 1029 81 37 me,
1183 1029 81 37 non
1229 1029 81 37 est
1276 1029 70 37 me
1311 1029 128 37 dignus:
1404 1029 58 37 &
1427 1029 81 37 qui
1474 1029 93 37 amat
1532 1029 105 37 fiium
1601 1029 81 37 aut
1648 1029 116 37 filiam
1729 1029 105 37 supra
1799 1029 81 37 me,
1834 1029 58 37 non

1086 1055 78 46 est
1130 1055 67 46 me
1164 1055 122 46 dignus:
1253 1055 89 46 quod
1308 1055 78 46 non
1353 1055 145 46 tentandus
1464 1055 67 46 1.
1498 1055 89 46 Co1.
1553 1055 78 46 10.
1598 1055 67 46 v.
1631 1055 67 46 9.
1664 1055 100 46 neque
1731 1055 134 46 tentemus
1820 1055 78 46 Chri-

1082 1092 99 32 sium:
1148 1092 88 32 quod
1203 1092 88 32 ipsi
1258 1092 121 32 gratiae
1346 1092 143 32 religiose
1456 1092 121 32 agendae
1543 1092 66 32 1.
1576 1092 88 32 Tim.
1631 1092 66 32 1.
1664 1092 77 32 12.
1708 1092 121 32 Gratiam
1796 1092 88 32 illi
1840 1092 55 32 ha-

1078 1124 90 38 beo,
1134 1124 79 38 qui
1179 1124 146 38 corrobora
1291 1124 79 38 cit
1336 1124 79 38 me,
1381 1124 124 38 Christo
1471 1124 90 38 Iesu
1527 1124 112 38 Domino
1606 1124 124 38 nostro:
1696 1124 90 38 quod
1752 1124 67 38 me
1786 1124 101 38 fidum
1842 1124 56 38 du-

1086 1157 110 40 xerit,
1163 1157 66 40 ut
1196 1157 77 40 qui
1240 1157 66 40 me
1273 1157 66 40 in
1306 1157 154 40 ministerio
1427 1157 187 40 constitucrit:
1581 1157 88 40 quod
1636 1157 66 40 in
1669 1157 110 40 ipsius
1746 1157 110 40 nomine
1812 1157 88 40 juran-

1091 1192 91 40 dum,
1147 1192 91 40 Rom.
1204 1192 68 40 9.
1238 1192 68 40 1.
1272 1192 148 40 Veritatem
1386 1192 91 40 dico
1443 1192 68 40 in
1477 1192 136 40 Christo,
1579 1192 79 40 non
1613 1192 102 40 mentior

1119 1219 84 50 IX.
1167 1219 97 50 Quod
1228 1219 109 50 Filii
1300 1219 84 50 Dei
1348 1219 133 50 propria
1445 1219 84 50 sit
1493 1219 157 50 Ecclesia,
1614 1219 121 50 planum
1698 1219 84 50 est
1746 1219 72 50 ex
1770 1219 121 50 sequenti

1095 1260 91 39 bus,
1151 1260 113 39 Matth.
1230 1260 68 39 1.
1264 1260 68 39 v.
1298 1260 79 39 21.
1344 1260 113 39 Pariet
1423 1260 102 39 autem
1491 1260 124 39 filium,
1581 1260 57 39 &
1604 1260 124 39 vocabis
1694 1260 102 39 nomen
1762 1260 91 39 eius
1807 1260 91 39 Iesum.

1097 1290 104 43 ipse
1162 1290 104 43 enim
1227 1290 260 43 liberabitPOPULUM
1448 1290 104 43 SUUM
1514 1290 65 43 a
1540 1290 156 43 peccatis
1657 1290 156 43 ipsorum.
1774 1290 104 43 Act.
1826 1290 65 43 20.

1090 1324 68 40 v.
1124 1324 80 40 28.
1169 1324 148 40 Attendite
1283 1324 114 40 igitur
1363 1324 114 40 animum
1443 1324 68 40 ad
1477 1324 91 40 veos
1534 1324 102 40 ipsos
1602 1324 57 40 &
1625 1324 102 40 totum
1693 1324 114 40 gregem
1773 1324 68 40 in
1807 1324 80 40 quo
1841 1324 57 40 vos

1094 1360 134 38 Sciritus
1194 1360 123 38 Sanctus
1283 1360 156 38 constituit
1406 1360 156 38 Episcopos,
1528 1360 67 38 ad
1562 1360 145 38 pascendam
1673 1360 145 38 Ecclesiam
1784 1360 89 38 Dei,
1840 1360 89 38 quam

1100 1400 63 33 uo
1131 1400 84 33 illo
1183 1400 115 33 proprio
1267 1400 125 33 sanguine
1361 1400 157 33 atquisivit.
1486 1400 94 33 Hebr.
1549 1400 63 33 3.
1580 1400 84 33 ver.
1632 1400 63 33 6.
1664 1400 125 33 Christus
1758 1400 63 33 ut
1789 1400 104 33 filius
1852 1400 52 33 do-

1084 1428 81 39 mui
1131 1428 93 39 suae
1189 1428 139 39 praeest,
1293 1428 104 39 cuius
1362 1428 104 39 domus
1432 1428 104 39 sumus
1502 1428 93 39 nos.
1559 1428 81 39 Huc
1606 1428 151 39 pertinet,
1722 1428 93 39 quod
1780 1428 116 39 Filius
1849 1428 58 39 Dei

1084 1460 76 38 est
1128 1460 120 38 sponsus
1215 1460 55 38 &
1237 1460 120 38 matitus
1324 1460 153 38 Ecclesiae,
1444 1460 98 38 Psal.
1510 1460 76 38 45.
1554 1460 66 38 v.
1586 1460 76 38 10.
1630 1460 142 38 Collocata
1739 1460 76 38 est
1783 1460 120 38 coniunx
1859 1460 44 38 ad

1090 1491 138 38 dexteram
1193 1491 103 38 tuam.
1262 1491 115 38 Johan.
1342 1491 69 38 3.
1376 1491 69 38 v.
1411 1491 80 38 29.
1457 1491 80 38 Qui
1503 1491 103 38 habet
1571 1491 138 38 sponsam,
1675 1491 126 38 sponsus
1766 1491 92 38 est:
1812 1491 92 38 amicus

1100 1526 101 45 autem
1167 1526 112 45 sponsi
1245 1526 78 45 qui
1290 1526 89 45 stat
1346 1526 56 45 &
1368 1526 101 45 audit
1435 1526 89 45 eum,
1491 1526 112 45 gaudio
1570 1526 112 45 gaudet
1648 1526 123 45 propter
1737 1526 101 45 vocem
1793 1526 101 45 sponsit

1099 1564 81 33 hoc
1146 1564 92 33 ergo
1203 1564 127 33 gaudium
1295 1564 92 33 meum
1353 1564 138 33 impletum
1457 1564 92 33 est.
1515 1564 69 33 2.
1549 1564 81 33 Cor
1595 1564 69 33 11
1630 1564 69 33 v.
1664 1564 69 33 2.
1699 1564 115 33 Aptavi
1780 1564 92 33 enim
1826 1564 69 33 vos:

1106 1589 91 41 ques
1163 1589 80 41 uni
1208 1589 103 41 viro,
1277 1589 69 41 ut
1311 1589 137 41 virginem
1414 1589 103 41 puram
1483 1589 126 41 sistam,
1574 1589 103 41 nempe
1643 1589 137 41 Christo.
1746 1589 80 41 Hoc
1780 1589 126 41 Scriptura

1090 1627 99 38 Sacra
1156 1627 88 38 soli
1211 1627 88 38 vero
1267 1627 77 38 Deo
1311 1627 144 38 vendicat.
1421 1627 88 38 Jer.
1476 1627 66 38 3.
1510 1627 66 38 v.
1543 1627 66 38 9.
1576 1627 166 38 Revertimini
1708 1627 99 38 siliu
1763 1627 144 38 aversantes,

1093 1661 97 44 dicit
1158 1661 119 44 Iehova,
1245 1661 76 44 nam
1288 1661 76 44 ego
1331 1661 130 44 coniugio
1428 1661 119 44 tunctus
1515 1661 76 44 sum
1558 1661 108 44 vobis.
1634 1661 97 44 Hose.
1698 1661 65 44 2.
1731 1661 65 44 v.
1763 1661 76 44 19.
1807 1661 76 44 ait
1839 1661 54 44 Jes

1095 1690 93 48 hova
1153 1690 69 48 ad
1188 1690 162 48 Ecclesiam:
1315 1690 116 48 Despon
1396 1690 81 48 abo
1443 1690 69 48 te
1477 1690 93 48 mihi
1535 1690 69 48 in
1570 1690 139 48 saculum,
1674 1690 162 48 desponsabo
1801 1690 81 48 te,
1836 1690 58 48 in-

1090 1729 95 42 quam,
1154 1729 95 42 mihi,
1217 1729 116 42 iusitu:
1302 1729 63 42 a,
1333 1729 148 42 indicioque
1450 1729 53 42 &
1471 1729 158 42 benionitate
1597 1729 63 42 ac
1619 1729 158 42 misericordia.

1132 1755 71 44 X.
1168 1755 95 44 Quod
1227 1755 142 44 Christus
1333 1755 118 44 Filius
1416 1755 83 44 Dei
1463 1755 83 44 sit
1511 1755 142 44 tentatus
1617 1755 59 44 a
1641 1755 118 44 populo
1724 1755 177 44 Israelitico
1854 1755 47 44 in

1090 1787 134 39 deserto,
1190 1787 111 39 testis
1268 1787 78 39 est
1313 1787 111 39 Paulus
1391 1787 67 39 1.
1424 1787 89 39 Cor.
1480 1787 67 39 10
1513 1787 67 39 9.
1547 1787 100 39 Nequo
1613 1787 134 39 tentemus
1714 1787 145 39 Christum,
1825 1787 100 39 sicut

1093 1829 114 39 quidam
1172 1829 102 39 eorum
1241 1829 159 39 centarunt,
1366 1829 57 39 &
1389 1829 57 39 a
1411 1829 171 39 serpentibus
1548 1829 159 39 perierunt.
1673 1829 68 39 At
1707 1829 114 39 Numer.
1787 1829 80 39 21.
1833 1829 68 39 v.
1855 1829 46 39 5.

1096 1860 64 46 7.
1128 1860 107 46 Psalm.
1203 1860 64 46 78
1235 1860 64 46 v.
1267 1860 75 46 17,
1310 1860 75 46 18,
1353 1860 64 46 19
1385 1860 53 46 &
1406 1860 75 46 Ps.
1449 1860 75 46 95.
1492 1860 64 46 v.
1524 1860 64 46 8.
1556 1860 53 46 &
1578 1860 64 46 9.
1610 1860 75 46 Ps.
1652 1860 86 46 106.
1706 1860 75 46 32.
1749 1860 128 46 narratur
1845 1860 86 46 quod

1104 1895 135 41 rehovam
1202 1895 98 41 Deum
1263 1895 98 41 suum
1325 1895 172 41 Israelitae
1447 1895 160 41 tentaverint

1125 1931 82 47 XI.
1172 1931 94 47 Quod
1231 1931 106 47 Filii
1302 1931 82 47 Dei
1349 1931 130 47 gloriam
1443 1931 130 47 viderit
1538 1931 130 47 Jesaias
1632 1931 71 47 in
1667 1931 130 47 visione
1762 1931 94 47 quae
1809 1931 94 47 capite

1087 1960 99 49 sexto
1153 1960 176 49 describitur,
1296 1960 132 49 testatur
1395 1960 132 49 Johannes
1494 1960 88 49 cap.
1549 1960 66 49 12
1582 1960 66 49 v.
1615 1960 77 49 39.
1659 1960 77 49 10,
1703 1960 77 49 41.
1747 1960 143 49 Propterea
1846 1960 55 49 non

1096 2005 134 37 poterant
1196 2005 134 37 credere,
1296 2005 89 37 quia
1352 2005 111 37 iterum
1430 2005 100 37 dixit
1496 2005 134 37 Iesatai;
1597 2005 156 37 Excaecavit
1719 2005 111 37 oculos
1797 2005 111 37 corum,
1864 2005 33 37 &

1090 2044 146 36 obduravit
1202 2044 101 36 corda
1270 2044 113 36 corum:
1349 2044 68 36 ne
1382 2044 124 36 videant
1472 2044 113 36 oculis
1551 2044 56 36 &
1574 2044 90 36 sint
1630 2044 191 36 intilligentas
1788 2044 113 36 corde,
1855 2044 34 36 &

1090 2070 92 39 sese
1147 2070 172 39 convertant,
1285 2070 57 39 &
1307 2070 103 39 sanem
1376 2070 92 39 cos.
1434 2070 92 39 Haec
1491 2070 103 39 dixit
1560 2070 138 39 Iesaias,
1663 2070 115 39 quando
1743 2070 103 39 vidit
1801 2070 103 39 gloriam

1088 2106 93 41 etus,
1150 2106 52 41 &
1170 2106 114 41 locutus
1253 2106 72 41 est
1294 2106 62 41 de
1325 2106 72 41 eo.
1367 2106 72 41 Is,
1408 2106 93 41 cujus
1470 2106 114 41 gloriam
1553 2106 114 41 Jesaias
1635 2106 62 41 in
1666 2106 114 41 visione
1749 2106 114 41 capitis
1821 2106 83 41 sexti-

1099 2134 111 44 vidit,
1177 2134 78 44 est
1221 2134 111 44 Jehova
1299 2134 89 44 Deus
1354 2134 144 44 Israelis:
1466 2134 67 44 At
1499 2134 122 44 Christi
1588 2134 100 44 Filii
1654 2134 78 44 Dei
1699 2134 122 44 gloriam
1788 2134 122 44 Jesaias
1866 2134 44 44 in

1098 2172 127 51 visione
1191 2172 127 51 capitis
1284 2172 104 51 sexti
1353 2172 116 51 vidit:
1434 2172 93 51 Ergo
1492 2172 139 51 Christus
1596 2172 116 51 Filius
1677 2172 81 51 Dei
1724 2172 81 51 est
1770 2172 116 51 Jehova
1840 2172 69 51 Deus

1088 2200 109 48 Israelis.

1112 2246 102 44 XII.
1176 2246 102 44 Quod
1239 2246 140 44 Christo
1341 2246 114 44 Filio
1418 2246 89 44 Dei
1468 2246 191 44 praepatanda
1621 2246 127 44 fuerit
1710 2246 89 44 via
1761 2246 76 44 in
1787 2246 114 44 deserte

1095 2270 57 52 a
1117 2270 91 52 voce
1174 2270 147 52 clamante,
1287 2270 68 52 de
1321 2270 79 52 qua
1366 2270 124 52 Jesaiae
1457 2270 113 52 capite
1536 2270 192 52 quadragesimo,
1694 2270 102 52 versu
1762 2270 113 52 tertio
1830 2270 68 52 prae

1103 2314 100 34 dictum
1173 2314 90 34 erat,
1233 2314 110 34 docetur
1312 2314 100 34 Matth.
1382 2314 60 34 3.
1412 2314 60 34 v.
1442 2314 50 34 3
1462 2314 90 34 Marc.
1521 2314 60 34 1.
1551 2314 60 34 v.
1581 2314 60 34 1.
1611 2314 60 34 2,
1641 2314 60 34 3.
1671 2314 80 34 Luc.
1721 2314 60 34 1.
1751 2314 60 34 v.
1780 2314 70 34 16.
1820 2314 70 34 17.
1850 2314 50 34 75.

1097 2344 61 51 Et
1127 2344 102 51 capite
1199 2344 61 51 3.
1230 2344 61 51 v.
1260 2344 61 51 4.
1291 2344 102 51 Johan.
1362 2344 61 51 1.
1393 2344 92 51 vers.
1454 2344 72 51 23.
1495 2344 72 51 26,
1536 2344 72 51 17,
1577 2344 72 51 29,
1618 2344 72 51 30,
1659 2344 72 51 31,
1699 2344 72 51 32,
1740 2344 72 51 33.
1781 2344 72 51 34.
1822 2344 92 51 Atqui
1873 2344 41 51 is

1096 2381 86 45 cui
1145 2381 184 45 praepatanda
1292 2381 123 45 fuerat
1378 2381 86 45 via
1427 2381 74 45 in
1464 2381 135 45 deserto
1562 2381 61 45 a
1587 2381 98 45 voce
1648 2381 147 45 clamante
1759 2381 86 45 est
1796 2381 110 45 Dominus

1092 2413 98 41 Deus
1141 2413 122 41 Israelis

1124 2445 110 45 XIII.
1197 2445 98 45 Quod
1258 2445 147 45 Christus
1368 2445 122 45 Filius
1454 2445 86 45 Dei
1503 2445 122 45 factus
1588 2445 86 45 sit
1637 2445 110 45 lapis
1710 2445 183 45 offendiculi
1845 2445 61 45 Ju-

1103 2477 103 50 daeis,
1175 2477 124 50 testatur
1268 2477 103 50 Simeon
1341 2477 83 50 ille
1392 2477 114 50 Justus,
1475 2477 72 50 qui
1516 2477 93 50 Lucae
1578 2477 62 50 2.
1609 2477 83 50 ver.
1661 2477 72 50 34.
1703 2477 62 50 de
1734 2477 83 50 ipso
1785 2477 83 50 ait:
1827 2477 72 50 Ecce-

1094 2512 131 47 positus
1189 2512 83 47 est
1237 2512 95 47 iste
1296 2512 71 47 in
1332 2512 107 47 cusum
1403 2512 59 47 &
1427 2512 214 47 resurrectionem
1605 2512 143 47 multorum
1712 2512 71 47 in
1748 2512 119 47 Isra:&
1831 2512 71 47 in
1855 2512 59 47 si-

1095 2550 93 38 gnum
1153 2550 81 38 cui
1200 2550 209 38 contradicitur.
1374 2550 93 38 Idem
1432 2550 70 38 de
1466 2550 128 38 Christo
1559 2550 104 38 dicit
1629 2550 116 38 Paulus
1710 2550 93 38 Rom.
1768 2550 58 38 6
1791 2550 104 38 vers.
1849 2550 58 38 31.

1097 2584 71 38 32,
1137 2584 60 38 33
1167 2584 50 38 &
1188 2584 101 38 Petrus
1258 2584 91 38 prima
1319 2584 101 38 epist.
1389 2584 60 38 2.
1419 2584 60 38 v.
1450 2584 60 38 3.
1480 2584 60 38 4,
1510 2584 60 38 5,
1540 2584 60 38 n,
1570 2584 60 38 7,
1601 2584 60 38 8.
1631 2584 91 38 Atqui
1691 2584 71 38 is,
1732 2584 71 38 qui
1772 2584 71 38 est
1812 2584 60 38 in
1832 2584 71 38 lapi-

1094 2616 84 43 dem
1142 2616 168 43 allisionis
1274 2616 60 43 &
1298 2616 72 43 in
1334 2616 108 43 rupem
1406 2616 180 43 offensionis
1550 2616 132 43 ambabus
1646 2616 132 43 domibus
1742 2616 156 43 Israelis,
1850 2616 60 43 est

1112 2653 98 34 ehova
1177 2653 163 34 exercituum,
1307 2653 65 34 ut
1340 2653 108 34 videre
1416 2653 76 34 est
1459 2653 98 34 Jesa.
1524 2653 65 34 8.
1557 2653 98 34 vers.
1622 2653 76 34 13,
1665 2653 76 34 14,
1709 2653 76 34 15.
1752 2653 119 34 Iehovam
1828 2653 76 34 exer-

1093 2682 116 45 cituum
1175 2682 105 45 ipsum
1245 2682 198 45 sanctificate,
1407 2682 58 45 &
1431 2682 93 45 ipse
1489 2682 81 45 sit
1535 2682 116 45 timori
1617 2682 116 45 vobis,
1698 2682 128 45 idemque
1791 2682 81 45 sit
1826 2682 93 45 pavori

1099 2716 107 37 vobis;
1174 2716 64 37 Et
1206 2716 85 37 erit
1259 2716 203 37 sanctificationi
1430 2716 107 37 vobis:
1505 2716 64 37 in
1537 2716 117 37 lopidem
1622 2716 96 37 autem
1686 2716 149 37 allisionis
1804 2716 53 37 &
1825 2716 64 37 in
1847 2716 53 37 ru-

1097 2748 80 39 pem
1142 2748 171 39 ejjinsionis
1279 2748 137 39 ambalius
1382 2748 126 39 demibus
1473 2748 148 39 Israeiis,
1587 2748 68 39 in
1622 2748 126 39 laqueum
1713 2748 57 39 &
1736 2748 80 39 ii,
1770 2748 137 39 tendiculum

1099 2778 157 50 habitatori
1222 2778 67 50 I.
1256 2778 179 50 rosolymorum:
1401 2778 67 50 In
1435 2778 90 50 quae
1491 2778 146 50 offendunt
1603 2778 112 50 multi;
1681 2778 56 50 &
1703 2778 134 50 cadentes
1793 2778 112 50 confrin-

1101 2817 121 47 gantur
1186 2817 73 47 ut
1222 2817 145 47 irretiti
1331 2817 169 47 copiantur.
1464 2817 145 47 Christum
1573 2817 121 47 Filium
1658 2817 85 47 Dei
1706 2817 97 47 esse
1767 2817 133 47 lapidem
1851 2817 61 47 il-

1092 2851 95 31 lum,
1152 2851 119 31 planum
1235 2851 83 31 est
1282 2851 107 31 etiam
1354 2851 71 31 ex
1389 2851 131 31 Jesaiae
1484 2851 119 31 capite
1567 2851 226 31 vigesimooctavo,
1758 2851 95 31 vers
1805 2851 107 31 decimo-

1108 2882 106 35 exto,
1179 2882 83 35 ubi
1226 2882 83 35 ait
1274 2882 130 35 Dominus
1368 2882 106 35 Deus:
1439 2882 95 35 Ecce
1498 2882 83 35 igo
1546 2882 201 35 sundamenturs,
1711 2882 106 35 posui
1782 2882 71 35 in
1817 2882 95 35 Tziu
1865 2882 47 35 no

1104 2911 148 37 lapideas,
1217 2911 125 37 lapidem
1309 2911 182 37 prohationis,
1457 2911 159 37 angularam,
1582 2911 159 37 pretiosum,
1707 2911 182 37 frindat:onem
1844 2911 68 37 sun-

1099 2947 172 45 datissimam,
1236 2947 80 45 qui
1282 2947 126 45 credit,
1374 2947 80 45 non
1420 2947 218 45 praefestinabit.
1603 2947 80 45 Quo
1649 2947 138 45 pertinet
1752 2947 92 45 quod
1810 2947 126 45 dicitur

1105 2980 113 38 Psalm.
1184 2980 79 38 118
1229 2980 79 38 22.
1274 2980 90 38 Quem
1331 2980 124 38 lapidem
1421 2980 158 38 ssrezerant
1545 2980 170 38 ftructores,
1681 2980 68 38 is
1715 2980 79 38 est
1760 2980 68 38 in
1794 2980 102 38 caput
1851 2980 57 38 an-

1110 3015 92 45 guli.
1171 3015 61 45 Et
1201 3015 92 45 Actor
1262 3015 51 45 4
1283 3015 61 45 v.
1313 3015 71 45 11.
1354 3015 71 45 Hic
1395 3015 71 45 est
1435 3015 92 45 lapis
1496 3015 81 45 ille
1547 3015 71 45 pro
1588 3015 102 45 nihilo
1659 3015 112 45 habitus
1740 3015 61 45 it
1771 3015 92 45 vobis
1822 3015 92 45 aedifi-

1099 3052 142 29 cantibus,
1208 3052 76 29 qui
1252 3052 120 29 fioclus
1339 3052 76 29 est
1383 3052 98 29 caput
1448 3052 120 29 angult.
1536 3052 87 29 Eph.
1590 3052 66 29 2.
1623 3052 66 29 v.
1656 3052 76 29 20,
1700 3052 76 29 21.
1743 3052 87 29 imus
1787 3052 120 29 angulari.

1106 3078 99 36 lapis
1172 3078 77 36 est
1216 3078 99 36 Iesus
1282 3078 154 36 Christius,
1404 3078 66 36 in
1437 3078 77 36 quo
1481 3078 99 36 totum
1547 3078 154 36 aedificium
1668 3078 165 36 congruenter
1790 3078 132 36 coagmenta-

1095 3116 94 41 tum,
1154 3116 129 41 crescit
1248 3116 71 41 at
1283 3116 82 41 sit
1330 3116 141 41 templunt
1436 3116 129 41 sauctum
1518 3116 106 41 Domino.

1134 3148 86 46 XIV
1183 3148 111 46 Quiid
1257 3148 148 46 Christus
1368 3148 123 46 Filius
1454 3148 86 46 Dei
1503 3148 173 46 aestimatus
1639 3148 99 46 sita
1701 3148 136 46 Judaeis
1787 3148 123 46 triginta

1101 3192 167 41 argenteis,
1232 3192 107 41 docut
1304 3192 107 41 Matt.
1375 3192 83 41 26.
1423 3192 72 41 v.
1459 3192 83 41 15.
1507 3192 95 41 Quum
1566 3192 95 41 enim
1626 3192 107 41 Judas
1697 3192 167 41 Iscatiotes
1817 3192 95 41 venis
