2063 3461
248 167 74 51 Aut
291 167 127 51 Christus
386 167 84 51 homo
438 167 84 51 est,
491 167 116 51 ideoque
575 167 63 51 in
607 167 84 51 loce
660 167 116 51 finito:
744 167 74 51 aut
786 167 74 51 non
828 167 74 51 est
870 167 95 51 homo,
934 167 74 51 sed
965 167 53 51 se-

224 205 103 45 cunda
292 205 126 45 persona
384 205 137 45 Deitatis
487 205 57 45 a
510 205 103 45 Patre
578 205 69 45 ab
613 205 126 45 aeterno
704 205 114 45 genita
784 205 57 45 &
807 205 126 45 ubique.
899 205 80 45 Sed
933 205 80 45 Chri-

231 244 80 46 stus
281 244 70 46 est
321 244 90 46 homo,
382 244 90 46 inque
442 244 80 46 loco
492 244 111 46 finito.
573 244 80 46 Ergo
623 244 70 46 non
663 244 70 46 est
703 244 111 46 secunda
784 244 111 46 persona
864 244 121 46 Deitatis
955 244 50 46 e
965 244 50 46 Pa-

218 277 71 50 tre
258 277 61 50 ab
289 277 112 50 aeterno
370 277 112 50 genita,
451 277 91 50 neque
502 277 81 50 ubique

256 310 106 43 RESP.
327 310 106 43 Major
398 310 83 43 est
445 310 118 43 falsa:
528 310 95 43 quia
587 310 166 43 disjunctio
717 310 83 43 non
765 310 83 43 est
812 310 142 43 ἀμισςος,
918 310 83 43 non
954 310 59 43 enu

220 349 130 37 meratis
315 349 141 37 partibus
421 349 200 37 disjunctionis
586 349 200 37 sufficienter.
751 349 94 37 Vera
810 349 106 37 esset
881 349 71 37 in
916 349 94 37 hunc
963 349 59 37 mo-

220 381 97 37 dum:
280 381 85 37 Aut
329 381 145 37 Christus
438 381 85 37 est
486 381 97 37 homo
546 381 121 37 solum,
631 381 133 37 ideoque
728 381 73 37 in
764 381 97 37 loco
825 381 133 37 finito;
921 381 85 37 aut
958 381 60 37 non

217 414 81 37 est
264 414 104 37 homo,
333 414 81 37 sed
379 414 127 37 secunda
471 414 138 37 persona.
574 414 161 37 Trinitatis
701 414 115 37 solum,
782 414 58 37 &
805 414 127 37 ubique:
897 414 81 37 aut
943 414 81 37 est
977 414 35 37 u

219 444 129 34 trumque
313 444 105 34 simul
383 444 70 34 in
419 444 129 34 unitate
512 444 152 34 personae.
630 444 94 34 Hinc
688 444 152 34 sequitur:
805 444 82 34 Sed
852 444 141 34 Christus
946 444 82 34 neque

223 483 100 39 homo
285 483 112 39 solum
359 483 100 39 est,
422 483 112 39 neque
496 483 100 39 Deus
559 483 124 39 solum:
646 483 100 39 Ergo
708 483 87 39 est
758 483 162 39 Immanuel,
882 483 100 39 Deus
944 483 62 39 &
957 483 62 39 ho-

229 516 71 38 mo
265 516 107 38 simul
336 516 71 38 in
372 516 131 38 unitate
467 516 154 38 personae;
585 516 131 38 ideoque
680 516 59 38 &
704 516 119 38 ubique
787 516 83 38 est
835 516 143 38 secundum
930 516 83 38 Deita

231 546 103 48 tem,
295 546 64 48 &
321 546 231 48 circumscriptus
513 546 103 48 loco
577 546 154 48 secundum
680 546 179 48 humanitatem.

258 580 132 44 Tertium
354 580 144 44 sophisma
463 580 84 44 hoc
499 580 72 44 est:

265 611 144 48 Secundam
373 611 144 48 personam
481 611 144 48 Deitatis
589 611 72 48 ab
625 611 132 48 aeterno
722 611 60 48 a
746 611 108 48 Patre
818 611 144 48 genitam,
914 611 108 48 necesse

243 642 71 50 st
279 642 94 50 esse
337 642 188 50 immutabilem,
490 642 165 50 immortalem
620 642 59 50 &
632 642 176 50 impassibilem:

268 683 80 35 Sed
313 683 114 35 Filius
393 683 80 35 Dei
439 683 80 35 non
484 683 80 35 est
530 683 182 35 immutabilis,
678 683 160 35 immortalis
803 683 57 35 &
826 683 194 35 impassibilis:
974 683 57 35 nam

230 709 62 49 ut
261 709 83 49 Rom.
313 709 62 49 8.
344 709 62 49 v.
375 709 73 49 32.
417 709 125 49 dicitur,
511 709 83 49 Deus
563 709 115 49 proprio
646 709 94 49 Filio
709 709 73 49 suo
750 709 73 49 non
781 709 115 49 pepercit:

262 741 91 45 Ergo
319 741 114 45 Filius
398 741 80 45 Dei
444 741 80 45 non
490 741 80 45 est
535 741 125 45 secunda
626 741 125 45 persona
718 741 137 45 Deitatis
820 741 68 45 ab
855 741 114 45 aterno
934 741 57 45 a
946 741 91 45 Patre.

218 783 104 44 genita.

272 805 115 53 RESP.
349 805 154 53 Fallacia
464 805 90 53 est
515 805 77 53 ab
554 805 192 53 ignoratione
707 805 154 53 elenchi.
822 805 90 53 Nam
873 805 90 53 non
912 805 115 53 pugnant

231 849 132 38 eandem
323 849 159 38 personam
443 849 159 38 secundam
562 849 159 38 Deitatis
681 849 106 38 esse
747 849 212 38 immutabilem,
906 849 119 38 immorta

249 884 72 38 em
285 884 60 38 &
309 884 193 38 impassibilem
466 884 145 38 secundum
575 884 157 38 Deitatem:
695 884 60 38 &
719 884 84 38 non
768 884 133 38 fuisse,
864 884 84 38 dum
912 884 72 38 in
937 884 97 38 terris

244 915 128 47 viveret
337 915 70 47 in
372 915 174 47 infirmitate
511 915 116 47 carnis
593 915 105 47 suae,
662 915 186 47 immutabilem,
813 915 174 47 immortalem,
941 915 93 47 impas-

235 949 142 45 sibilem.
342 949 95 45 Ergo
401 949 83 45 una
448 949 142 45 eademque
555 949 130 45 persona
650 949 83 45 est
685 949 154 45 immutabilis

271 973 208 48 Quemadmodum
437 973 125 48 autem
520 973 235 48 Samosateniani
714 973 139 48 negant
811 973 166 48 Christum
922 973 111 48 Filium

238 1013 87 40 Dei
287 1013 99 40 esse
349 1013 149 40 secundam
461 1013 149 40 personam
572 1013 149 40 Deitatis
684 1013 74 40 ab
721 1013 136 40 aeterno
820 1013 62 40 a
845 1013 112 40 Patre
907 1013 124 40 genitam:

241 1050 83 40 ita
289 1050 107 40 iidem
360 1050 131 40 negant,
455 1050 142 40 secundam
561 1050 131 40 persoam
656 1050 142 40 Deitatis
763 1050 119 40 Filium
846 1050 83 40 Dei
894 1050 95 40 esse
941 1050 95 40 posse.

252 1082 127 45 tuntur
341 1082 115 45 autem
418 1082 89 45 hoc
456 1082 153 45 sophismate

287 1101 97 60 Nullus
355 1101 68 60 qui
394 1101 58 60 ab
424 1101 97 60 aterno
492 1101 127 60 exsistit,
589 1101 117 60 alicujus
677 1101 97 60 Filius
745 1101 78 60 esse
784 1101 88 60 potest.

285 1147 114 37 Secunda
368 1147 114 37 persona
451 1147 166 37 diuvinitatis
586 1147 62 37 ab
617 1147 104 37 aterno
679 1147 114 37 exsistit.

287 1179 82 51 Ergo
338 1179 113 51 secunda
421 1179 113 51 persona
503 1179 165 51 diuvinitatis
637 1179 103 51 Filius
709 1179 72 51 Dei
750 1179 82 51 esse
801 1179 72 51 non
832 1179 93 51 potest.

289 1213 107 44 Major
360 1213 83 44 est
408 1213 119 44 falsa.
491 1213 83 44 Eam
539 1213 131 44 probare
634 1213 143 44 conantur
740 1213 83 44 hoc
776 1213 95 44 pacto:

281 1248 134 43 Quicunque
384 1248 82 43 vere
435 1248 72 43 est
477 1248 113 43 Filius,
559 1248 113 43 genitus
641 1248 72 43 est
683 1248 62 43 ex
703 1248 93 43 aliquo:

281 1282 62 44 At
312 1282 103 44 nullus
384 1282 72 44 qui
425 1282 62 44 ab
455 1282 103 44 aterno
527 1282 134 44 exsistit,
630 1282 93 44 gigni
692 1282 82 44 ullo
743 1282 82 44 modo
784 1282 93 44 potest.

284 1311 80 48 Ergo
334 1311 100 48 nullus
404 1311 70 48 qui
444 1311 60 48 ab
473 1311 100 48 aterno
543 1311 130 48 exsistit,
643 1311 120 48 alicujus
733 1311 100 48 filius
802 1311 80 48 esse
842 1311 90 48 potest.

287 1345 99 35 Falsa
353 1345 77 35 est
397 1345 110 35 Minor.
474 1345 88 35 Etsi
530 1345 88 35 enim
585 1345 77 35 qui
629 1345 132 35 aeternus
728 1345 77 35 est
772 1345 55 35 &
794 1345 77 35 non
838 1345 110 35 potest
916 1345 99 35 gigni
971 1345 66 35 phy-

257 1379 80 41 ica
302 1379 57 41 &
325 1379 148 41 temporali
439 1379 148 41 genitura:
553 1379 114 41 potest
632 1379 102 41 tamen
701 1379 102 41 gigni
769 1379 182 41 hyperphysica
917 1379 68 41 ac
940 1379 91 41 aeter-

247 1417 72 43 na
283 1417 156 43 genitura:
403 1417 84 43 est
451 1417 96 43 enim
510 1417 132 43 συνανος
606 1417 72 43 in
642 1417 108 43 rebus
714 1417 203 43 hyperphysicis
881 1417 156 43 genituta.
989 1417 36 43 N

257 1449 54 39 i
279 1449 65 39 in
311 1449 130 39 creatura
409 1449 173 39 intelligente
550 1449 108 39 λόγος,
625 1449 76 39 hoc
669 1449 87 39 est,
723 1449 97 39 ratio
788 1449 76 39 est
831 1449 119 39 genimen
918 1449 108 39 mentis
983 1449 54 39 τῳe

262 1476 67 43 vί
295 1476 133 43 σναίθεον
395 1476 67 43 ut
428 1476 166 43 Aristoteles
561 1476 133 43 loquitur
661 1476 89 43 lib.
716 1476 67 43 1.
750 1476 67 43 de
783 1476 111 43 Anima,
860 1476 67 43 id
894 1476 89 43 est,
949 1476 100 43 menti
1005 1476 55 43 co-

247 1515 160 39 aeternum:
370 1515 111 39 multo
444 1515 111 39 magis
517 1515 148 39 aeternus
628 1515 111 39 λόγος
702 1515 98 39 erit
763 1515 135 39 genimen
862 1515 86 39 Dei
911 1515 123 39 Patris
985 1515 49 39 i-

255 1546 86 41 psi
304 1546 171 41 συνϰίδεον.
438 1546 134 41 Quomodo
536 1546 98 41 enim
597 1546 110 41 Filio
670 1546 86 41 Dei
719 1546 183 41 detrahatur,
866 1546 98 41 quod
927 1546 98 41 λόγῳ
976 1546 61 41 hu-

247 1578 99 40 mano
296 1578 99 40 inest.

279 1608 139 42 Minorem
380 1608 139 42 firmare
481 1608 152 42 nituntur
595 1608 126 42 duobus
683 1608 152 42 fulcris:
797 1608 126 42 Quorum
885 1608 126 42 primum
961 1608 76 42 est:

284 1648 75 40 Qui
327 1648 75 40 jam
370 1648 64 40 ab
402 1648 107 40 aterno
477 1648 86 40 suum
531 1648 86 40 esse
584 1648 107 40 habet,
659 1648 64 40 is
691 1648 96 40 gigni
756 1648 96 40 nullo
820 1648 86 40 modo
863 1648 96 40 potest;

278 1679 64 38 At
310 1679 75 38 qui
353 1679 64 38 ab
386 1679 118 38 aeterno
471 1679 139 38 exsistit,
579 1679 75 38 jam
621 1679 64 38 ab
654 1679 107 38 aterno
729 1679 86 38 suum
782 1679 86 38 esse
825 1679 86 38 habet;

279 1710 81 42 Ergo
329 1710 71 42 qui
370 1710 61 42 ab
400 1710 111 42 aeterno
481 1710 131 42 exsistit,
582 1710 61 42 is
612 1710 91 42 gigni
673 1710 91 42 nullo
734 1710 81 42 modo
774 1710 91 42 potest.

268 1741 107 41 RESP.
339 1741 119 41 Medium
423 1741 83 41 est
470 1741 154 41 ambiguum.
589 1741 83 41 Nam
636 1741 95 41 esse
696 1741 83 41 vel
743 1741 166 41 essentiale
874 1741 95 41 est,
933 1741 83 41 vel
969 1741 71 41 per-

238 1775 120 42 sonale.
325 1775 153 42 Essentiale
445 1775 87 42 esse
500 1775 76 42 sic
543 1775 65 42 ab
576 1775 120 42 aeterno
663 1775 98 42 habet
729 1775 120 42 Filius,
816 1775 65 42 ut
849 1775 76 42 non
892 1775 76 42 sit
925 1775 109 42 genitum:

245 1811 145 40 personale
356 1811 100 40 esse,
423 1811 67 40 id
457 1811 89 40 est,
512 1811 156 40 subsistere
635 1811 100 40 habet
702 1811 56 40 a
724 1811 134 40 genitura
824 1811 67 40 ex
858 1811 111 40 Patre:
935 1811 100 40 modus
991 1811 67 40 vero

248 1845 141 41 geniturae
357 1845 76 41 non
400 1845 108 41 tollit
476 1845 174 41 aeternitatem
617 1845 174 41 substantiae,
758 1845 87 41 sive
812 1845 65 41 de
845 1845 141 41 essentia,
953 1845 87 41 sive
997 1845 43 41 de

244 1884 119 42 persona
331 1884 119 42 dixeris
418 1884 163 42 subsistente
548 1884 65 42 in
581 1884 119 42 unitate
657 1884 119 42 essentiae

269 1908 153 39 Secundum
384 1908 140 39 fulcrum
486 1908 89 39 hoc
524 1908 77 39 est:

274 1941 146 43 Cuicunque
386 1941 79 43 non
431 1941 79 43 est
476 1941 90 43 opus
533 1941 68 43 ut
566 1941 90 43 suum
623 1941 90 43 effe
679 1941 79 43 per
724 1941 180 43 generationem
870 1941 101 43 demum
927 1941 101 43 accipi-

237 1966 70 60 at,
277 1966 60 60 is
307 1966 90 60 nullo
367 1966 80 60 modo
417 1966 90 60 gigni
467 1966 90 60 potest:

265 2012 63 46 At
297 2012 63 46 ei
329 2012 74 46 qui
371 2012 63 46 ab
402 2012 116 46 aeterno
487 2012 126 46 exsistit
581 2012 74 46 non
623 2012 74 46 est
666 2012 84 46 opus
718 2012 63 46 ut
750 2012 84 46 suum
802 2012 84 46 esse
855 2012 74 46 per
887 2012 147 46 generationem

244 2038 102 44 demum
312 2038 148 44 accipiat:
425 2038 102 44 Ergo,
482 2038 57 44 &c.

263 2070 117 44 RESP.
341 2070 117 44 Minor
420 2070 117 44 falsa
498 2070 91 44 est
550 2070 131 44 duobus
641 2070 183 44 nominibus.
785 2070 144 44 Primum,
889 2070 104 44 quia
942 2070 91 44 negat

228 2111 199 44 proprietatem
390 2111 112 44 vocum
464 2111 100 44 quae
527 2111 75 44 de
564 2111 87 44 Deo
614 2111 187 44 enunciantur
763 2111 137 44 univoce
863 2111 62 44 &
875 2111 150 44 propriissi

240 2147 81 41 me.
287 2147 81 41 Nam
333 2147 104 41 sicut
402 2147 139 41 proprium
507 2147 116 41 Patris
588 2147 93 41 est,
646 2147 139 41 gigneres
750 2147 81 41 ita
796 2147 139 41 proprium
900 2147 104 41 Filii
958 2147 58 41 est

235 2176 124 43 genitum
325 2176 102 43 esse.
393 2176 79 43 Hoc
438 2176 102 43 pueri
506 2176 124 43 norunt,
596 2176 90 43 opus
652 2176 102 43 esse,
720 2176 68 43 ut
754 2176 79 43 qui
799 2176 102 43 pater
867 2176 124 43 proprie
946 2176 79 43 dici-

226 2210 88 45 tur,
281 2210 111 45 filium
359 2210 144 45 genuerit,
469 2210 55 45 &
491 2210 77 45 qui
536 2210 111 45 filius
613 2210 122 45 proprie
701 2210 133 45 dicitur,
801 2210 77 45 sit
845 2210 55 45 a
867 2210 100 45 patre
922 2210 100 45 genitus

232 2241 88 36 haec
287 2241 110 36 relata
364 2241 99 36 simul
431 2241 110 36 natura
508 2241 77 36 sua
541 2241 66 36 sunt

275 2269 124 44 recundo
365 2269 146 44 propterea
477 2269 101 44 falsa
545 2269 79 44 est
590 2269 112 44 Minor,
668 2269 90 44 quia
724 2269 79 44 est
769 2269 157 44 ἀσυστατος:
893 2269 79 44 nam
927 2269 101 44 loquens

220 2310 68 36 de
254 2310 68 36 eo
288 2310 80 36 qui
334 2310 137 36 exsistit
436 2310 68 36 ab
471 2310 125 36 aeterno
562 2310 57 36 &
585 2310 171 36 generatione
721 2310 137 36 aeterna,
824 2310 114 36 utitur
893 2310 125 36 particula

223 2344 124 37 demum,
309 2344 99 37 quae
371 2344 149 37 temporis
483 2344 260 37 citcumscriptionem
705 2344 149 37 denotat.
817 2344 74 37 At
854 2344 149 37 temporis
953 2344 74 37 cit-

223 2377 168 41 cumscriptio
357 2377 67 41 in
391 2377 78 41 rem
435 2377 134 41 aeternam
536 2377 78 41 non
581 2377 112 41 cadit:
659 2377 134 41 genitura
760 2377 101 41 Filii
827 2377 123 41 aeterna
916 2377 89 41 est:
961 2377 67 41 quid

232 2412 92 33 ergo
290 2412 69 33 ad
325 2412 104 33 illam
394 2412 207 33 citcumscriptio
566 2412 150 33 temporis?
681 2412 161 33 Potuissent
808 2412 81 33 hoc
854 2412 81 33 vel
900 2412 69 33 ex
923 2412 92 33 Philo-

228 2443 93 41 sopho
289 2443 124 41 discere,
382 2443 72 41 qui
423 2443 72 41 li.
465 2443 62 41 4.
495 2443 93 41 Phys.
557 2443 62 41 c.
588 2443 72 41 12.
629 2443 62 41 T.
660 2443 82 41 117.
712 2443 82 41 ait:
763 2443 72 41 Res
804 2443 124 41 aeternae
897 2443 72 41 non
938 2443 82 41 sunt
980 2443 51 41 in-

222 2478 138 41 tempore,
326 2478 81 41 hoc
372 2478 92 41 ipso
430 2478 92 41 quod
487 2478 127 41 aternae
579 2478 104 41 sunt.
649 2478 104 41 Neque
718 2478 92 41 enim
775 2478 81 41 eas
821 2478 173 41 amplectitur
948 2478 92 41 tempus

232 2511 102 41 neque
300 2511 102 41 earum
368 2511 136 41 rationem
459 2511 102 41 metitus

261 2542 136 44 Pergunt
360 2542 210 44 Samosateniani
533 2542 62 44 &
557 2542 124 44 Filium
644 2542 87 44 Dei
693 2542 99 44 esse
755 2542 99 44 ante
817 2542 111 44 mundi
879 2542 148 44 creationem

230 2576 146 44 genitum,
339 2576 122 44 negant
425 2576 85 44 his
461 2576 195 44 sophismatibus.

260 2608 113 48 Primum
339 2608 91 48 est:
396 2608 113 48 Nullus
475 2608 91 48 anno
532 2608 68 48 ab
566 2608 91 48 orbe
622 2608 125 48 condito
713 2608 68 48 39
747 2608 79 48 70.
792 2608 113 48 natus,
872 2608 113 48 potuit
940 2608 79 48 geni-

225 2642 88 38 tus
275 2642 100 38 esse
337 2642 100 38 ante
400 2642 125 38 mundum
475 2642 113 38 creatum

250 2676 113 45 Filius
329 2676 79 45 Dei
374 2676 135 45 Christus
475 2676 90 45 anno
531 2676 68 45 ab
565 2676 90 45 orbe
622 2676 124 45 condito
712 2676 101 45 3970,
779 2676 79 45 est
824 2676 113 45 natus:
903 2676 101 45 Ergo,
960 2676 56 45 &c.

258 2720 108 48 RESP.
330 2720 144 48 Fallacia
438 2720 84 48 est
486 2720 72 48 ab
522 2720 180 48 ignoratione
666 2720 144 48 elenchi,
774 2720 108 48 quasi
846 2720 156 48 pugnarent
954 2720 72 48 haec

222 2747 106 47 duo,
288 2747 133 47 Filium
381 2747 93 47 Dei
435 2747 120 47 natum
514 2747 106 47 esse
581 2747 106 47 Anno
647 2747 120 47 mundi
727 2747 67 47 3
754 2747 67 47 9
780 2747 93 47 70.
834 2747 67 47 &
860 2747 146 47 genitum
953 2747 80 47 esse

223 2788 97 37 ante
283 2788 121 37 mundum
368 2788 145 37 creatum.
477 2788 157 37 Pugnarent
598 2788 109 37 ista,
671 2788 73 37 si
707 2788 121 37 Filius
792 2788 85 37 Dei
840 2788 121 37 tantum
913 2788 109 37 creatur

219 2823 74 37 ta
256 2823 123 37 esset.
342 2823 86 37 Sed
391 2823 99 37 quia
453 2823 148 37 aeternus
564 2823 111 37 etiam
638 2823 99 37 Deus
700 2823 99 37 est,
762 2823 148 37 secundum
873 2823 136 37 humanam
959 2823 74 37 qui-

229 2851 87 47 dem
278 2851 137 47 naturam
378 2851 112 47 natus
453 2851 87 47 est
503 2851 75 47 in
540 2851 150 47 tempore,
653 2851 150 47 secundum
765 2851 137 47 divinam
865 2851 100 47 vero
915 2851 112 47 genitus

228 2885 70 42 ab
252 2885 117 42 aeterno.

261 2915 146 44 Secundum
371 2915 146 44 sophisma
480 2915 85 44 hoc
517 2915 73 44 est:

273 2947 94 51 Omnis
335 2947 115 51 genitus
419 2947 63 51 ex
450 2947 126 51 essentia
544 2947 105 51 Patris
618 2947 73 51 est
660 2947 146 51 mutabilis:
775 2947 63 51 At
806 2947 105 51 Filius
879 2947 84 51 Dei,
931 2947 84 51 quia
973 2947 63 51 est;

235 2973 87 53 Deus
289 2973 141 53 aeternus,
398 2973 76 53 non
441 2973 76 53 est
474 2973 130 53 mutabilis:

268 3019 83 53 Ergo
320 3019 73 53 non
361 3019 73 53 est
403 3019 114 53 genitus
486 3019 62 53 ex
517 3019 125 53 essentia
600 3019 93 53 Patris.

264 3056 105 50 RESP.
334 3056 163 50 Propositio
463 3056 82 50 non
509 3056 82 50 est
556 3056 140 50 universe
649 3056 82 50 vera.

261 3087 107 52 Illam
332 3087 83 52 sic
380 3087 178 52 statuminare
510 3087 131 52 conantur:

265 3129 64 62 Si
297 3129 139 62 generatio
405 3129 75 62 est
448 3129 118 62 mutatio
533 3129 54 62 a
555 3129 75 62 non
598 3129 97 62 esse,
662 3129 75 62 tum
705 3129 97 62 omnis
770 3129 118 62 genitus
855 3129 64 62 ex
888 3129 129 62 essentia
973 3129 54 62 Pa-

233 3158 87 56 tris
287 3158 76 56 est
331 3158 152 56 mutabilis:
451 3158 152 56 Antecedens
570 3158 98 56 est;.
635 3158 87 56 Ergo
690 3158 54 56 &
701 3158 141 56 consequens.

257 3194 115 65 RESP.
334 3194 178 65 Antecedens
474 3194 153 65 continet
589 3194 204 65 definitionem
754 3194 153 65 duntaxat
869 3194 166 65 generatio

1060 158 84 61 nis
1108 158 156 61 physicae,
1228 158 96 61 quae
1288 158 72 61 in
1324 158 84 61 res
1372 158 192 61 metaphysicas
1528 158 60 61 &
1552 158 132 61 divinas
1648 158 84 61 non
1696 158 156 61 competit.
1804 158 72 61 Phy-

1058 203 102 41 sica
1122 203 153 41 inferior
1237 203 153 41 scientia
1352 203 89 41 non
1403 203 89 41 dat
1454 203 115 41 modum
1531 203 115 41 rebus
1608 203 179 41 superioris
1748 203 89 41 aut
1787 203 89 41 poti-

1067 240 79 37 us
1106 240 131 37 summae
1198 240 131 37 omnium
1290 240 183 37 scientiae.
1434 240 118 37 Omnis
1512 240 131 37 igitur
1604 240 144 37 genitus
1709 240 144 37 physice
1814 240 65 37 &
1827 240 52 37 ex

1069 275 114 43 patris
1148 275 137 43 essentia
1251 275 137 43 proprie,
1353 275 80 43 est
1399 275 159 43 mutabilis.
1524 275 68 43 At
1558 275 114 43 Filius
1638 275 80 43 Dei
1683 275 102 43 supra
1752 275 91 43 hanc
1797 275 80 43 natu-

1071 299 82 47 ram
1118 299 94 47 est,
1177 299 105 47 neque
1247 299 129 47 physice
1341 299 82 47 est
1387 299 129 47 genitus
1481 299 70 47 ex
1516 299 117 47 Patris
1598 299 152 47 essentia:
1715 299 129 47 proinde
1797 299 82 47 etiam

1065 335 157 43 mutabilis
1186 335 84 43 non
1234 335 96 43 est,
1294 335 133 43 Mutatio
1391 335 96 43 enim
1451 335 84 43 est
1499 335 145 43 materiae
1608 335 72 43 ac
1644 335 84 43 non
1692 335 133 43 formae.
1789 335 84 43 Res
1825 335 60 43 au-

1071 372 87 39 tem
1120 372 200 39 metaphysicae
1283 372 100 39 sunt
1345 372 125 39 formae
1433 372 175 39 simplices:
1570 372 125 39 quanto
1657 372 112 39 magis
1732 372 150 39 diviuae?
1832 372 50 39 Ut

1069 407 118 43 igitur
1152 407 130 43 perlona
1246 407 106 43 Filii
1317 407 83 43 Dei
1365 407 83 43 est
1412 407 189 43 immutabilis,
1566 407 83 43 ita
1613 407 106 43 etiam
1684 407 130 43 genitus
1778 407 83 43 est
1814 407 59 43 im

1064 440 150 48 mutabiliter

1111 461 129 50 Tertium
1205 461 140 50 sophisma
1310 461 82 50 est
1345 461 94 50 istud:

1108 500 66 52 Si
1141 500 111 52 Filius
1218 500 77 52 Dei
1263 500 77 52 est
1307 500 99 52 verus
1373 500 99 52 Deus,
1440 500 77 52 non
1484 500 77 52 est
1528 500 66 52 ex
1561 500 99 52 Patre
1616 500 111 52 genitus.

1101 539 67 44 At
1134 539 100 44 prius
1201 539 89 44 est.
1257 539 89 44 Ergo
1312 539 56 44 &
1323 539 134 44 posterius.

1103 566 96 51 Nos
1158 566 151 51 negamus
1268 566 151 51 connexi
1379 566 248 51 consequentiam.
1585 566 96 51 Eam
1640 566 110 51 vero
1695 566 193 51 Samosatenia-

1070 608 70 42 ni
1105 608 81 42 sic
1140 608 116 42 probant:

1094 631 69 46 Si
1129 631 115 46 Filius
1210 631 81 46 Dei
1256 631 81 46 est
1302 631 127 46 genitus
1394 631 69 46 ex
1428 631 115 46 Patre,
1509 631 81 46 non
1555 631 115 46 potest
1636 631 92 46 esse
1693 631 81 46 ens
1739 631 115 46 primum
1820 631 58 46 &
1831 631 58 46 im-

1071 672 152 43 mutabile.
1188 672 70 43 At
1223 672 70 43 si
1258 672 82 43 est
1305 672 105 43 verus
1375 672 105 43 Deus,
1445 672 82 43 est
1492 672 82 43 ens
1539 672 117 43 primum
1620 672 58 43 &
1632 672 152 43 immutabile;

1111 707 88 36 Ergo
1166 707 66 36 si
1199 707 77 36 est
1243 707 99 36 verus
1308 707 99 36 Deus,
1374 707 77 36 non
1418 707 77 36 est
1462 707 66 36 ex
1495 707 99 36 Patre
1549 707 99 36 genitus

1103 741 126 39 RESP.
1187 741 126 39 Falsa
1271 741 98 39 est
1327 741 196 39 propositio
1481 741 84 39 ob
1522 741 224 39 ignorationem
1704 741 168 39 elenchi.
1816 741 70 39 Nam

1076 773 131 43 Filium
1168 773 92 43 Dei
1220 773 105 43 esse
1286 773 144 43 genitum
1391 773 79 43 ex
1430 773 118 43 Patre
1509 773 66 43 &
1536 773 105 43 esse
1601 773 92 43 ens
1654 773 131 43 primum
1746 773 118 43 atque
1811 773 66 43 im-

1076 813 155 42 mutabile
1193 813 91 42 non
1244 813 155 42 pugnant.
1361 813 91 42 Est
1413 813 104 42 enim
1478 813 142 42 genitus
1581 813 78 42 ex
1620 813 117 42 Patre
1698 813 155 42 secundum
1801 813 78 42 per-

1070 840 134 40 sonam:
1163 840 67 40 &
1190 840 94 40 est
1244 840 94 40 ens
1297 840 134 40 primum
1391 840 120 40 atque
1471 840 187 40 immutabile
1618 840 161 40 secundum
1725 840 161 40 essentiam.

1085 877 92 43 Quum
1142 877 126 43 genitus
1234 877 138 43 dicitur,
1337 877 80 43 sit
1383 877 126 43 relatio
1475 877 103 43 Filii
1544 877 69 43 ad
1578 877 126 43 Patrem:
1670 877 80 43 cum
1716 877 92 43 vero
1774 877 80 43 ens
1808 877 69 43 pri-

1080 912 81 40 mum
1127 912 58 40 &
1150 912 161 40 immutabile
1276 912 138 40 dicitur,
1380 912 127 40 relatio
1472 912 81 40 sit
1518 912 69 40 ad
1552 912 104 40 entia
1621 912 138 40 caetera,
1725 912 92 40 quae
1782 912 69 40 ab
1805 912 81 40 ipso-

1076 939 113 40 sunt,
1152 939 76 40 in
1190 939 101 40 ipso
1253 939 151 40 (quamvis
1366 939 88 40 suo
1416 939 101 40 modo
1479 939 63 40 &
1504 939 113 40 extra
1580 939 126 40 ipsum)
1668 939 88 40 per
1718 939 113 40 ipsum
1794 939 63 40 &
1806 939 76 40 pro-

1069 979 100 48 pter
1118 979 100 48 ipsum.

1104 1005 143 48 Quartum
1208 1005 156 48 sophisma
1312 1005 143 48 sequitur:

1102 1037 65 46 Si
1135 1037 108 46 Filius
1210 1037 76 46 Dei
1253 1037 130 46 aeternus
1350 1037 86 46 est,
1404 1037 76 46 non
1448 1037 76 46 est
1491 1037 119 46 genitus
1577 1037 65 46 ex
1599 1037 86 46 Patre:

1108 1082 64 33 At
1140 1082 75 33 est
1183 1082 129 33 aternus.
1280 1082 86 33 Ergo
1334 1082 75 33 non
1377 1082 75 33 est
1420 1082 118 33 genitus
1506 1082 64 33 ex
1527 1082 86 33 Patre.

1100 1110 145 35 Majorem
1205 1110 158 35 negamus.
1323 1110 92 35 Eam
1376 1110 132 35 igitur
1468 1110 92 35 sic
1508 1110 132 35 probant:

1115 1136 62 49 Si
1146 1136 103 49 Filius
1218 1136 72 49 Dei
1259 1136 72 49 est
1301 1136 114 49 genitus
1383 1136 62 49 ex
1414 1136 103 49 Patre,
1486 1136 134 49 necessar.
1590 1136 52 49 o
1610 1136 83 49 apit
1652 1136 72 49 esse;

1119 1174 58 37 At
1148 1174 58 37 si
1177 1174 115 37 aeternus
1263 1174 77 37 est,
1311 1174 144 37 impossibile
1426 1174 67 37 est
1464 1174 58 37 ut
1493 1174 115 37 coeperit
1570 1174 67 37 esse:

1118 1210 82 36 Ergo
1169 1210 62 36 si
1200 1210 123 36 aeternus
1292 1210 82 36 est,
1343 1210 72 36 non
1384 1210 72 36 est
1425 1210 113 36 genitus
1507 1210 62 36 ex
1528 1210 82 36 Patre.

1110 1245 109 42 RESP.
1183 1245 109 42 Falsa
1256 1245 85 42 est
1304 1245 122 42 Major.
1389 1245 85 42 Nam
1438 1245 73 42 si
1475 1245 122 42 Filius
1560 1245 85 42 Dei
1608 1245 109 42 esset
1681 1245 134 42 genitus
1779 1245 73 42 ex
1803 1245 85 42 Patre

1075 1269 68 43 in
1109 1269 136 43 tempore,
1211 1269 79 43 tum
1256 1269 159 43 necessario
1381 1269 147 43 coepisset
1494 1269 102 43 esse:
1562 1269 136 43 siquidem
1664 1269 125 43 copisse
1754 1269 91 43 esse
1800 1269 79 43 rerum

1083 1314 81 40 est
1130 1314 185 40 temporalium,
1280 1314 81 40 non
1326 1314 174 40 aeternatum.
1465 1314 69 40 At
1500 1314 93 40 quia
1558 1314 69 40 ab
1593 1314 127 40 aeterno
1685 1314 81 40 est
1732 1314 139 40 genitus,
1824 1314 58 40 ne-

1078 1344 126 43 quaquam
1169 1344 114 43 coepit
1249 1344 103 43 esse,
1318 1344 80 43 sed
1363 1344 114 43 semper
1432 1344 57 43 est

1120 1365 135 53 Instant:
1221 1365 90 53 Quod
1277 1365 112 53 semper
1356 1365 90 53 est,
1412 1365 180 53 ingenerabile
1558 1365 90 53 est:
1614 1365 112 53 Ratio,
1693 1365 90 53 quia
1749 1365 90 53 quod
1794 1365 101 53 aternum

1118 1410 96 39 temper
1176 1410 58 39 est.

1112 1431 107 54 Filius
1187 1431 75 54 Dei
1230 1431 107 54 semper
1304 1431 96 54 est;:
1368 1431 85 54 Ergo
1411 1431 160 54 ingenerabilis

1106 1467 113 46 RESP.
1182 1467 113 46 Major
1257 1467 88 46 est
1308 1467 113 46 falsa
1383 1467 75 46 ob
1421 1467 201 46 ignorationem
1584 1467 151 46 elenchi.
1697 1467 88 46 Nam
1747 1467 101 46 quod
1798 1467 75 46 sem-

1089 1512 86 50 per
1138 1512 98 50 est,
1199 1512 86 50 non
1249 1512 160 50 opponitur
1372 1512 185 50 generabili.
1519 1512 86 50 sed
1568 1512 172 50 temporali.
1704 1512 148 50 Dicendum
1802 1512 74 50 ergo

1065 1546 132 40 fuerat:
1161 1546 96 40 Quod
1221 1546 120 40 semper
1305 1546 96 40 est,
1366 1546 180 40 intemporale
1498 1546 72 40 est.

1121 1572 105 45 nstant
1195 1572 116 45 rursus:
1280 1572 63 45 Si
1311 1572 105 45 Filius
1385 1572 74 45 Dei
1427 1572 74 45 est
1469 1572 63 45 ab
1501 1572 105 45 aterno
1575 1572 126 45 genitus,
1669 1572 74 45 tum
1711 1572 105 45 desiit
1775 1572 84 45 gigni-

1115 1608 102 42 RESP
1179 1608 102 42 Nego
1242 1608 229 42 consequentiam:
1433 1608 89 42 nam
1484 1608 89 42 cum
1535 1608 165 42 generatio
1662 1608 114 42 Filii
1738 1608 89 42 Dei
1789 1608 89 42 sit
1827 1608 51 42 ae

1090 1643 115 41 terna,
1170 1643 126 41 nunquam
1262 1643 115 41 desiit
1342 1643 115 41 gigni,
1423 1643 80 41 sed
1469 1643 149 41 generatus
1583 1643 92 41 est,
1641 1643 161 41 generatur,
1767 1643 57 41 &
1779 1643 103 41 genera-

1080 1677 126 38 bitur.
1169 1677 88 38 Cum
1219 1677 101 38 enim
1282 1677 151 38 sermonis
1396 1677 126 38 humani
1484 1677 76 38 ea
1522 1677 88 38 sit
1573 1677 139 38 inopia,
1673 1677 76 38 ut
1711 1677 88 38 rem
1749 1677 139 38 aeternam.

1083 1709 81 38 non
1130 1709 116 38 possit
1211 1709 93 38 nisi
1269 1709 81 38 per
1315 1709 127 38 tempora
1408 1709 162 38 enunciare,
1535 1709 70 38 si
1570 1709 116 38 verbis
1651 1709 127 38 utendum
1744 1709 93 38 est,
1790 1709 93 38 nupro-

1087 1745 90 39 prie
1143 1745 68 39 de
1177 1745 169 39 aeternitate
1312 1745 113 39 tempus
1391 1745 169 39 enunciatur,
1526 1745 90 39 sive
1582 1745 90 39 unum
1638 1745 90 39 sive
1695 1745 113 39 plura:
1773 1745 79 39 see
1807 1745 79 39 tamen

1084 1776 88 49 quia
1139 1776 131 49 quicquid
1237 1776 77 49 est
1281 1776 142 49 temporis,
1391 1776 66 49 id
1423 1776 153 49 enunciatur
1544 1776 99 49 illis
1609 1776 120 49 tribus,
1697 1776 164 49 praeterito,
1817 1776 66 49 pru-

1089 1815 99 33 ente
1150 1815 62 33 &
1175 1815 136 33 futuro,
1274 1815 62 33 &
1299 1815 111 33 totum
1373 1815 123 33 tempus
1459 1815 111 33 simul
1533 1815 123 33 sumtum
1620 1815 136 33 propius
1718 1815 185 33 aeternitate

1081 1842 88 39 est,
1136 1842 88 39 quam
1191 1842 144 39 particula
1302 1842 121 39 illius:
1390 1842 121 39 idcirco
1478 1842 110 39 melius
1556 1842 166 39 aeternitas,
1688 1842 110 39 tribus
1766 1842 99 39 simul
1821 1842 66 39 tem-

1090 1874 122 43 poribus
1178 1874 88 43 quam
1234 1874 77 43 uno
1278 1874 166 43 enunciatur.
1411 1874 77 43 Sic
1455 1874 88 43 Deus
1510 1874 88 43 est,
1565 1874 100 43 fuit,
1632 1874 122 43 futurus
1720 1874 88 43 est,
1775 1874 100 43 nihil
1831 1874 55 43 si-

1078 1909 85 39 ibi
1126 1909 97 39 vult
1187 1909 122 39 aliud,
1272 1909 97 39 quam
1333 1909 146 39 aeternum
1442 1909 109 39 esse:
1515 1909 61 39 &
1540 1909 146 39 Christum
1649 1909 134 39 genitum
1746 1909 97 39 esse
1807 1909 61 39 a
1819 1909 61 39 Pa-

1074 1941 95 39 tre,
1134 1941 107 39 gigni
1205 1941 60 39 &
1229 1941 131 39 genitum
1324 1941 95 39 iri,
1384 1941 107 39 nihil
1456 1941 107 39 aliud
1527 1941 95 39 quam
1587 1941 143 39 aeternum
1694 1941 119 39 gigni.
1766 1941 107 39 Quapro-

1084 1975 98 51 pter
1145 1975 85 51 non
1194 1975 110 51 solum
1267 1975 146 51 dicimus,
1377 1975 122 51 Filium
1462 1975 73 51 ab
1499 1975 134 51 aeterno
1596 1975 122 51 semper
1682 1975 159 51 generatum
1792 1975 85 51 esse.

1075 2006 84 47 sed
1123 2006 108 47 etiam
1195 2006 120 47 semper
1279 2006 132 47 generat

1099 2036 126 53 Instant
1190 2036 126 53 iterum:
1282 2036 69 53 Si
1316 2036 115 53 semper
1397 2036 161 53 generatur,
1523 2036 103 53 habet
1592 2036 172 53 imperfectum
1729 2036 57 53 &
1741 2036 126 53 successi.

1072 2072 83 48 vum
1120 2072 107 48 esse,
1191 2072 83 48 non
1239 2072 107 48 autem
1298 2072 143 48 permanens.

1107 2100 112 46 RESP.
1181 2100 137 46 Negatur
1281 2100 187 46 consequens:
1430 2100 87 46 nam
1480 2100 125 46 falsum
1568 2100 100 46 est,
1630 2100 150 46 Quicquid
1742 2100 125 46 semper
1817 2100 62 46 ge-

1067 2138 134 39 neratur,
1167 2138 67 39 id
1201 2138 111 39 habere
1279 2138 167 39 imperfectum
1412 2138 89 39 esse
1468 2138 100 39 atque
1535 2138 178 39 successivum,
1680 2138 78 39 nec
1724 2138 134 39 permanis
1813 2138 67 39 sem-

1067 2175 103 43 per.
1131 2175 90 43 Nam
1183 2175 205 43 generationis
1350 2175 90 43 cum
1401 2175 218 43 metaphysicae,
1581 2175 90 43 tum
1632 2175 116 43 etiam
1709 2175 141 43 divinae
1799 2175 77 43 pro-

1064 2212 115 39 prium
1141 2212 115 39 illud
1217 2212 102 39 est,
1281 2212 102 39 quod
1345 2212 153 39 generans
1459 2212 64 39 &
1485 2212 166 39 generatum
1612 2212 127 39 semper
1702 2212 115 39 simul
1778 2212 115 39 sint,
1842 2212 38 39 &

1075 2244 137 36 perfecte
1177 2244 91 36 sint
1234 2244 114 36 simul.
1314 2244 80 36 Qui
1359 2244 102 36 aliud
1428 2244 125 36 sentit,
1519 2244 125 36 naturam
1610 2244 182 36 aternitatis,
1746 2244 137 36 aeternarum

1066 2277 114 37 rerum,
1146 2277 57 37 &
1169 2277 183 37 generationis
1317 2277 172 37 spiritualis
1455 2277 137 37 evertit.
1558 2277 195 37 Aeternitatis:
1718 2277 80 37 nam
1753 2277 114 37 aeterni-

1071 2311 81 43 tas
1118 2311 81 43 est
1164 2311 93 43 tota
1222 2311 116 43 simul,
1303 2311 81 43 nec
1350 2311 81 43 per
1396 2311 104 43 TUNC,
1465 2311 70 43 id
1500 2311 93 43 est,
1558 2311 127 43 instans
1651 2311 104 43 ullum
1720 2311 139 43 temporis
1813 2311 58 43 di-

1078 2342 131 36 viditur.
1176 2342 98 36 Rerum
1241 2342 163 36 aeternarum:
1372 2342 76 36 nam
1416 2342 65 36 si
1448 2342 131 36 aeternae
1546 2342 98 36 sunt,
1612 2342 98 36 etiam
1677 2342 174 36 aeternitatis
1808 2342 65 36 pro-

1078 2375 146 37 prietatem
1190 2375 146 37 competere
1303 2375 79 37 eis
1348 2375 124 37 necesse
1438 2375 90 37 est.
1494 2375 180 37 Generationis
1641 2375 124 37 denique
1719 2375 158 37 spiritualis,

1065 2410 82 32 hoc
1112 2410 94 32 est,
1171 2410 188 32 metaphysicae
1324 2410 59 32 &
1347 2410 141 32 divinae,
1453 2410 94 32 quia
1512 2410 71 32 in
1547 2410 129 32 utraque
1641 2410 82 32 hac
1688 2410 176 32 generatione
1817 2410 59 32 ge-

1068 2445 120 33 nerans
1152 2445 60 33 &
1176 2445 156 33 generatum
1296 2445 120 33 semper
1380 2445 108 33 simul
1452 2445 144 33 perfecte
1560 2445 108 33 sunt,
1632 2445 84 33 nec
1680 2445 120 33 aliter
1764 2445 72 33 se
1788 2445 96 33 habere

1071 2474 142 43 possunt.
1177 2474 106 43 Atque
1248 2474 106 43 hujus
1319 2474 83 43 rei
1366 2474 106 43 ratio
1437 2474 83 43 est
1485 2474 142 43 evidens,
1591 2474 71 43 si
1626 2474 71 43 ad
1662 2474 106 43 rerum
1721 2474 165 43 metaphysica-

1068 2509 88 39 rum
1119 2509 201 39 divinarumque
1282 2509 138 39 naturam
1383 2509 189 39 respexeris.
1534 2509 88 39 Nam
1584 2509 101 39 quae
1647 2509 63 39 a
1672 2509 126 39 natura
1748 2509 138 39 simplicia

1078 2542 98 35 sunt,
1144 2542 65 35 ea
1176 2542 109 35 semper
1253 2542 76 35 ita
1296 2542 87 35 sunt
1351 2542 65 35 ut
1383 2542 98 35 sunt,
1449 2542 76 35 nec
1492 2542 109 35 aliter
1569 2542 65 35 se
1601 2542 109 35 habere
1678 2542 131 35 possunt,
1765 2542 109 35 quatenus

1078 2577 99 33 sunt.
1144 2577 77 33 Ita
1188 2577 99 33 autem
1255 2577 88 33 sunt
1310 2577 77 33 res
1354 2577 188 33 metaphysicae,
1509 2577 155 33 simplices:
1630 2577 77 33 res
1674 2577 121 33 divinae
1752 2577 121 33 simplicis

1075 2608 114 46 simae.
1154 2608 102 46 Velut
1222 2608 102 46 anima
1291 2608 159 46 rationalis
1416 2608 125 46 simplex
1506 2608 91 46 est,
1563 2608 57 46 &
1586 2608 170 46 simpliciter
1722 2608 136 46 rationem
1813 2608 57 46 gi-

1075 2643 86 47 gnit
1129 2643 65 47 de
1162 2643 65 47 se
1194 2643 65 47 in
1226 2643 76 47 se.
1270 2643 65 47 Si
1302 2643 173 47 simpliciter,
1442 2643 130 47 perfecte
1539 2643 119 47 igitur:
1626 2643 76 47 nam
1669 2643 65 47 si
1701 2643 162 47 imperfecte,
1820 2643 54 47 non

1073 2685 113 36 foret
1149 2685 150 36 simplex,
1261 2685 100 36 quia
1324 2685 175 36 compositio
1461 2685 75 36 in
1499 2685 88 36 eam
1549 2685 150 36 caderet.
1661 2685 75 36 At
1699 2685 125 36 neutra
1774 2685 100 36 compo-

1079 2713 125 38 itionem
1170 2713 114 38 habet:
1250 2713 125 38 simplex
1341 2713 114 38 igitur
1421 2713 80 38 est
1466 2713 57 38 a
1489 2713 125 38 natura.
1580 2713 68 38 Si
1615 2713 125 38 simplex
1706 2713 57 38 a
1729 2713 125 38 natura:
1809 2713 68 38 ergo

1074 2744 61 39 &
1098 2744 146 39 perfecta
1208 2744 85 39 est
1256 2744 73 39 Si
1293 2744 61 39 a
1317 2744 134 39 natura,
1415 2744 122 39 semper
1500 2744 85 39 est
1548 2744 134 39 simplex
1646 2744 61 39 &
1670 2744 158 39 perfecta,
1792 2744 73 39 ex
1816 2744 61 39 quo

1068 2782 96 43 est.
1128 2782 168 43 Veruntamen
1260 2782 108 43 anima
1331 2782 96 43 sive
1391 2782 108 43 mens,
1463 2782 120 43 semper
1547 2782 144 43 rationem
1655 2782 72 43 in
1690 2782 72 43 se
1726 2782 72 43 de
1762 2782 72 43 se
1786 2782 96 43 gignit

1062 2811 138 38 simplex
1162 2811 175 38 simplicem,
1299 2811 150 38 perfecta
1412 2811 175 38 perfectam,
1549 2811 163 38 semperque
1674 2811 138 38 genuit.
1774 2811 100 38 Quod
1824 2811 50 38 si

1065 2843 142 50 spiritus
1171 2843 83 50 qui
1219 2843 106 50 certo
1289 2843 130 50 tempore
1384 2843 153 50 coeperunt
1502 2843 106 50 esse,
1572 2843 71 50 id
1608 2843 106 50 tamen
1679 2843 189 50 proprietatis
1820 2843 59 50 ha-

1071 2876 107 40 bent,
1143 2876 72 40 ut
1179 2876 155 40 simplices
1298 2876 60 40 &
1322 2876 143 40 porfecti
1429 2876 155 40 simplicem
1549 2876 191 40 perfectamque
1704 2876 143 40 rationem
1799 2876 84 40 geni-

1074 2911 107 35 tura
1140 2911 200 35 metaphysica
1300 2911 173 35 generent:
1433 2911 146 35 quomodo
1540 2911 80 35 id
1580 2911 226 35 simplicissimo
1766 2911 133 35 omnium
1846 2911 40 35 &

1075 2944 66 47 ab
1108 2944 120 47 aeterno
1195 2944 153 47 exsistenti
1315 2944 131 47 spiritui
1403 2944 120 47 adimetur:

1101 2973 130 43 Instant
1196 2973 118 43 adhuc:
1278 2973 106 43 Atqui
1349 2973 83 43 non
1397 2973 83 43 ita
1444 2973 118 43 docent
1526 2973 142 43 Theologi
1633 2973 130 43 memoria
1715 2973 95 43 nostra

1108 3008 112 45 RESP.
1182 3008 161 45 Invidiose
1306 3008 87 45 hoc
1356 3008 174 45 adducitur,
1492 3008 74 45 ut
1530 3008 137 45 humanae
1629 3008 186 45 autoritates
1765 3008 112 45 commit-

1062 3043 129 39 tantur.
1156 3043 70 39 At
1191 3043 117 39 primum
1273 3043 105 39 omnes
1343 3043 117 39 Patres
1425 3043 82 39 uno
1472 3043 82 39 ore
1519 3043 82 39 sic
1566 3043 117 39 locuti
1648 3043 94 39 sunt
1706 3043 70 39 ut
1741 3043 82 39 nos
1776 3043 94 39 loqui-

1063 3084 94 30 mut:
1122 3084 129 30 nostrae
1216 3084 94 30 vero
1275 3084 118 30 etatis
1357 3084 141 30 Theologi
1463 3084 82 30 vel
1510 3084 118 30 Patrum
1592 3084 165 30 sententiam
1721 3084 118 30 secuti
1792 3084 82 30 sunt,

1059 3111 83 36 vel
1107 3111 71 36 de
1142 3111 71 36 re
1178 3111 95 36 tota
1237 3111 166 36 tacuerunt:
1367 3111 83 36 vel
1414 3111 142 36 docentes
1521 3111 130 36 tantum,
1616 3111 118 36 Filium
1698 3111 83 36 Dei
1746 3111 71 36 ab
1769 3111 107 36 aeterne

1065 3146 132 49 genitum
1161 3146 108 49 esse,
1233 3146 84 49 hoc
1281 3146 168 49 voluetunt,
1413 3146 96 49 sine
1474 3146 156 49 principio
1594 3146 156 49 temporali
1714 3146 132 49 genitum
1798 3146 72 49 esse

1065 3183 132 35 interim
1161 3183 192 35 aeternitatem
1317 3183 192 35 generationis
1474 3183 84 35 non
1522 3183 156 35 negarunt.

1099 3214 112 41 Mancat
1177 3214 112 41 igitur
1255 3214 112 41 firmu,
1334 3214 112 41 Filium
1412 3214 78 41 Dei
1457 3214 90 41 esse
1513 3214 123 41 genitum
1602 3214 56 41 a
1625 3214 78 41 Deo
1670 3214 101 41 Patre
1737 3214 67 41 ab
1759 3214 112 41 aeterno.
