2063 3407
251 157 192 54 Theoremata
402 157 150 54 quaedam
511 157 82 54 de
552 157 123 54 Filii
634 157 96 54 Dei
689 157 205 54 generatione
840 157 68 54 di-

484 201 113 41 vina
554 201 84 41 ac
582 201 127 41 aterna.

218 243 68 49 I.
252 243 113 49 Filius
331 243 79 49 Dei
376 243 124 49 genitus
466 243 79 49 est
511 243 79 49 non
557 243 68 49 ab
591 243 136 49 essentia
692 243 113 49 divina
771 243 181 49 simpliciter,
918 243 79 49 sed
952 243 34 49 a

192 287 115 43 persona
275 287 115 43 Patris:
358 287 83 43 ideo
410 287 73 43 non
452 287 73 43 est
494 287 135 43 essentiae
598 287 125 43 divinae,
691 287 73 43 non
733 287 146 43 Trinitatis
848 287 115 43 filius,
931 287 73 43 sed

188 319 99 43 mius
250 319 124 43 tantum
336 319 161 43 personae,
460 319 136 43 nimirum
547 319 99 43 Patris

211 341 148 46 Objicitur
324 341 68 46 I.
358 341 91 46 Deus
415 341 79 46 est
460 341 136 46 essentia
562 341 125 46 divina:
653 341 125 46 Secunda
744 341 125 46 persona
835 341 136 46 Deitatis
926 341 45 46 es

187 388 108 42 Filius
263 388 75 42 Dei
306 388 86 42 Ergo
359 388 75 42 est
402 388 140 42 essentiae
510 388 118 42 divinae
596 388 118 42 filius;
682 388 54 42 &
703 388 75 42 per
746 388 161 42 consequens,
875 388 75 42 non
908 388 75 42 unius

184 416 113 47 tantum
251 416 124 47 personae.

210 449 115 40 RESP.
287 449 141 40 Negamus
390 449 231 40 consequentiam,
582 449 103 40 quia
646 449 192 40 committitur
800 449 154 40 fallacia
903 449 64 40 ho-

177 481 175 41 monymiae:
311 481 121 41 nomen
392 481 108 41 enim
459 481 94 41 DEI
513 481 148 41 sumitur
621 481 81 41 in
661 481 135 41 majore
756 481 215 41 propositione
917 481 54 41 ab

181 512 136 46 solute,
280 512 74 46 in
317 512 124 46 minore
404 512 112 46 autem
478 512 136 46 relate.
577 512 99 46 Quum
639 512 149 46 absolute
751 512 149 46 sumitur,
862 512 99 46 quod
912 512 62 46 fit

179 547 84 40 cum
227 547 84 40 per
275 547 72 40 se
311 547 192 40 consideratur
467 547 144 40 quatenus
575 547 156 40 creaturis
695 547 156 40 opponitur
815 547 60 40 a
839 547 120 40 quibus
911 547 72 40 dis-

177 588 145 40 paratur.
285 588 84 40 tum
334 588 157 40 essentiam
454 588 133 40 divinam
551 588 181 40 significat,
696 588 72 40 ut
732 588 84 40 cum
780 588 133 40 dicitur
864 588 109 40 Matthae

190 620 78 34 19.
234 620 78 34 17.
279 620 111 34 Nullus
357 620 78 34 est
401 620 111 34 bonus,
479 620 89 34 nisi
535 620 100 34 unus,
602 620 100 34 nempe
668 620 100 34 Deus.
735 620 89 34 Quum
791 620 100 34 autem
858 620 111 34 relate
924 620 56 34 ac-

184 651 137 34 cipitur,
286 651 91 34 quod
343 651 80 34 sit
388 651 80 34 cum
434 651 137 34 alicujus
536 651 137 34 personae
639 651 159 34 proprietas
764 651 80 34 aut
809 651 125 34 relatio
900 651 68 34 ei
923 651 57 34 ad-

184 678 144 44 jungitur
292 678 84 44 vel
340 678 168 44 ooponitur,
472 678 84 44 tum
520 678 144 44 personam
629 678 168 44 significat
761 678 96 44 sive
821 678 108 44 unam,
893 678 72 44 ut
917 678 60 44 cum

187 716 121 38 secunda
275 716 121 38 persona
363 716 132 38 Deitatis
461 716 121 38 dicitur
549 716 110 38 Filius
626 716 88 38 Dei;
681 716 88 38 sive
736 716 99 38 duas,
801 716 66 38 ut
834 716 77 38 cum
867 716 110 38 Spiritur

194 742 115 39 Sanctus
277 742 115 39 dicitur
360 742 125 39 Spiritus
454 742 83 39 Dei,
506 742 104 39 velbti
579 742 83 39 Gen.
631 742 62 39 1.
662 742 62 39 v.
693 742 62 39 2.
725 742 125 39 Spiritus
818 742 73 39 Dei
860 742 146 39 incubabat,

188 776 103 41 supat
256 776 205 41 ficietaquarum:
427 776 80 41 hic
473 776 91 41 enim
530 776 182 41 intelligitur
678 776 137 41 Spiritus
780 776 114 41 Patris
860 776 57 41 &
883 776 114 41 Filii.
951 776 46 41 In

188 811 114 37 istius
267 811 171 37 objectionis
404 811 125 37 minore,
496 811 148 37 accipitur
610 811 80 37 Dei
655 811 103 37 nomen
724 811 125 37 relate,
815 811 80 37 pro
861 811 103 37 unica
918 811 68 37 per-

186 843 83 40 sona
237 843 114 40 Patris;
320 843 83 40 quia
372 843 103 40 filius
444 843 72 40 est
486 843 103 40 Patris
558 843 114 40 filius:
641 843 93 40 atque
703 843 72 40 ita
744 843 114 40 quatuor
827 843 93 40 fiunt
879 843 103 40 termini-

195 876 87 47 Rvit
250 876 109 47 igitur
315 876 131 47 conclusio-

227 905 144 41 Objicitur
338 905 78 41 II.
382 905 100 41 Verus
448 905 89 41 Deus
504 905 78 41 est
548 905 144 41 Trinitas:
659 905 122 41 Secunda
747 905 122 41 persona
836 905 133 41 Deitatis
925 905 66 41 est?

192 936 102 43 Filius
263 936 81 43 veri
314 936 81 43 Dei:
365 936 81 43 Ergo
415 936 71 43 est
456 936 102 43 filius
517 936 122 43 Trinitatis

229 973 68 45 At
263 973 124 45 quilhoc
353 973 79 45 est
398 973 147 45 abjurdum,
511 973 90 45 quia
567 973 135 45 Trinitas
669 973 79 45 non
714 973 102 45 habet
782 973 113 45 filium
850 973 135 45 naturalem:

193 1004 87 42 Ergo
248 1004 120 42 secunda
335 1004 120 42 persona
422 1004 76 42 non
465 1004 76 42 est
509 1004 109 42 Filius
585 1004 87 42 veri
629 1004 65 42 Dei.

220 1036 122 39 RESP.
302 1036 150 39 Negatur
411 1036 231 39 consequentia,
601 1036 109 39 quia
669 1036 150 39 propter
778 1036 190 39 homonymiam
914 1036 68 39 me-

189 1069 83 43 dii
237 1069 107 43 fiunt
308 1069 131 43 quatuor
404 1069 143 43 termini:
511 1069 83 43 nam
559 1069 107 43 verus
630 1069 95 43 Deus
690 1069 72 43 in
726 1069 119 43 majore
809 1069 155 43 accipitur
916 1069 60 43 ab-

193 1105 131 41 solute,
288 1105 72 41 in
324 1105 119 41 minore
408 1105 119 41 relate
491 1105 155 41 Prepterea
610 1105 107 41 major
682 1105 191 41 particularis
837 1105 95 41 est.
897 1105 95 41 Quod
944 1105 36 41 s

191 1135 187 41 universaliter
345 1135 187 41 intelligatur,
498 1135 99 41 falsa
564 1135 88 41 est:
619 1135 77 41 non
663 1135 88 41 enim
718 1135 132 41 quicquid
816 1135 77 41 est
860 1135 99 41 verus
915 1135 77 41 Deus,

194 1167 76 43 est
237 1167 130 43 Trini:as
335 1167 76 43 sed
378 1167 76 43 vel
421 1167 140 43 Trinitas,
529 1167 76 43 vel
572 1167 108 43 aliqua
648 1167 151 43 Trinitatis
767 1167 130 43 persona.
864 1167 97 43 Falsa
918 1167 65 43 igi-

190 1203 76 40 tur
233 1203 76 40 est
266 1203 119 40 conclune.

395 1245 193 44 Hactenus
540 1245 161 44 primum
637 1245 177 44 theorema.

229 1287 80 44 II.
274 1287 114 44 Genita
354 1287 80 44 est
400 1287 125 44 persona
491 1287 80 44 non
536 1287 137 44 essentia
639 1287 125 44 divina:
730 1287 68 44 ut
764 1287 91 44 enim
821 1287 137 44 essentia
912 1287 80 44 divi-

188 1327 67 47 na
221 1327 78 47 non
266 1327 122 47 gignit,
354 1327 78 47 ita
399 1327 78 47 nec
443 1327 133 47 gignitur

224 1358 150 43 Objiciunt
339 1358 69 43 I.
373 1358 115 43 Filius
454 1358 81 43 Dei
500 1358 81 43 est
534 1358 115 43 genitus:

230 1389 110 47 Filius
307 1389 77 47 Dei
351 1389 77 47 est
395 1389 132 47 essentia
482 1389 99 47 divina:

230 1425 85 45 Ergo
284 1425 128 45 essentia
380 1425 107 45 divina
454 1425 75 45 est
486 1425 96 45 genita.

223 1445 112 53 RESP.
297 1445 112 53 Primo
372 1445 137 53 negatur
472 1445 212 53 consequentia,
646 1445 100 53 quia
709 1445 175 53 proceditur
846 1445 62 53 a
871 1445 112 53 dicto
933 1445 50 53 se

191 1489 125 41 cundum
279 1489 100 41 quid
342 1489 75 41 ad
379 1489 125 41 dictum
467 1489 200 41 simpliciter.
629 1489 88 41 Nam
679 1489 138 41 ssentia
779 1489 125 41 divina
867 1489 75 41 in
892 1489 100 41 assum-

198 1520 106 43 tione
269 1520 141 43 secundum
374 1520 94 43 quid
433 1520 141 43 dicitur,
539 1520 70 43 in
574 1520 176 43 conclusione
715 1520 176 43 simpliciter
856 1520 117 43 Filius
926 1520 59 43 Dei

196 1556 86 39 enim
250 1556 75 39 est
293 1556 129 39 essentia
389 1556 118 39 divina,
475 1556 75 39 sed
518 1556 86 39 nuon
572 1556 172 39 simpliciter,
711 1556 97 39 verum
775 1556 129 39 quatenus
872 1556 86 39 illa
915 1556 64 39 per-

200 1589 125 40 sonalis
290 1589 181 40 proprietatis
437 1589 57 40 &
460 1589 158 40 relationis
585 1589 125 40 ratione
675 1589 68 40 in
709 1589 125 40 persona
800 1589 102 40 Filij
856 1589 136 40 determina-

190 1621 91 38 tur.
246 1621 113 38 Deinde
326 1621 159 38 adversarii
450 1621 159 38 confundunt
575 1621 181 38 proprietates
722 1621 159 38 personales
847 1621 57 38 &
858 1621 125 38 essentia.

198 1662 94 31 les.
257 1662 82 31 Nam
304 1662 71 31 de
339 1662 106 31 quali
410 1662 82 31 ber
457 1662 129 31 persona
551 1662 141 31 Deitatis
657 1662 94 31 dici
716 1662 118 31 potest
798 1662 59 31 &
821 1662 165 31 proprietas
939 1662 47 31 e-

194 1684 86 45 jus
243 1684 172 45 personalis
378 1684 62 45 &
403 1684 148 45 quicquid
514 1684 135 45 commune
612 1684 86 45 est
662 1684 135 45 omnibus
760 1684 160 45 personis,
883 1684 74 45 ut
908 1684 74 45 quoo

202 1719 143 45 quaelibut
312 1719 121 45 illarum
400 1719 77 45 sit
444 1719 99 45 Deus,
510 1719 88 45 quod
565 1719 143 45 quaelibet
674 1719 121 45 illatum
762 1719 77 45 sit
806 1719 132 45 essentia
894 1719 88 45 divina

204 1752 94 46 qued
263 1752 82 46 sit
310 1752 177 46 omnipotens,
452 1752 82 46 &c.
499 1752 82 46 Sed
546 1752 118 46 contra
628 1752 71 46 de
664 1752 141 46 essentia
770 1752 118 46 divina
852 1752 82 46 non
888 1752 94 46 potes.

192 1779 161 47 praedicari
319 1779 161 47 proprietas
446 1779 173 47 personalis.
584 1779 69 47 De
619 1779 104 47 Filio
688 1779 115 47 igitur
769 1779 58 47 d
792 1779 138 47 cipotest
896 1779 58 47 &
919 1779 69 47 q.
942 1779 46 47 od

196 1813 123 47 genitus
286 1813 90 47 sit,
342 1813 56 47 &
364 1813 90 47 quod
420 1813 123 47 ssentia
510 1813 112 47 divina
588 1813 90 47 sit:
644 1813 79 47 Non
689 1813 101 47 tamon
757 1813 90 47 hinc
813 1813 146 47 sequitur,
925 1813 90 47 quod

195 1848 140 38 esientia
300 1848 117 38 divina
382 1848 82 38 sit
428 1848 128 38 genita.
522 1848 151 38 Arelativo
638 1848 70 38 ad
673 1848 151 38 absolutum
790 1848 82 38 non
836 1848 105 38 valet
906 1848 58 38 c
918 1848 58 38 nso

193 1877 138 39 quentii.
296 1877 80 39 Non
342 1877 138 39 quiequid
445 1877 69 39 de
480 1877 138 39 relativo
583 1877 138 39 dicitur,
687 1877 69 39 de
721 1877 138 39 absolut:
825 1877 92 39 dici
871 1877 103 39 potest.

201 1909 82 42 Non
248 1909 140 42 quicquid
353 1909 140 42 proprium
459 1909 82 42 est
506 1909 152 42 personae,
623 1909 140 42 convenit
728 1909 164 42 essentiae:
857 1909 94 42 seu,
904 1909 70 42 quic

197 1947 94 48 quid
256 1947 141 48 personae
362 1947 141 48 proprium
468 1947 82 48 est
515 1947 153 48 essentiae
632 1947 82 48 non
679 1947 165 48 tribuitur,
809 1947 59 48 q
832 1947 71 48 um
856 1947 129 48 essentia.

196 1980 80 36 sit
241 1980 149 36 communis,
356 1980 126 36 persona
448 1980 80 36 non
494 1980 103 36 item.
563 1980 126 36 Tertio,
655 1980 103 36 major
723 1980 80 36 est
769 1980 195 36 particularis:
930 1980 69 36 Et

194 2007 91 43 enim
251 2007 114 43 Filius
330 2007 80 43 Dei
376 2007 80 43 sit
422 2007 137 43 genitus,
524 2007 103 43 tamen
593 2007 80 43 non
638 2007 137 43 quicquid
741 2007 80 43 est
786 2007 125 43 Filius,
877 2007 68 43 id
900 2007 80 43 geni-

194 2039 80 40 tum
239 2039 91 40 est:
296 2039 91 40 quum
353 2039 114 40 Filius
433 2039 80 40 non
479 2039 114 40 tantum
558 2039 80 40 sit
604 2039 125 40 persona
695 2039 125 40 genita,
786 2039 80 40 sed
832 2039 103 40 etiam
889 2039 91 40 essen-

189 2071 84 44 tia
237 2071 155 44 ingenita.
356 2071 107 44 Sicut
428 2071 107 44 Pater
499 2071 119 44 quidem
583 2071 119 44 Filium
667 2071 131 44 genuit,
762 2071 84 44 non
810 2071 107 44 tamen
870 2071 119 44 quicquid

197 2106 78 38 est
242 2106 112 38 Pater,
320 2106 123 38 genuit:
410 2106 90 38 quum
466 2106 101 38 Pater
533 2106 78 38 nen
578 2106 78 38 sit
623 2106 112 38 tantum
701 2106 123 38 persona
791 2106 134 38 gignens,
891 2106 78 38 sed
925 2106 56 38 et-

192 2141 82 43 iam
239 2141 141 43 essentia
345 2141 94 43 quae
404 2141 129 43 proprie
498 2141 141 43 loquendo
604 2141 82 43 non
639 2141 94 43 gignit

234 2160 160 50 Objiciunt
357 2160 86 50 II.
406 2160 147 50 Quicquid
516 2160 61 50 a
541 2160 111 50 Patre
615 2160 86 50 per
664 2160 197 50 generationem
811 2160 172 50 communicatum

199 2203 75 45 est
242 2203 107 45 Filio,
317 2203 64 45 id
349 2203 85 45 est,
402 2203 128 45 genitum:
498 2203 128 45 Essentia
594 2203 107 45 divina
669 2203 53 45 a
690 2203 96 45 Patre
754 2203 75 45 per
797 2203 171 45 generationem
925 2203 64 45 com-

199 2236 135 43 municata
300 2236 78 43 est
345 2236 67 43 Fi
367 2236 56 43 io-

224 2269 85 46 Ergo
277 2269 127 46 essentia
373 2269 106 46 divina
447 2269 74 46 est
479 2269 95 46 genita-

223 2290 104 51 RESP
288 2290 143 51 Negatur
392 2290 117 51 Major
471 2290 196 51 propositio:
627 2290 104 51 quia
692 2290 91 51 non
744 2290 91 51 est
797 2290 104 51 idem
849 2290 130 51 communi-

192 2329 98 49 eari
253 2329 134 49 gig.
351 2329 86 49 Non
400 2329 98 49 enim
461 2329 73 49 id
497 2329 98 49 quod
558 2329 196 49 communicatur
717 2329 134 49 genito,
815 2329 86 49 sed
864 2329 110 49 illud
925 2329 49 49 gi

209 2363 124 51 gnitur,
299 2363 79 51 cui
344 2363 158 51 substantia
468 2363 147 51 gignentis
581 2363 192 51 communicatur.
740 2363 113 51 Filius
819 2363 113 51 itaque
886 2363 102 51 proprie

201 2399 140 43 loquendo
307 2399 140 43 gignitur
412 2399 58 43 a
435 2399 117 43 Patre:
517 2399 140 43 essentia
622 2399 105 43 autem
693 2399 105 43 Filii
763 2399 129 43 proprie
856 2399 82 43 non
891 2399 94 43 gigni-

190 2435 88 40 tur,
245 2435 77 40 sed
289 2435 55 40 a
311 2435 77 40 sei
355 2435 77 40 psa
399 2435 132 40 existens
498 2435 176 40 communicatur
641 2435 55 40 a
663 2435 99 40 Patre
729 2435 99 40 Filio
795 2435 165 40 nascenti:id
916 2435 66 40 quod

205 2462 103 56 etiam
273 2462 69 56 ex
307 2462 103 56 rerum
376 2462 148 56 creatarum
490 2462 171 56 generatione
627 2462 114 56 potest
707 2462 114 56 intel,
775 2462 69 56 igi.

398 2507 174 54 Hucusque
529 2507 174 54 secundum
646 2507 145 54 theorema

225 2541 94 44 III.
284 2541 118 44 Filius
367 2541 83 44 Dei
414 2541 83 44 est
461 2541 130 44 genitus
556 2541 71 44 ex
591 2541 142 44 essentia
697 2541 59 44 &
721 2541 165 44 substantia
850 2541 130 44 Patris,
933 2541 59 44 non

198 2579 132 42 tanquam
294 2579 72 42 ex
330 2579 132 42 materia
426 2579 132 42 proprie
522 2579 156 42 loquendo,
643 2579 84 42 sed
691 2579 96 42 quia
751 2579 84 42 non
799 2579 72 42 ex
835 2579 132 42 materia
919 2579 60 42 ex-

193 2609 80 44 tra
238 2609 126 44 divinam
330 2609 160 44 essentiam:
456 2609 80 44 nec
502 2609 172 44 dilatatione
639 2609 149 44 essentiae
754 2609 126 44 Patris,
846 2609 80 44 nec
880 2609 103 44 proflu-

190 2641 101 44 xione
257 2641 79 44 aut
302 2641 157 44 decisione,
425 2641 79 44 nec
470 2641 191 44 propagatione,
627 2641 79 44 nam
672 2641 135 44 essentia
773 2641 101 44 Filii
840 2641 56 44 a
863 2641 112 44 Patris
930 2641 56 44 es-

192 2677 111 41 sentia
270 2677 78 41 non
314 2677 78 41 est
358 2677 144 41 dilatata,
469 2677 144 41 porrecta,
580 2677 111 41 decisa
658 2677 78 41 aut
703 2677 155 41 propagata.
825 2677 133 41 Theorema
913 2677 67 41 istu

201 2709 74 38 sic
244 2709 170 38 confirmatur.
382 2709 106 38 Filius
456 2709 74 38 Dei
498 2709 74 38 est
541 2709 117 38 genitus
626 2709 74 38 aut
668 2709 64 38 ex
700 2709 95 38 nulla
763 2709 148 38 substantia
880 2709 74 38 aut
922 2709 64 38 ex
944 2709 42 38 a-

197 2736 113 44 liqua.
276 2736 68 44 Si
309 2736 68 44 ex
343 2736 113 44 nulla,
422 2736 79 44 tum
467 2736 79 44 est
512 2736 124 44 genitus
602 2736 68 44 ex
636 2736 124 44 nihilo:
726 2736 90 44 quod
783 2736 79 44 est
828 2736 101 44 plane
884 2736 124 44 absurdum,

199 2778 66 41 Si
232 2778 66 41 ex
265 2778 111 41 aliqua
343 2778 166 41 substantia,
475 2778 77 41 tum
520 2778 77 41 aut
564 2778 122 41 Patris,
652 2778 77 41 aut
696 2778 100 41 alia.
763 2778 66 41 At
796 2778 77 41 non
840 2778 66 41 ex
873 2778 100 41 alia,
929 2778 66 41 quia

208 2806 76 45 sic
251 2806 76 45 non
295 2806 97 45 esset
359 2806 97 45 verus
424 2806 108 45 Patris
500 2806 119 45 Filius:
586 2806 86 45 Ergo
640 2806 65 45 ex
673 2806 151 45 substantia
781 2806 97 45 Patris.

241 2830 167 47 Obiicitur:
373 2830 143 47 Quicquid
480 2830 131 47 commune
576 2830 84 47 est
624 2830 120 47 omnium
707 2830 108 47 trium
779 2830 179 47 personarum,
922 2830 72 47 de
946 2830 48 47 eo

201 2869 112 46 Filius
279 2869 78 46 non
324 2869 78 46 est
369 2869 134 46 genitus:
469 2869 134 46 Essentia
570 2869 112 46 Patris
648 2869 78 46 est
693 2869 134 46 communis
794 2869 112 46 omnium
872 2869 101 46 trium
928 2869 67 46 per-

208 2904 129 49 sonarum.
305 2904 86 49 Ergo
358 2904 64 49 de
391 2904 129 49 essentia
487 2904 107 49 Patris
562 2904 75 49 non
605 2904 75 49 est
648 2904 97 49 Fiius
702 2904 107 49 genitus.

235 2935 108 38 RESP
302 2935 121 38 Major
382 2935 94 38 est
436 2935 229 38 restringenda:
625 2935 161 38 Quicquid
746 2935 148 38 commune
853 2935 94 38 est
893 2935 108 38 omnium

207 2970 105 39 trium
277 2970 175 39 personarum,
418 2970 105 39 nempe
488 2970 82 39 ita
534 2970 70 39 ut
569 2970 82 39 non
616 2970 82 39 sit
663 2970 105 39 certo
733 2970 187 39 considerandi
885 2970 93 39 modo
932 2970 58 39 et-

194 3003 90 41 iam
245 3003 153 41 proprium
360 3003 115 41 unius
437 3003 166 41 personae,
565 3003 77 41 de
604 3003 77 41 eo
642 3003 128 41 Filius
731 3003 90 41 non
783 3003 90 41 est
834 3003 153 41 genitus.
936 3003 64 41 Jam

203 3036 158 38 essentia
321 3036 131 38 Patris
413 3036 92 38 est
466 3036 131 38 quidem
558 3036 131 38 omnium
649 3036 118 38 trium
728 3036 184 38 personarum
860 3036 131 38 communis

196 3070 138 45 ibsolute
299 3070 184 45 considerata:
449 3070 104 45 eadem
518 3070 104 45 tamen
587 3070 173 45 considerata
725 3070 184 45 singulariter
874 3070 69 45 ut
909 3070 81 45 est
943 3070 46 45 de

202 3101 145 41 terminata
313 3101 56 41 &
335 3101 156 41 subsistens
458 3101 67 41 in
491 3101 122 41 persona
580 3101 122 41 Patris,
669 3101 78 41 est
714 3101 122 41 propria
803 3101 122 41 Patris.
892 3101 78 41 Hoc
925 3101 67 41 igi-

197 3138 77 51 tur
241 3138 98 51 sensu
306 3138 164 51 posteriore,
438 3138 66 51 de
471 3138 131 51 essentia
569 3138 109 51 Patris
646 3138 120 51 dicitur
733 3138 109 51 Filius
799 3138 109 51 genitus.

1057 157 90 53 IV.
1109 157 129 53 Filius
1199 157 90 53 Dei
1251 157 90 53 est
1302 157 142 53 genitus
1405 157 90 53 non
1457 157 168 53 voluntate
1586 157 142 53 Pattis,
1689 157 90 53 sed
1728 157 90 53 natui

1018 202 82 41 ra:
1065 202 70 41 ac
1100 202 129 41 proinde
1194 202 140 41 voluntas
1299 202 140 41 gignendi
1404 202 70 41 in
1439 202 105 41 Patre
1509 202 82 41 non
1556 202 164 41 praecessit
1685 202 164 41 generatio

1021 225 84 41 nem
1057 225 84 41 Filij

1056 265 165 56 Obiicitur:
1186 265 83 56 Qui
1233 265 59 56 a
1257 265 130 56 volente
1351 265 106 56 Patre
1422 265 153 56 gignitur,
1540 265 71 56 is
1575 265 153 56 uoluntate
1693 265 118 56 Patris
1764 265 59 56 gi

1001 295 104 49 gnitur

1058 318 108 56 Filius
1134 318 76 56 Dei
1177 318 54 56 a
1199 318 97 56 Patre
1264 318 119 56 volente
1350 318 76 56 est
1383 318 108 56 genitus:

1060 357 84 49 Ergo
1113 357 137 49 uoluntate
1218 357 105 49 Patris
1292 357 74 49 est
1324 357 105 49 genitus.

1052 389 123 53 RESP.
1134 389 123 53 Major
1216 389 164 53 negatur:
1339 389 123 53 primo
1421 389 109 53 enim
1489 389 96 53 non
1544 389 164 53 quicquid
1667 389 96 53 est
1708 389 123 53 volente

1033 421 115 54 Patre,
1113 421 81 54 aut
1159 421 138 54 quicquid
1263 421 104 54 Pater
1332 421 81 54 est
1378 421 127 54 volens,
1470 421 69 54 id
1504 421 81 54 est
1550 421 150 54 voluntate
1665 421 104 54 ejus.
1734 421 81 54 Nam
1769 421 58 54 vo-

1024 459 92 48 lens
1081 459 160 48 omniscius,
1207 459 115 48 bonus,
1287 459 126 48 justus,
1379 459 172 48 misericors,
1516 459 172 48 immortalis,
1654 459 149 48 omnipores
1757 459 69 48 est,

1023 500 86 36 non
1072 500 134 36 nolens,
1169 500 86 36 non
1218 500 147 36 invitus:
1328 500 61 36 &
1353 500 110 36 tamen
1426 500 86 36 non
1475 500 159 36 voluntate
1597 500 98 36 sive
1658 500 134 36 decreto
1744 500 73 36 ali-

1043 531 71 34 quo
1083 531 81 34 suo,
1134 531 71 34 sed
1174 531 101 34 natura
1245 531 91 34 talis
1306 531 81 34 est,
1356 531 71 34 sed
1397 531 152 34 necessitate
1518 531 131 34 absoluta,
1619 531 71 34 qua
1659 531 91 34 talis
1720 531 71 34 est
1750 531 61 34 Deus

1027 563 112 38 qualis
1105 563 90 38 nisi
1162 563 112 38 esset,
1240 563 67 38 ne
1274 563 112 38 quidem
1353 563 101 38 esset
1420 563 124 38 omnino,
1510 563 79 38 aut
1555 563 112 38 saltem
1634 563 79 38 non
1679 563 90 38 Deus
1724 563 90 38 esset,

1026 595 125 35 Deinde
1113 595 112 35 major
1188 595 112 35 locum
1263 595 87 35 non
1313 595 112 35 habet
1388 595 75 35 in
1425 595 187 35 generatione
1575 595 150 35 aeterna.
1688 595 112 35 Sicut
1750 595 75 35 ejus

1029 629 83 35 qui
1077 629 71 35 ab
1112 629 130 35 aeterno
1207 629 130 35 gignit,
1302 629 83 35 tam
1349 629 166 35 generatio,
1479 629 95 35 quam
1539 629 154 35 generandi
1657 629 142 35 voluntas
1752 629 59 35 ae-

1016 665 104 35 terna
1086 665 93 35 est:
1144 665 81 35 ita
1190 665 93 35 ejus
1248 665 81 35 qui
1295 665 70 35 ab
1329 665 127 35 aeterno
1422 665 127 35 genitus
1515 665 81 35 est
1561 665 185 35 generationem
1700 665 116 35 voluntat

1036 692 142 39 gignentis
1145 692 109 39 minime
1221 692 163 39 praecessit.
1352 692 87 39 Etsi
1406 692 109 39 igitur
1482 692 109 39 Filius
1559 692 76 39 Dei
1602 692 120 39 genitus
1689 692 76 39 sit
1733 692 54 39 a
1744 692 76 39 Patre

1023 729 148 34 volente,
1134 729 87 34 non
1183 729 111 34 tamen
1257 729 161 34 voluntate
1381 729 124 34 Patris
1468 729 87 34 est
1517 729 148 34 genitus:
1628 729 111 34 sicut
1690 729 136 34 voluntate

1036 755 108 47 llius
1108 755 108 47 omnes
1180 755 84 47 res
1228 755 132 47 creatae
1324 755 108 47 sunt,
1396 755 120 47 quarum
1480 755 168 47 creationem
1612 755 132 47 poterat
1708 755 108 47 etiam
1768 755 48 47 o

1013 788 118 38 mittere.

1057 814 142 50 Hactenus
1164 814 130 50 secunda
1258 814 177 50 differentia
1400 814 71 50 in
1436 814 189 50 descriptione
1589 814 142 50 personae
1696 814 106 50 Filii
1755 814 71 50 Dei,

1043 856 113 37 posita
1122 856 68 37 ab
1156 856 125 37 aeterna
1247 856 91 37 ejus
1303 856 170 37 generatione
1440 856 68 37 ex
1474 856 113 37 Patre,
1553 856 68 37 de
1587 856 79 37 qua
1632 856 113 37 sobrie
1712 856 102 37 nobis
1768 856 57 37 lo-

1030 890 145 37 quendum,
1139 890 60 37 &
1163 890 133 37 acquie.
1260 890 121 37 cendum
1344 890 157 37 religiose
1465 890 73 37 in
1502 890 73 37 eo
1538 890 97 37 quod
1598 890 73 37 in
1635 890 109 37 Sacra
1695 890 121 37 Scriptu-

1023 921 72 38 ra
1059 921 108 38 nobis
1131 921 168 38 revelatum,
1263 921 60 38 &
1287 921 84 38 non
1335 921 156 38 sapiendum
1454 921 108 38 supra
1526 921 72 38 id
1562 921 96 38 quod
1622 921 72 38 ex
1646 921 168 38 inspiratione

1033 952 107 43 divina
1108 952 150 43 descriptum
1226 952 86 43 est:
1280 952 96 43 neque
1344 952 150 43 quaerendum
1462 952 86 43 est,
1515 952 75 43 sut
1558 952 107 43 verbis
1633 952 86 43 utar
1687 952 96 43 beati
1740 952 75 43 Atha-

1034 989 115 45 nasit,
1114 989 92 45 quae
1171 989 126 45 exstant
1263 989 69 45 in
1298 989 138 45 oratione
1401 989 115 45 tertia
1482 989 115 45 contra
1562 989 126 45 Arianos
1654 989 115 45 pagina
1723 989 92 45 ducen-

1034 1025 131 33 tesima
1125 1025 209 33 decimaquarta
1295 1025 118 33 primi
1374 1025 105 33 tomi
1439 1025 91 33 cur
1491 1025 91 33 non
1544 1025 105 33 tale
1609 1025 91 33 sit
1661 1025 91 33 Dei
1700 1025 118 33 Verbum,

1041 1052 104 34 quale
1111 1052 127 34 nostrum
1203 1052 92 34 est,
1261 1052 92 34 quum
1319 1052 92 34 Deus
1376 1052 150 34 noquaquum
1492 1052 104 34 talis
1561 1052 92 34 sit,
1619 1052 115 34 quales
1700 1052 81 34 nos
1734 1052 81 34 sumus

1039 1088 172 40 quemadmodum
1176 1088 115 40 dictum
1257 1088 92 40 est,
1314 1088 80 40 imo
1360 1088 149 40 indecorum
1475 1088 80 40 est
1521 1088 149 40 quaerere,
1636 1088 126 40 quomodo
1728 1088 69 40 ex
1751 1088 69 40 Deo.

1028 1118 116 36 Verbum
1109 1118 92 36 sit,
1167 1118 81 36 aut
1213 1118 127 36 quomodo
1306 1118 81 36 sit
1352 1118 81 36 Dei
1398 1118 150 36 splendor,
1514 1118 81 36 aut
1560 1118 127 36 quomedo
1653 1118 116 36 gignat
1734 1118 104 36 Deus,
1791 1118 35 36 &

1034 1149 86 46 quis
1088 1149 75 46 sit
1131 1149 97 46 modus
1196 1149 172 46 generationis
1336 1149 86 46 Dei.
1390 1149 151 46 Insanierit
1508 1149 86 46 enim
1562 1149 75 46 qui
1605 1149 97 46 talia
1670 1149 129 46 auderet:
1756 1149 65 46 quo-

1033 1186 92 35 niam
1090 1186 81 35 rem
1136 1186 184 35 ineffabilem,
1286 1186 58 35 &
1309 1186 138 35 proprium
1412 1186 127 35 divinae
1504 1186 138 35 naturae,
1608 1186 58 35 &
1631 1186 138 35 duntaxat
1734 1186 92 35 ipsi
1780 1186 46 35 ac

1039 1212 98 38 Filio
1105 1212 76 38 suo
1148 1212 142 38 cognitam,
1257 1212 109 38 verbis
1334 1212 175 38 interpretari
1476 1212 131 38 conatur.
1574 1212 109 38 Simile
1650 1212 87 38 ist,
1705 1212 65 38 ac
1738 1212 65 38 si
1760 1212 65 38 udem

1034 1246 158 46 quarerent,
1158 1246 79 46 ubi
1203 1246 90 46 Deus
1259 1246 79 46 aut
1304 1246 124 46 quomodo
1395 1246 90 46 Deus
1451 1246 90 46 sit,
1507 1246 56 46 &
1530 1246 124 46 quantus
1620 1246 79 46 sit
1665 1246 113 46 Pater.
1744 1246 79 46 Sed
1778 1246 45 46 ut

1031 1282 100 35 talia
1097 1282 155 35 sciscitari
1219 1282 111 35 impium
1297 1282 89 35 est,
1352 1282 55 35 &
1374 1282 100 35 eorum
1441 1282 78 35 qui
1485 1282 89 35 Deum
1540 1282 144 35 ignorant:
1651 1282 78 35 ita
1695 1282 111 35 quoque
1762 1282 55 35 fa-

1034 1314 78 28 non
1078 1314 89 28 est,
1134 1314 67 28 ut
1168 1314 67 28 de
1201 1314 100 28 Filii
1268 1314 78 28 Dei
1313 1314 156 28 nativitate
1436 1314 67 28 ad
1469 1314 100 28 istum
1536 1314 100 28 modum
1603 1314 212 28 percunctationes
1770 1314 56 28 fa-

1026 1351 106 34 cias,
1097 1351 83 34 aut
1144 1351 71 34 ad
1180 1351 94 34 tuam
1239 1351 130 34 naturam
1333 1351 59 34 &
1357 1351 212 34 imbecillitatem
1534 1351 165 34 modificare
1664 1351 130 34 studeas
1746 1351 71 34 Deum

1030 1380 67 31 ac
1063 1380 79 31 Dei
1108 1380 168 31 sapientiam.
1243 1380 79 31 Non
1288 1380 101 31 tamen
1355 1380 67 31 ob
1389 1380 67 31 id
1423 1380 225 31 praeterveritatem
1614 1380 124 31 aliquid
1692 1380 124 31 cogitandi

1034 1412 80 40 est:
1084 1412 90 40 neque
1144 1412 60 40 si
1174 1412 60 40 te
1204 1412 60 40 in
1234 1412 140 40 quaestione
1344 1412 70 40 non
1384 1412 130 40 explices,
1485 1412 150 40 diffidendum
1605 1412 70 40 est
1645 1412 90 40 Saris
1695 1412 120 40 Scripturis

1031 1445 111 40 quonia
1109 1445 111 40 melius
1187 1445 89 40 est,
1242 1445 189 40 haesitabundos
1398 1445 134 40 ignorata
1498 1445 100 40 causa
1565 1445 111 40 tacere
1643 1445 56 40 &
1665 1445 134 40 credere,
1754 1445 67 40 quam

1043 1475 72 43 deo
1084 1475 72 43 non
1125 1475 123 43 credere,
1217 1475 82 43 quia
1269 1475 133 43 haesitat:
1371 1475 62 43 ea
1402 1475 144 43 potissimum
1515 1475 62 43 de
1546 1475 103 43 causa,
1618 1475 82 43 quod
1669 1475 72 43 qui
1700 1475 123 43 haesitatae

1027 1509 112 40 potest
1105 1509 157 40 aliquomado
1229 1509 112 40 veniam
1308 1509 124 40 mereri,
1397 1509 90 40 quod
1454 1509 124 40 quamvis
1543 1509 168 40 quaesiarit,
1678 1509 90 40 ntra
1734 1509 101 40 quie

1039 1541 82 34 tem
1086 1541 105 34 tamen
1156 1541 129 34 maneat.
1250 1541 82 34 Qui
1297 1541 117 34 autem,
1378 1541 70 34 eo
1413 1541 94 34 quod
1472 1541 70 34 in
1507 1541 164 34 explicanda
1636 1541 105 34 causa
1694 1541 117 34 haesitet

1027 1574 108 34 fingit
1103 1574 98 34 animo
1168 1574 87 34 quae
1222 1574 141 34 nequequam
1331 1574 119 34 decent,
1418 1574 98 34 atque
1483 1574 76 34 ita
1526 1574 65 34 de
1559 1574 76 34 Deo
1602 1574 119 34 indigna
1689 1574 152 34 eloquitur.

1039 1607 193 31 indeprecabilem
1200 1607 129 31 reportat
1297 1607 86 31 suae
1351 1607 129 31 audaciae
1447 1607 161 31 punitionem.
1576 1607 107 31 Potest
1651 1607 86 31 enim
1705 1607 64 31 in
1726 1607 97 31 istius-

1040 1638 80 36 modi
1090 1638 179 36 perplexitatib,
1239 1638 109 36 aliquid
1319 1638 129 36 lenimeti,
1418 1638 109 36 quodque
1498 1638 90 36 animo
1557 1638 139 36 sufficiat,
1667 1638 80 36 sibi
1717 1638 60 36 ex
1736 1638 80 36 sacri-

1030 1668 110 39 literis
1110 1668 80 39 coll
1160 1668 90 39 gere,
1220 1668 60 39 ut
1250 1668 90 39 sumat
1310 1668 60 39 in
1340 1668 90 39 manus
1400 1668 90 39 recte
1460 1668 120 39 scripta,
1550 1668 90 39 atque
1610 1668 80 39 inde
1660 1668 60 39 in
1690 1668 100 39 nostro
1750 1668 60 39 Ver-

1027 1699 70 38 bo
1062 1699 141 38 exemplum
1168 1699 153 38 mutuetur:
1286 1699 59 38 ,
1309 1699 94 38 uod,
1368 1699 176 38 quemadmodum
1509 1699 106 38 illud
1579 1699 141 38 proprium
1685 1699 82 38 est
1720 1699 94 38 nobis.

1039 1733 55 35 &
1061 1733 66 35 ex
1094 1733 100 35 nobis
1161 1733 144 35 exsistit,
1271 1733 78 35 non
1316 1733 100 35 autem
1382 1733 100 35 genus
1449 1733 122 35 aliquod
1537 1733 111 35 operis
1615 1733 100 35 extra
1681 1733 78 35 nos
1725 1733 55 35 a
1736 1733 89 35 nobis.

1030 1768 117 37 factum:
1116 1768 75 37 ita
1158 1768 107 37 quoque
1233 1768 75 37 Dei
1276 1768 107 37 verbum
1350 1768 128 37 proprium
1447 1768 85 37 esse
1500 1768 85 37 Deo,
1553 1768 53 37 &
1575 1768 64 37 ex
1607 1768 75 37 Deo
1649 1768 149 37 exsistere,
1767 1768 75 37 sed

1028 1807 78 35 non
1073 1807 101 35 :amen
1140 1807 67 35 ut
1173 1807 90 35 tale
1229 1807 78 35 sit
1274 1807 101 35 quale
1341 1807 190 35 hominumverbum
1498 1807 90 35 est:
1554 1807 123 35 alioqui
1644 1807 134 35 necessum
1733 1807 90 35 esset,

1029 1831 70 32 ut
1064 1831 185 32 ratiocineris
1215 1831 104 32 etiam
1284 1831 93 32 Deum
1342 1831 127 32 hominem
1435 1831 104 32 esse:
1505 1831 93 32 Ecce
1562 1831 127 32 rursum,
1655 1831 151 32 hominibus
1759 1831 70 32 mul-

1033 1866 66 45 ta
1066 1866 55 45 &
1088 1866 153 45 frequentia
1208 1866 186 45 quotidieverba
1362 1866 164 45 enascuntur,
1493 1866 55 45 &
1515 1866 175 45 praetereunt,
1658 1866 66 45 eo
1690 1866 88 45 quod
1734 1866 77 45 prio-

1028 1899 66 34 ra
1061 1899 77 34 non
1105 1899 131 34 maneant,
1203 1899 77 34 sed
1247 1899 164 34 euanescant:
1378 1899 87 34 quod
1433 1899 87 34 ideo
1487 1899 153 34 contingit,
1607 1899 87 34 quia
1662 1899 131 34 mortales
1749 1899 77 34 isto-

1033 1930 85 33 rum
1082 1930 146 33 verborum
1191 1930 134 33 patres,
1289 1930 146 33 lubricus
1399 1930 61 33 &
1423 1930 232 33 praetermeabiles
1618 1930 134 33 habeant
1703 1930 110 33 atates,

1033 1958 178 45 Cogitationes
1178 1958 100 45 vero,
1244 1958 89 45 quae
1300 1958 67 45 in
1333 1958 111 45 mentem
1411 1958 134 45 subeunt,
1511 1958 67 45 ex
1545 1958 111 45 quibus
1623 1958 200 45 ratiocinantur,
1779 1958 33 45 &

1038 1994 89 35 iliud
1098 1994 60 35 ex
1127 1994 79 35 alio
1177 1994 139 35 colligunt,
1286 1994 89 35 tales
1346 1994 89 35 sunt,
1405 1994 99 35 qualia
1475 1994 89 35 illa,
1534 1994 79 35 quae
1584 1994 139 35 loquuntur,
1693 1994 79 35 unde
1743 1994 79 35 fit,
1782 1994 40 35 ut

1029 2029 104 41 multa
1099 2029 104 41 verba
1169 2029 128 41 habeant
1262 2029 58 41 &
1285 2029 93 41 post
1343 2029 104 41 multa
1412 2029 104 41 verba
1482 2029 104 41 nihil
1552 2029 104 41 eorum
1621 2029 139 41 incolume
1714 2029 93 41 possi.

1033 2055 115 40 deant.
1113 2055 103 40 Simul
1182 2055 103 40 enim,
1251 2055 69 40 ut
1285 2055 115 40 desiit
1365 2055 92 40 quis
1423 2055 115 40 loqui,
1503 2055 149 40 absumtum,
1618 2055 184 40 consumtumque
1756 2055 57 40 est

1021 2089 126 42 Verbum.
1112 2089 115 42 Contra
1192 2089 103 42 vero,
1261 2089 80 42 Dei
1307 2089 115 42 Verbum
1387 2089 92 42 unum
1444 2089 80 42 est
1490 2089 69 42 ac
1525 2089 103 42 idem,
1593 2089 57 42 &
1616 2089 69 42 ut
1651 2089 137 42 scriptum
1742 2089 69 42 est,

1020 2121 71 50 in
1056 2121 142 50 aeternum
1162 2121 153 50 permanet,
1280 2121 94 50 sine
1339 2121 94 50 omni
1398 2121 189 50 immutatione,
1551 2121 83 50 non
1599 2121 118 50 primum
1681 2121 83 50 aut
1717 2121 94 50 secun-

1022 2151 87 39 dum,
1077 2151 77 39 sed
1120 2151 87 39 idem
1175 2151 109 39 semper
1241 2151 131 39 exsistens.

1058 2181 115 45 Tertio
1138 2181 126 45 additur
1229 2181 69 45 in
1264 2181 183 45 descriptione
1413 2181 103 45 Filii
1482 2181 92 45 Dei,
1539 2181 92 45 quod
1596 2181 92 45 ipse
1654 2181 80 45 una
1699 2181 80 45 cum
1734 2181 80 45 Patre

1024 2213 115 47 spiret
1105 2213 69 47 ab
1140 2213 127 47 aeterno
1232 2213 138 47 Spiritum
1336 2213 138 47 Sanctum.
1439 2213 81 47 Nam
1485 2213 150 47 quicunque
1601 2213 115 47 mittit
1681 2213 58 47 &
1704 2213 81 47 dat
1739 2213 69 47 Spi-

1026 2258 111 29 ritum
1100 2258 136 29 Sanctum
1199 2258 136 29 electis
1297 2258 74 29 is
1334 2258 123 29 eundem
1421 2258 74 29 ab
1458 2258 136 29 aeterno
1557 2258 136 29 spirat.
1655 2258 136 29 Ejusdem
1742 2258 74 29 enim

1036 2287 81 34 est
1083 2287 93 34 dare
1141 2287 140 34 Spiritum
1246 2287 140 34 Sanctum,
1351 2287 105 34 cujus
1420 2287 81 34 est
1467 2287 81 34 eum
1513 2287 140 34 spirare;
1618 2287 70 34 ac
1653 2287 151 34 nequaquam
1758 2287 58 34 al-

1020 2317 137 38 terius.
1119 2317 87 38 Jam
1169 2317 100 38 vero
1231 2317 125 38 certum
1319 2317 100 38 est,
1381 2317 100 38 quod
1443 2317 87 38 non
1493 2317 125 38 tantum
1580 2317 125 38 Pater,
1667 2317 112 38 verum
1730 2317 87 38 etiam

1034 2348 116 42 Filius
1115 2348 116 42 mittat
1196 2348 58 42 &
1220 2348 81 42 det
1266 2348 127 42 electis
1359 2348 139 42 Spiritum
1463 2348 139 42 Sanctum.
1567 2348 69 42 De
1602 2348 104 42 Patre
1671 2348 81 42 non
1717 2348 81 42 est
1752 2348 58 42 ne-

1027 2383 103 36 cesse
1095 2383 149 36 producere
1209 2383 171 36 testimonia:
1347 2383 69 36 De
1381 2383 103 36 Filio
1450 2383 80 36 Dei
1495 2383 103 36 autem
1564 2383 91 36 haec
1621 2383 103 36 sunt,
1690 2383 91 36 Joh.
1735 2383 69 36 15.1

1039 2418 78 28 20.
1083 2418 78 28 ait
1128 2418 111 28 Filius
1205 2418 89 28 Dei:
1260 2418 89 28 Quum
1316 2418 100 28 autem
1382 2418 122 28 venerit
1471 2418 155 28 Paracletus
1593 2418 100 28 illo,
1659 2418 89 28 quem
1714 2418 78 28 ego
1748 2418 66 28 mit-

1025 2450 73 41 tam
1066 2450 93 41 vobis
1128 2450 52 41 a
1149 2450 104 41 Patre,
1222 2450 125 41 Spiritus
1315 2450 83 41 ille
1367 2450 145 41 veritatis,
1482 2450 73 41 &c.
1523 2450 62 41 Et
1554 2450 83 41 cap.
1606 2450 73 41 16.
1648 2450 62 41 v.
1679 2450 62 41 7.
1710 2450 83 41 Nisi
1752 2450 62 41 enim

1032 2481 115 30 abiero,
1115 2481 147 30 Paracletus
1231 2481 84 30 ille
1283 2481 73 30 non
1325 2481 105 30 veniet
1398 2481 63 30 ad
1430 2481 84 30 vos:
1482 2481 73 30 sin
1524 2481 94 30 autem
1587 2481 136 30 profectus
1691 2481 105 30 fuero,
1754 2481 63 30 mit-

1034 2513 75 41 tam
1077 2513 75 41 eum
1120 2513 64 41 ad
1152 2513 86 41 vos.
1206 2513 64 41 Et
1238 2513 86 41 cap.
1292 2513 75 41 20.
1335 2513 64 41 v.
1367 2513 75 41 22.
1410 2513 129 41 afflavit
1507 2513 150 41 discipulos
1625 2513 86 41 suos
1679 2513 54 41 &
1701 2513 97 41 dixit
1754 2513 54 41 eis

1028 2533 146 53 Accipite
1138 2533 146 53 Spiritum
1247 2533 146 53 Sanctum.
1357 2533 98 53 Hinc
1418 2533 183 53 conficitur,
1564 2533 98 53 quod
1625 2533 122 53 Filius
1710 2533 85 53 Dei
1747 2533 73 53 unam

1026 2573 85 45 cum
1075 2573 110 45 Patre
1148 2573 122 45 spiret
1233 2573 73 45 ab
1269 2573 134 45 aeterno
1367 2573 146 45 Spiritum
1464 2573 122 45 Sanctum.

1214 2620 155 53 Hactenus
1330 2620 77 53 de
1369 2620 116 53 Filio
1446 2620 103 53 Dei:
1510 2620 155 53 sequitur

1292 2709 255 54 CAPUT
1434 2709 114 54 VI

1207 2748 142 47 DE
1278 2748 261 47 SPIRITV
1444 2748 190 47 SANCTO

1040 2803 169 103 QEIRITUS
1167 2803 155 103 SANCTUS
1279 2803 99 103 est
1335 2803 155 103 persona
1448 2803 169 103 Deitatis
1575 2803 155 103 tertia,
1687 2803 70 103 a
1715 2803 127 103 Patre
1786 2803 42 103 &

1056 2846 58 36 u
1080 2846 105 36 Filio
1150 2846 82 36 per
1196 2846 140 36 aeternam
1301 2846 105 36 atque
1371 2846 116 36 unicam
1452 2846 175 36 spirationem
1580 2846 140 36 procedens.

1118 2870 76 55 in
1156 2870 89 55 hoc
1207 2870 165 55 enunciato
1335 2870 191 55 considerati
1487 2870 115 55 debet
1564 2870 115 55 primo
1640 2870 115 55 nomen
1704 2870 127 55 Spiritus

1038 2916 115 45 Sancti:
1121 2916 104 45 deinde
1194 2916 146 45 descriptio
1309 2916 83 45 ipsa
1361 2916 125 45 Spiritus
1444 2916 94 45 Sancti,

1071 2950 115 44 Nomen
1148 2950 153 44 Spiritus
1263 2950 128 44 Sancti
1352 2950 128 44 duobus
1441 2950 115 44 modis
1518 2950 179 44 accipitur.
1658 2950 153 44 Spiritus
1760 2950 77 44 enim

1042 2985 120 42 Sanctus
1129 2985 175 42 intelligitur
1271 2985 76 42 vel
1315 2985 65 42 ab
1348 2985 109 42 aterno
1424 2985 153 42 exsistens:
1544 2985 76 42 vel
1588 2985 98 42 certo
1653 2985 120 42 tempore
1730 2985 98 42 creatus

1042 3018 132 43 Spiritus
1141 3018 121 43 Sanctus
1229 3018 66 43 ab
1263 3018 121 43 aeterno
1351 3018 154 43 exsistens,
1472 3018 77 43 vel
1516 3018 187 43 essentialiter
1671 3018 154 43 accipitur,
1781 3018 55 43 ver

1015 3056 164 49 personaliter.

1080 3084 197 52 Essentialiter
1243 3084 70 52 de
1278 3084 139 52 essentia
1382 3084 116 52 divina
1463 3084 128 52 Patris,
1556 3084 104 52 Filii
1626 3084 58 52 &
1649 3084 139 52 Spiritus
1742 3084 104 52 Sanctia

1042 3127 66 52 ut
1075 3127 89 52 Joh.
1130 3127 66 52 4.
1164 3127 100 52 vers.
1230 3127 77 52 24.
1274 3127 89 52 Deus
1330 3127 77 52 est
1374 3127 144 52 Spiritus;
1485 3127 77 52 Sic
1529 3127 111 52 Deitas
1606 3127 133 52 Christi,
1706 3127 133 52 Spiritus
1795 3127 55 52 nec
