2063 3461
181 170 88 49 mine
236 170 176 49 intelligitur
379 170 110 49 Matth.
457 170 77 49 12.
501 170 66 49 v.
534 170 77 49 28.
578 170 66 49 Si
611 170 99 49 autem
677 170 77 49 per
721 170 132 49 Spiritum
821 170 77 49 Dei
865 170 77 49 ego
898 170 99 49 ejicit:

175 208 148 46 demonia,
286 208 111 46 nempe
360 208 148 46 pervenit
471 208 74 46 ad
508 208 86 46 vos
557 208 123 46 regnum
644 208 99 46 Dei.
705 208 99 46 Rom.
767 208 74 46 1.
804 208 74 46 v.
841 208 74 46 4.
878 208 86 46 ubi
915 208 74 46 dici

180 254 98 35 tur,
241 254 122 35 Filium
326 254 86 35 Dei
375 254 122 35 factum
461 254 73 35 ex
497 254 122 35 semine
583 254 134 35 Dovidis
681 254 147 35 secundum
791 254 134 35 carnem,
876 254 110 35 declava

190 289 79 31 tum
235 289 112 31 Filium
313 289 79 31 Dei
358 289 135 31 potenter
459 289 135 31 secundum
560 289 135 31 Spiritum
661 289 112 31 sancti
740 289 168 31 ficationis.
875 289 67 31 1.
908 289 90 31 Tim.
953 289 45 31 3.

184 318 97 36 v.16.
249 318 86 36 Deus
303 318 141 36 cospicuus
411 318 108 36 factus
487 318 76 36 est
530 318 65 36 in
563 318 108 36 carne,
638 318 173 36 justificatus
779 318 76 36 est
822 318 65 36 in
854 318 130 36 Spiritu.
941 318 54 36 Heb

188 347 66 40 9.
221 347 66 40 v.
254 347 77 40 14.
299 347 133 40 Christus
398 347 77 40 per
442 347 133 40 Spiritum
542 347 133 40 aeternum
641 347 122 40 seipsum
730 347 122 40 obtulit
818 347 155 40 inculpatum
929 347 66 40 Deo.

185 385 65 40 I.
218 385 87 40 Pet.
272 385 65 40 3.
305 385 65 40 v.
337 385 76 40 18.
381 385 174 40 mortificatus
522 385 109 40 quidem
598 385 109 40 carne,
674 385 163 40 vivificatus
804 385 98 40 autem
858 385 109 40 Spiritu.

230 414 176 43 Personaliter
373 414 143 43 accipitur
483 414 66 43 de
516 414 88 43 sola
571 414 121 43 persona
660 414 121 43 tertia,
748 414 88 43 quae
803 414 176 43 peculiariter
935 414 66 43 Spi-

197 445 101 43 titus
264 445 123 43 Sanctus
354 445 134 43 dicitur,
454 445 67 43 ut
488 445 112 43 Matth.
566 445 78 43 28.
611 445 67 43 v.
645 445 78 43 19.
690 445 112 43 Docete
768 445 101 43 omnes
835 445 123 43 gentes,
914 445 78 43 bapti

195 481 115 48 gantes
276 481 81 48 eas
322 481 69 48 in
357 481 104 48 nomen
426 481 115 48 Patris
506 481 58 48 &
530 481 104 48 Filii
599 481 58 48 &
622 481 138 48 Spiritus
714 481 92 48 Sancti

230 509 68 49 In
264 509 125 49 tempore
355 509 125 49 creatus
446 509 137 49 Spiritus
548 509 80 49 qui
594 509 125 49 sanctus
685 509 91 49 est,
742 509 80 49 vel
787 509 159 49 substantia
912 509 80 49 est
946 509 46 49 in

195 546 155 41 corporea,
314 546 107 41 velut
386 546 131 41 Angelus
481 546 107 41 bonus
553 546 60 41 &
577 546 107 41 anima
648 546 131 41 hominis
744 546 203 41 sanctificata:
911 546 83 41 vel
946 546 48 41 ac

191 587 121 39 cidens
276 587 145 39 aliquod,
384 587 133 39 nimirum
481 587 109 39 motus
554 587 85 39 aut
602 587 109 39 donum
675 587 85 39 aut
723 587 121 39 virtus
808 587 121 39 aliqua
880 587 121 39 Spiritus

203 614 116 42 Sancti,
288 614 63 42 ut
319 614 74 42 cum
361 614 116 42 dicitur
445 614 126 42 Spiritus
540 614 168 42 fortitudinis
677 614 53 42 &
698 614 63 42 I.
729 614 126 42 Thessal.
824 614 63 42 5.
855 614 63 42 v.
887 614 74 42 19.
918 614 74 42 Spiri

203 655 72 38 tum
244 655 62 38 ne
275 655 155 38 extinguite.
399 655 82 38 Joh.
450 655 62 38 7.
481 655 72 38 37,
522 655 72 38 38,
564 655 72 38 39.
605 655 124 38 clamavit
698 655 93 38 Iesus
760 655 113 38 dicens:
842 655 62 38 Si
873 655 82 38 quis
925 655 103 38 sitit,

203 690 113 37 veniat
282 690 68 37 ad
316 690 68 37 me
350 690 57 37 &
373 690 113 37 bibat.
452 690 79 37 Qui
497 690 113 37 credit
577 690 68 37 in
611 690 79 37 me,
656 690 102 37 sicut
724 690 102 37 dixit
792 690 159 37 Scriptura,
905 690 102 37 flumina

208 722 97 41 aquae
273 722 97 41 vivae
338 722 65 41 ex
370 722 108 41 ventre
446 722 108 41 ipsius
522 722 119 41 fluent.
608 722 76 41 Hoc
651 722 97 41 autem
716 722 97 41 dixit
781 722 65 41 de
813 722 119 41 Spiritu
900 722 86 41 illo
943 722 54 41 qui

199 750 152 45 accepturi
316 750 105 45 erant
387 750 152 45 credentes
504 750 70 45 in
539 750 94 45 eum.
597 750 117 45 Nondum
679 750 94 45 enim
738 750 94 45 erat
796 750 140 45 Spiritus
890 750 117 45 Sanctus,

196 782 96 51 quia
256 782 108 51 Iesus
328 782 120 51 nondum
412 782 96 51 erat
472 782 204 51 glorificatus.
640 782 84 51 Hic
688 782 120 51 nomine
772 782 144 51 Spiritus
880 782 120 51 Sancti
952 782 48 51 in

198 814 135 47 telligi
296 814 246 47 debent,
505 814 98 47 dona
567 814 61 47 &
591 814 148 47 virtutes
702 814 148 47 Spiritus
813 814 135 47 Sancti,
911 814 98 47 quae
960 814 74 47 post

208 850 196 42 adscensionem
367 850 135 42 Christi
465 850 74 42 in
502 850 123 42 caelum
588 850 61 42 &
613 850 159 42 sessionem
735 850 74 42 ad
772 850 135 42 dextram
870 850 86 42 Dei
907 850 98 42 Patris

205 887 134 41 effundi
302 887 134 41 copiose
400 887 73 41 in
437 887 159 41 credentes
559 887 171 41 debuerunt,
693 887 146 41 secundum
803 887 171 41 vaticinium
925 887 85 41 Joel.

209 920 55 40 2
231 920 100 40 Galat
298 920 67 40 3.
331 920 100 40 vers.
397 920 67 40 2.
431 920 78 40 Hoc
475 920 100 40 solum
541 920 100 40 velim
608 920 122 40 discere
697 920 67 40 ex
730 920 111 40 vobis,
807 920 67 40 Ex
841 920 133 40 operibus
929 920 78 40 Legis

205 950 126 50 spiritum
299 950 157 50 accepistis,
424 950 63 50 an
456 950 63 50 ex
487 950 84 50 fide
539 950 73 50 per
581 950 115 50 auditum
665 950 126 50 accepta?
759 950 52 50 &
780 950 63 50 v.
811 950 63 50 5.
843 950 73 50 Qui
884 950 105 50 igitur
947 950 63 50 sub-

215 995 141 36 ministrat
323 995 97 36 vobis
388 995 141 36 spiritum,
497 995 54 36 &
518 995 119 36 efficit
605 995 130 36 virtutes
702 995 65 36 in
735 995 108 36 vobis,
810 995 65 36 ex
843 995 130 36 operibus
929 995 87 36 Legis,

215 1025 66 40 an
248 1025 66 40 ex
281 1025 88 40 fide
336 1025 77 40 per
380 1025 121 40 auditum
468 1025 132 40 percepta
567 1025 187 40 subministrat?
721 1025 77 40 Hic
765 1025 66 40 in
798 1025 121 40 utroque
886 1025 99 40 versu
941 1025 66 40 per-

212 1055 139 46 spiritum
316 1055 196 46 intelliguntur
478 1055 173 46 spirituales
617 1055 139 46 gratiae,
720 1055 81 46 seu
767 1055 92 46 dona
824 1055 139 46 Spiritus
917 1055 92 46 Sancti

211 1093 117 41 quibus
293 1093 82 41 tum
340 1093 175 41 visibiliter
480 1093 164 41 donabantur
609 1093 140 41 fideles.
714 1093 140 41 Interdum
819 1093 82 41 per
866 1093 140 41 spiritum
959 1093 47 41 in

218 1126 151 41 telligitur
337 1126 161 41 spiritualis
466 1126 140 41 efficacia
573 1126 151 41 Evangelii,
691 1126 65 41 ut
724 1126 86 41 Gal.
777 1126 65 41 3.
810 1126 65 41 v.
842 1126 65 41 3.
874 1126 86 41 Adeo
917 1126 86 41 amento

214 1153 105 46 estis?
288 1153 84 46 quum
341 1153 116 46 spiritu
425 1153 168 46 inceperitis,
562 1153 74 46 num
604 1153 95 46 carne
656 1153 158 46 perficiemini;

239 1188 66 36 In
272 1188 155 36 praesentia
394 1188 144 36 accipitur
504 1188 66 36 de
537 1188 121 36 Spiritu
625 1188 66 36 ab
659 1188 121 36 aeterno
747 1188 166 36 exsistente,
879 1188 66 36 ut
913 1188 77 36 est
946 1188 66 36 ter-

226 1220 79 38 tia
271 1220 123 38 persona
360 1220 146 38 Deitatis.
472 1220 67 38 Ac
506 1220 79 38 tum
551 1220 135 38 Spiritus
652 1220 135 38 dicitur,
753 1220 90 38 quia
809 1220 135 38 spiratur
910 1220 56 38 a
932 1220 101 38 Patre
988 1220 34 38 &

224 1257 119 37 Filio,
307 1257 154 37 procedens
426 1257 71 37 ab
461 1257 83 37 eis
509 1257 71 37 ab
544 1257 131 37 aeterno
639 1257 59 37 &
663 1257 119 37 missus
746 1257 71 37 in
782 1257 107 37 corda
853 1257 166 37 electorum,
972 1257 47 37 in

221 1286 109 45 quibus
297 1286 98 45 Pater
363 1286 54 45 &
384 1286 109 45 Filius
460 1286 87 45 sunt
515 1286 141 45 efficaces
624 1286 76 45 per
667 1286 109 45 ipsum.
743 1286 120 45 Sanctus
830 1286 131 45 dicitur.
928 1286 65 45 1.
961 1286 76 45 qui

220 1324 71 45 in
256 1324 71 45 se
291 1324 59 45 &
315 1324 119 45 natura
398 1324 83 45 sua
446 1324 131 45 sanctus
541 1324 95 45 est.
600 1324 71 45 2.
636 1324 95 45 quia
695 1324 202 45 sanctificator
862 1324 83 45 est
897 1324 131 45 electorum

220 1358 71 44 Dei.

392 1397 96 57 Hec
447 1397 82 57 de
488 1397 137 57 nomine
584 1397 164 57 Spiritus
694 1397 123 57 Sancti.

259 1445 204 41 Descriptionis
427 1445 120 41 partes
511 1445 96 41 duae
571 1445 108 41 sunt:
643 1445 108 41 Prima
716 1445 84 41 est
764 1445 96 41 quod
824 1445 144 41 Spiritus
920 1445 108 41 Sanctus

225 1477 86 44 sit
274 1477 135 44 persona
372 1477 160 44 Deitatus,
495 1477 74 44 id
532 1477 98 44 est,
593 1477 197 44 subsistentia
753 1477 111 44 totam
827 1477 160 44 essentiam
937 1477 111 44 divinam

225 1519 125 44 natura
312 1519 137 44 habens,
411 1519 87 44 sed
461 1519 187 44 proprietate
611 1519 237 44 incommunicabili
810 1519 75 44 ab
847 1519 112 44 aliis
909 1519 125 44 personis

219 1549 123 46 distincta

262 1574 88 52 Quod
317 1574 131 52 Spiritus
415 1574 120 52 Sanctus
503 1574 77 52 sit
547 1574 131 52 persona,
645 1574 77 52 hoc
689 1574 88 52 est,
744 1574 186 52 subsistentia,
886 1574 142 52 hypostasis,

223 1616 181 34 ,
369 1616 158 34 individuum
494 1616 79 34 per
539 1616 68 34 se
573 1616 169 34 subsistens,
708 1616 113 34 vivum,
787 1616 181 34 intelligens,
923 1616 90 34 incom-

228 1652 181 38 municabile,
373 1652 85 38 non
421 1652 181 38 sustentatum
566 1652 72 38 in
602 1652 109 38 alio,
675 1652 85 38 nec
723 1652 97 38 pars
783 1652 157 38 alterius;
904 1652 85 38 non
940 1652 85 38 autem

223 1681 136 37 affectio
325 1681 136 37 duntaxat
426 1681 79 37 seu
472 1681 113 37 virtus
551 1681 57 37 a
574 1681 79 37 Deo
619 1681 68 37 in
653 1681 113 37 homine
732 1681 147 37 excitata,
845 1681 79 37 seu
890 1681 113 37 homini
958 1681 57 37 do-

228 1716 107 41 nata,
300 1716 83 41 aut
347 1716 143 41 afflatus
454 1716 119 41 quidam
538 1716 143 41 divinus,
645 1716 155 41 asserimus
764 1716 119 41 contra
835 1716 191 41 Samosatenianos

225 1749 67 45 &
251 1749 214 45 Macedonianos
425 1749 94 45 his
465 1749 161 45 argumentia

254 1781 68 54 I.
288 1781 91 54 Quia
345 1781 68 54 ei
379 1781 148 54 tribuitur
493 1781 137 54 voluntas
595 1781 57 54 &
618 1781 194 54 beneplacitum,
777 1781 68 54 1.
812 1781 91 54 Cor.
869 1781 80 54 12.
914 1781 102 54 vers.
971 1781 57 54 11.

231 1808 96 42 Actor.
299 1808 67 42 15.
337 1808 58 42 v.
356 1808 48 42 28.

242 1846 89 47 II.
293 1846 101 47 Quia
356 1846 76 47 ei
394 1846 177 47 tribuuntur
533 1846 190 47 operationes
685 1846 89 47 seu
736 1846 152 47 actiones
850 1846 101 47 quae
900 1846 127 47 propriae

220 1878 92 41 sunt
277 1878 138 41 alicujus
380 1878 149 41 personae,
495 1878 80 41 non
541 1878 103 41 autem
610 1878 172 41 accidentis,
748 1878 80 41 hoc
794 1878 92 41 est,
852 1878 103 41 motus
921 1878 80 41 vel
955 1878 69 41 qua-

222 1916 134 38 litatis
319 1916 159 38 alicujus.
441 1916 85 38 Nam
490 1916 146 38 assumpta
600 1916 146 38 visibili
710 1916 122 38 specie
795 1916 146 38 columbae
905 1916 61 38 &
917 1916 110 38 ignita-

221 1951 78 34 rum
265 1951 145 34 linguarum
377 1951 145 34 apparuit.
488 1951 111 34 Matth.
566 1951 67 34 3.
599 1951 156 34 versic.16.
722 1951 111 34 Johan.
799 1951 67 34 1.
833 1951 100 34 vers.
900 1951 78 34 32.
933 1951 89 34 Actor.

228 1983 62 42 2.
259 1983 113 42 versic3
341 1983 83 42 Idem
393 1983 93 42 docet
455 1983 62 42 1.
486 1983 83 42 Cor.
537 1983 62 42 2.
568 1983 113 42 versic.
651 1983 72 42 13.
692 1983 62 42 1.
723 1983 103 42 Johan.
795 1983 62 42 2.
826 1983 93 42 vers.
888 1983 72 42 27.
929 1983 83 42 Joh.
970 1983 52 42 14.

216 2020 105 40 vers.
286 2020 82 40 26.
333 2020 105 40 Ducit
403 2020 70 40 in
438 2020 105 40 omnem
509 2020 164 40 veritatem.
637 2020 117 40 Johan.
719 2020 82 40 16.
766 2020 105 40 vers.
836 2020 82 40 13.
883 2020 70 40 In
906 2020 117 40 memoriam

223 2054 120 34 revocat
310 2054 98 34 omnia
376 2054 87 34 quae
430 2054 131 34 Christus
528 2054 109 34 dixit.
605 2054 109 34 Johan.
681 2054 76 34 14.
725 2054 65 34 v.
757 2054 76 34 26.
801 2054 131 34 Testatur
888 2054 131 34 deChristo.

223 2081 110 45 Johan.
300 2081 77 45 15.
344 2081 88 45 vers
399 2081 77 45 26.
443 2081 99 45 Venit
509 2081 66 45 ad
542 2081 88 45 nos.
597 2081 110 45 Johan.
675 2081 66 45 16
708 2081 66 45 v.
741 2081 66 45 8.
774 2081 77 45 Non
818 2081 132 45 loquitur
917 2081 55 45 a
928 2081 88 45 seipso

223 2118 80 32 sed
268 2118 160 32 quaecunque
394 2118 149 32 audierit,
508 2118 137 32 loquitur
611 2118 57 32 &
634 2118 91 32 quae
691 2118 126 32 ventura
783 2118 103 32 sunt,
851 2118 160 32 renunciat.
966 2118 57 32 Jo-

220 2147 87 40 han.
275 2147 77 40 16.
318 2147 98 40 vers.
384 2147 77 40 13.
428 2147 153 40 Glorificat
548 2147 142 40 Christum,
657 2147 142 40 accipiens
767 2147 66 40 de
799 2147 66 40 eo
832 2147 87 40 quod
887 2147 77 40 est
931 2147 120 40 Christi
1007 2147 33 40 &

214 2188 151 34 renuncians
333 2188 108 34 nobis.
408 2188 75 34 Joh
451 2188 75 34 16.
494 2188 65 34 v.
526 2188 75 34 14.
569 2188 151 34 Consolatur
688 2188 129 34 fideles.
784 2188 108 34 Actor.
860 2188 65 34 9.
892 2188 65 34 v.
924 2188 75 34 31.
956 2188 65 34 Dis.

224 2219 114 45 tribuit
307 2219 83 45 dona
359 2219 62 45 ut
390 2219 93 45 vult.
452 2219 62 45 1.
483 2219 83 45 Cor.
535 2219 73 45 12.
577 2219 62 45 v.
608 2219 73 45 11.
649 2219 93 45 Vocat
712 2219 52 45 &
732 2219 104 45 mittit
805 2219 135 45 ministros
898 2219 125 45 Ecclesiae.

216 2249 107 41 Actor.
291 2249 75 41 13.
334 2249 64 41 v.
366 2249 64 41 2.
398 2249 75 41 Per
441 2249 139 41 Prophetas
548 2249 54 41 &
570 2249 139 41 Apostolos
677 2249 118 41 locutus
763 2249 86 41 est.
816 2249 64 41 2.
848 2249 86 41 Pet.
902 2249 64 41 1.
934 2249 64 41 v.
955 2249 54 41 21.

218 2284 112 37 Matth.
296 2284 79 37 10.
341 2284 67 37 v.
375 2284 79 37 20.
420 2284 112 37 Actor.
499 2284 67 37 6.
533 2284 79 37 10.
578 2284 135 37 Subsevat
679 2284 180 37 infirmitates
825 2284 124 37 nostras
915 2284 56 37 &
926 2284 90 37 inter-

213 2317 119 37 pellat
296 2317 83 37 pro
344 2317 107 37 nobis
415 2317 155 37 gemitibus
534 2317 238 37 inenarrabilibus.
737 2317 95 37 Rom.
796 2317 71 37 8.
832 2317 71 37 v.
867 2317 83 37 25.
903 2317 119 37 Testatur

217 2349 69 38 in
251 2349 103 38 caelo
319 2349 80 38 cum
365 2349 103 38 Patre
434 2349 57 38 &
456 2349 137 38 Sermone,
559 2349 103 38 Iesum
628 2349 114 38 Mariae
708 2349 137 38 Virginis
810 2349 114 38 filium
890 2349 91 38 esse
936 2349 80 38 Chri-

220 2382 88 43 stum
275 2382 99 43 illum
341 2382 55 43 &
363 2382 110 43 Filium
440 2382 99 43 illum
506 2382 88 43 Dei.
561 2382 66 43 I.
594 2382 110 43 Johan.
671 2382 66 43 5.
704 2382 66 43 v.
737 2382 66 43 7.
770 2382 132 43 Testatur
869 2382 77 43 una
913 2382 77 43 cum
946 2382 66 43 Spi-

215 2417 84 34 ritu
268 2417 105 34 nostro
342 2417 74 34 nos
384 2417 84 34 esse
437 2417 105 34 Filios
510 2417 84 34 Dei.
563 2417 84 34 Rom.
616 2417 63 34 8.
647 2417 63 34 v.
679 2417 74 34 16.
721 2417 137 34 Scrutatur
826 2417 105 34 omnia,
900 2417 95 34 etiam
953 2417 63 34 pro-

230 2451 150 35 sunditates
348 2451 85 35 Dei.
401 2451 64 35 1.
433 2451 75 35 Cor
476 2451 64 35 2.
508 2451 64 35 v.
540 2451 107 35 10,11,
615 2451 53 35 &
636 2451 85 35 alia
690 2451 107 35 opera,
765 2451 96 35 teste
829 2451 150 35 Scriptura,
936 2451 85 35 facit?

232 2484 89 40 quae
287 2484 89 40 sunt
343 2484 100 40 opera
409 2484 133 40 personae
509 2484 78 40 per
553 2484 67 40 se
587 2484 188 40 subsistentis,
742 2484 133 40 viventis
842 2484 55 40 &
864 2484 122 40 agentis
952 2484 78 40 pro
986 2484 55 40 li-

224 2515 91 39 bera
281 2515 80 39 sua
315 2515 125 39 voluntate

256 2542 172 44 EXCIPIUNT
388 2542 224 44 Samosateniani
572 2542 79 44 ad
612 2542 92 44 hoc
665 2542 198 44 argumentum,
823 2542 106 44 esse
889 2542 79 44 in
929 2542 79 44 eo
955 2542 66 44 am-

219 2579 151 45 phiboliam.
338 2579 86 45 Etsi
391 2579 97 45 enim,
456 2579 118 45 exempli
542 2579 108 45 causa,
617 2579 108 45 Paulus
692 2579 97 45 dicat
757 2579 65 45 1.
789 2579 86 45 Cor.
843 2579 75 45 12.
886 2579 65 45 v.
918 2579 75 45 11.
950 2579 65 45 Spi-

226 2622 101 36 ritum
293 2622 123 36 Sanctum
382 2622 168 36 distribuere
516 2622 89 36 dona
572 2622 67 36 ut
606 2622 101 36 vult;
673 2622 101 36 tamen
740 2622 89 36 inde
796 2622 78 36 non
840 2622 123 36 effici,
918 2622 101 36 Spiriti

232 2652 126 36 Sanctum
323 2652 92 36 esse
380 2652 137 36 personam
483 2652 183 36 Trinitattis,
632 2652 114 36 quippe
712 2652 80 36 cum
758 2652 80 36 (ut
804 2652 114 36 ibidem
884 2652 126 36 proxime
964 2652 57 36 an-

223 2690 66 37 te
256 2690 110 37 videri
333 2690 121 37 possit;
420 2690 132 37 Spiritum
519 2690 121 37 Sanctum
607 2690 164 37 distribuere
738 2690 88 37 dona
793 2690 66 37 ut
826 2690 99 37 vult,
892 2690 99 37 nihil
946 2690 77 37 aliuc

228 2717 175 43 significet,
368 2717 93 43 quam
427 2717 93 43 Deum
485 2717 128 43 Patrem,
579 2717 82 43 qui
625 2717 140 43 operatur
730 2717 105 43 omnia
800 2717 70 43 in
836 2717 128 43 omnibus
929 2717 82 43 pro
964 2717 70 43 sua.

213 2752 153 35 voluntate
331 2752 82 35 per
378 2752 141 35 Spiritum
484 2752 94 35 suum
531 2752 165 35 distribuere.

247 2787 146 39 REPLIC.
353 2787 146 39 nostra.
459 2787 212 39 Argumentatio
631 2787 133 39 nostra
724 2787 93 39 est
777 2787 119 39 plane

216 2819 150 41 Quicunque
332 2819 162 41 distribuit
459 2819 92 41 dona
517 2819 69 41 ut
551 2819 104 41 vult,
621 2819 69 41 is
655 2819 81 41 est
702 2819 139 41 persona.
806 2819 139 41 Assumtio
909 2819 81 41 est
944 2819 81 41 Pauli

219 2853 156 38 Apostoli,
339 2853 96 38 quam
399 2853 203 38 Samosateniani
566 2853 84 38 sic
614 2853 227 38 interpretantur,
806 2853 84 38 Non
853 2853 144 38 Spiritum
949 2853 72 38 Sam-

225 2886 94 37 ctum
284 2886 177 37 distribuere
426 2886 94 37 dona
485 2886 71 37 ut
520 2886 94 37 vult
579 2886 94 37 (qua
638 2886 71 37 in
674 2886 71 37 re
709 2886 189 37 contradicunt
863 2886 153 37 Apostolo)
969 2886 59 37 sed

225 2915 96 42 Deum
285 2915 120 42 Patrem
369 2915 84 42 per
417 2915 156 42 Spiritum.
536 2915 72 42 At
572 2915 96 42 ista
632 2915 203 42 interpretatio
800 2915 84 42 est
847 2915 132 42 inepta:
943 2915 84 42 nam
979 2915 48 42 i-

237 2951 85 49 lem
286 2951 158 49 regcretur
407 2951 122 49 denuo,
492 2951 146 49 personam
602 2951 122 49 Patris
687 2951 134 49 operati
785 2951 85 49 per
833 2951 146 49 Spiritus
931 2951 97 49 Sancti

231 2986 154 40 personam,
350 2986 95 40 quae
409 2986 118 40 oratio
492 2986 83 40 cum
539 2986 166 40 Scripturis
669 2986 130 40 Sanctis
752 2986 130 40 convenit.

266 3013 161 49 EXCIPIUMT
389 3013 136 49 amplius
488 3013 74 49 ad
526 3013 186 49 testimonium
674 3013 87 49 Joh
724 3013 87 49 14.
773 3013 74 49 v.
810 3013 87 49 26.
860 3013 149 49 Spiritus
959 3013 74 49 San-

238 3037 96 59 ctus
298 3037 84 59 vos
346 3037 133 59 docebit
443 3037 108 59 omnia
515 3037 60 59 &
539 3037 145 59 suggeret
648 3037 108 59 vobis
720 3037 108 59 omnia
792 3037 96 59 quae
852 3037 96 59 dixi
913 3037 120 59 vobis,
985 3037 36 59 &

235 3083 99 53 dicut
301 3083 66 53 in
334 3083 66 53 eo
367 3083 88 53 esse
422 3083 110 53 itidem
499 3083 176 53 amphiboliam:
643 3083 110 53 Docere
720 3083 88 53 enim
775 3083 55 53 &
797 3083 143 53 suggerere
907 3083 88 53 esse
962 3083 88 53 qui

233 3115 81 53 dem
280 3115 162 53 personarum
407 3115 127 53 proprie
499 3115 150 53 loquendo:
615 3115 139 53 interdum
719 3115 104 53 tamen
788 3115 139 53 figurate
892 3115 81 53 per
927 3115 92 53 proso-

232 3150 136 49 popoeiam
334 3150 79 49 aut
379 3150 159 49 metonymiam
504 3150 102 49 etiam
572 3150 113 49 tribui
651 3150 102 49 rebus
719 3150 102 49 illis
787 3150 91 49 quae
844 3150 79 49 non
889 3150 91 49 sunt
934 3150 91 49 perso-

241 3184 84 43 nae,
294 3184 63 43 ut
326 3184 74 43 hoc
368 3184 84 43 loco
421 3184 127 43 Spiritui
516 3184 116 43 Sancto.
600 3184 84 43 Sic,
653 3184 106 43 ajunt,
727 3184 106 43 Abelis
801 3184 137 43 sanguinem
906 3184 127 43 clamasse
991 3184 42 43 ad

230 3215 112 52 Deum,
304 3215 100 52 Gen.
367 3215 75 52 4.
404 3215 75 52 v.
442 3215 75 52 10
479 3215 125 52 Sensum
567 3215 112 52 autem
642 3215 112 52 esse,
717 3215 100 52 Deum
779 3215 87 52 per
829 3215 75 52 S:
867 3215 137 52 Sanctum
954 3215 75 52 suum

232 3245 111 44 docere
310 3245 56 44 &
332 3245 145 44 suggerere
443 3245 111 44 omnia,
521 3245 67 44 ut
554 3245 78 44 est
599 3245 111 44 Matth.
665 3245 56 44 10.

1074 166 182 49 REPLICATIO
1217 166 143 49 nostra.
1321 166 143 49 Negatur
1425 166 91 49 hic
1478 166 104 49 esse
1543 166 195 49 amphibolia:
1699 166 91 49 sed
1751 166 78 49 in
1777 166 91 49 dicte

1062 208 81 41 oh.
1109 208 81 41 14.
1155 208 69 41 v.
1189 208 81 41 26.
1236 208 104 41 verba
1305 208 127 41 docendi
1397 208 58 41 &
1420 208 162 41 suggerendi
1547 208 162 41 tribuuntur
1674 208 139 41 Spiritui
1767 208 92 41 Sancti

1052 244 156 41 proprie,
1169 244 91 41 non
1221 244 117 41 autem
1299 244 169 41 figurate:
1429 244 91 41 nam
1480 244 156 41 propriam
1597 244 247 41 significationem
1792 244 78 41 con-

1047 283 145 36 tendimus
1155 283 145 36 servari,
1264 283 157 36 ubicunque
1384 283 132 36 commode
1481 283 132 36 potest,
1577 283 157 36 oportere:
1697 283 72 36 At
1734 283 84 36 hic
1770 283 96 36 potes.

1050 312 129 35 servari
1144 312 59 35 &
1168 312 118 35 debet.
1250 312 141 35 Exemplum
1356 312 71 35 de
1391 312 118 35 Abelis
1474 312 141 35 sanguine
1580 312 94 35 Gen.
1638 312 71 35 4.
1674 312 71 35 v.
1709 312 82 35 10.
1756 312 82 35 est
1791 312 71 35 dis-

1047 343 146 39 simile.
1153 343 93 39 Nam
1206 343 133 39 Abelis
1299 343 172 39 sanguinem
1431 343 93 39 rem
1484 343 146 39 mortuam
1590 343 133 39 fuisse
1683 343 159 39 constat,
1789 343 80 39 quum

1052 378 65 40 in
1085 378 119 40 terram,
1171 378 87 40 unde
1226 378 130 40 clamasse
1323 378 130 40 dicitur,
1421 378 130 40 profulus
1518 378 108 40 esset:
1594 378 108 40 figura
1670 378 108 40 itaque
1746 378 76 40 seu
1778 378 87 40 tropu-

1051 411 105 44 illic
1121 411 163 44 necessario
1249 411 163 44 statuitur.
1377 411 140 44 Spiritus
1482 411 105 44 autem
1551 411 128 44 Sanctus
1644 411 81 44 non
1691 411 81 44 est
1737 411 81 44 res
1772 411 105 44 mortua,

1042 443 81 46 sed
1089 443 104 46 viva,
1158 443 81 46 sed
1205 443 185 46 intelligens,
1355 443 58 46 &
1379 443 174 46 intellectum
1518 443 104 46 nobis
1587 443 104 46 dans:
1657 443 162 46 quapropter
1784 443 116 46 absque

1037 478 178 40 amphibolia
1177 478 64 40 &
1202 478 114 40 tropo
1279 478 140 40 dicitur
1380 478 127 40 docere
1469 478 64 40 &
1495 478 165 40 suggerere
1622 478 114 40 omnia
1698 478 102 40 quae
1749 478 127 40 Christus

1051 511 91 38 dixit.

1139 555 183 55 Hactenus
1276 555 183 55 secundum
1414 555 229 55 argumentum:
1597 555 199 55 sequuntus

1371 597 155 50 reliqua.

1071 630 95 47 III.
1130 630 95 47 Quia
1190 630 130 47 diserte
1284 630 189 47 distinguitur
1438 630 59 47 a
1462 630 107 47 donis
1533 630 95 47 quae
1592 630 142 47 efficit.
1698 630 71 47 1.
1734 630 95 47 Cor.
1793 630 83 47 12.
1829 630 47 47 4.

1051 670 82 36 II.
1098 670 163 36 Discrimina
1226 670 128 36 donorum
1320 670 105 36 sunt,
1390 670 82 36 sed
1436 670 93 36 idem
1495 670 152 36 Spiritus.
1612 670 105 36 Omnia
1682 670 105 36 autem
1752 670 93 36 haec
1798 670 82 36 effi-

1048 710 76 38 cit
1092 710 87 38 unus
1146 710 119 38 idemque
1233 710 141 38 Spiritus,
1341 710 163 38 distribuens
1472 710 87 38 illa
1526 710 130 38 privatim
1624 710 130 38 singulis
1722 710 98 38 sicut
1776 710 76 38 vult.

1083 738 86 52 IV.
1132 738 98 52 Quia
1193 738 74 52 in
1230 738 111 52 nomen
1304 738 98 52 ejus
1366 738 185 52 baptizamur,
1513 738 135 52 perinde
1612 738 74 52 ut
1649 738 74 52 in
1685 738 123 52 Patris
1772 738 62 52 &
1784 738 86 52 Filij

1053 773 128 42 nomen.
1143 773 128 42 Matth.
1232 773 89 42 28.
1270 773 64 42 19.

1080 805 71 45 V.
1116 805 95 45 Quia
1175 805 131 45 habitat
1270 805 71 45 in
1306 805 107 45 nobis
1377 805 71 45 ut
1413 805 71 45 in
1448 805 119 45 templo
1532 805 95 45 suo,
1591 805 95 45 Joh.
1650 805 83 45 14.
1698 805 71 45 v.
1733 805 83 45 17.
1781 805 71 45 1.
1805 805 71 45 Cor-

1055 841 60 43 3.
1085 841 89 43 vers.
1134 841 50 43 16.

1081 862 159 52 RESPON.
1196 862 246 52 Samosateniani
1399 862 87 52 ad
1443 862 101 52 hoc
1500 862 203 52 argumentum
1660 862 159 52 negando
1761 862 116 52 conse-

1063 908 140 36 quentiam
1168 908 128 36 propter
1262 908 175 36 amphiboliam
1402 908 70 36 in
1437 908 128 36 verbis,
1530 908 140 36 habitare
1635 908 70 36 in
1670 908 105 36 nobis
1740 908 70 36 ut
1775 908 70 36 in
1798 908 70 36 tem-

1063 949 81 36 plo
1110 949 92 36 suo:
1167 949 115 36 quorum
1248 949 150 36 sententia
1364 949 92 36 sit,
1421 949 92 36 Deum
1479 949 81 36 per
1525 949 139 36 virtutem
1629 949 104 36 suam,
1698 949 92 36 quae
1756 949 81 36 est
1791 949 92 36 Spiri-

1054 977 84 47 tus
1102 977 144 47 Sanctus,
1210 977 72 47 in
1246 977 156 47 Sanctorum
1366 977 144 47 cordibus
1475 977 144 47 operari,
1583 977 96 47 quia
1643 977 144 47 immensus
1751 977 96 47 Deus
1799 977 84 47 alios

1059 1014 93 38 modo
1118 1014 93 38 quam
1176 1014 128 38 virtute
1269 1014 82 38 sua
1316 1014 70 38 in
1351 1014 152 38 hominibus
1468 1014 93 38 esse
1526 1014 82 38 non
1561 1014 105 38 possit.

1079 1036 75 44 Ad
1117 1036 113 44 istam
1192 1036 201 44 responsionem
1355 1036 88 44 sic
1405 1036 188 44 replicamus.
1556 1036 113 44 Falso
1631 1036 138 44 negatur
1719 1036 150 44 consequen-

1062 1071 95 44 tia,
1121 1071 95 44 quia
1181 1071 107 44 nihil
1252 1071 83 44 est
1299 1071 71 44 in
1335 1071 154 44 argumento
1453 1071 119 44 nostro
1536 1071 166 44 :
1667 1071 107 44 Plana
1738 1071 95 44 sunt
1785 1071 83 44 verba

1065 1111 126 35 planus
1154 1111 139 35 sensus.
1255 1111 151 35 Spiritum
1368 1111 139 35 Sanctum
1469 1111 151 35 habitate
1582 1111 76 35 in
1620 1111 139 35 sanctis
1721 1111 76 35 ut
1759 1111 76 35 in
1784 1111 101 35 templo

1049 1156 105 27 suo,
1115 1156 92 27 non
1167 1156 92 27 est
1220 1156 105 27 idem
1285 1156 105 27 quod
1351 1156 105 27 Deum
1416 1156 92 27 per
1469 1156 158 27 virtutem
1587 1156 105 27 suam
1653 1156 79 27 in
1692 1156 171 27 sanctorum
1810 1156 79 27 cor-

1059 1180 119 37 dibus
1138 1180 158 37 operati.
1256 1180 105 37 Etsi
1322 1180 105 37 enim
1388 1180 119 37 verum
1467 1180 105 37 sit,
1533 1180 105 37 Deum
1599 1180 92 37 per
1652 1180 171 37 virtutera
1784 1180 105 37 suam
1836 1180 53 37 o-

1078 1216 113 39 erari
1153 1216 75 39 in
1190 1216 150 39 sanctis,
1303 1216 113 39 tamen
1378 1216 75 39 eo
1415 1216 75 39 id
1453 1216 88 39 non
1503 1216 163 39 evertitur
1628 1216 100 39 quod
1690 1216 88 39 nos
1728 1216 163 39 affirmamus:

1068 1247 83 43 tum
1116 1247 95 43 quia
1175 1247 119 43 virtus
1259 1247 83 43 Dei
1307 1247 83 43 non
1354 1247 83 43 est
1402 1247 143 43 separata
1509 1247 72 43 ab
1545 1247 143 43 essentia
1652 1247 107 43 ejus,
1724 1247 83 43 ibi
1772 1247 95 43 enim
1819 1247 72 43 est;

1069 1278 109 38 Deus,
1141 1278 85 38 ubi
1190 1278 157 38 operatur:
1311 1278 85 38 tum
1359 1278 97 38 quia
1420 1278 109 38 aliud
1492 1278 85 38 est
1540 1278 133 38 operari
1637 1278 73 38 in
1673 1278 133 38 aliquo,
1770 1278 109 38 aliud
1831 1278 60 38 in-

1061 1314 159 41 habitarte
1183 1314 73 41 in
1220 1314 86 41 eo.
1269 1314 98 41 Deus
1330 1314 73 41 in
1366 1314 135 41 omnibus
1464 1314 147 41 operatur
1574 1314 61 41 &
1599 1314 86 41 est
1648 1314 147 41 secundum
1746 1314 135 41 essentia.

1074 1347 185 39 praesentiam
1221 1347 62 39 &
1246 1347 160 39 potentiam
1369 1347 111 39 suam:
1443 1347 74 39 at
1480 1347 74 39 in
1517 1347 135 39 sanctis
1615 1347 148 39 operatur
1726 1347 62 39 &
1751 1347 86 39 est
1788 1347 86 39 atqui

1074 1379 135 39 habitat
1172 1379 110 39 velut
1245 1379 73 39 in
1282 1379 122 39 templo
1368 1379 98 39 suo,
1429 1379 147 39 secundum
1539 1379 171 39 singularem
1674 1379 184 39 praesentiam
1809 1379 73 39 gra-

1069 1413 108 42 tiae.
1141 1413 132 42 Proinde
1237 1413 108 42 licet
1309 1413 144 42 operetur
1417 1413 72 42 in
1453 1413 144 42 omnibus,
1562 1413 84 42 non
1610 1413 108 42 tamen
1682 1413 108 42 omnes
1754 1413 96 42 sunt
1802 1413 72 42 tem-

1077 1449 94 37 plum
1136 1449 129 37 ipsius,
1230 1449 82 37 sed
1276 1449 82 37 pii
1323 1449 117 37 solum,
1405 1449 94 37 quos
1464 1449 176 37 sanctificat
1605 1449 129 37 Spiritu
1698 1449 117 37 Sancto
1780 1449 94 37 suo.
1827 1449 47 37 De

1068 1488 98 34 inde
1129 1488 98 34 haec
1190 1488 123 34 virtus
1276 1488 86 34 qua
1325 1488 98 34 Deus
1386 1488 86 34 est
1435 1488 61 34 &
1460 1488 147 34 operatur
1570 1488 61 34 &
1595 1488 135 34 habitat
1693 1488 74 34 in
1730 1488 147 34 Sanctis,
1828 1488 61 34 aut

1074 1514 173 37 essentialis
1213 1514 81 37 est
1259 1514 81 37 aut
1305 1514 173 37 qualitatis.
1443 1514 81 37 Non
1489 1514 104 37 autem
1558 1514 161 37 qualitatis
1684 1514 92 37 est:
1742 1514 92 37 Ergo
1788 1514 92 37 essen-

1067 1548 123 38 tialis.
1156 1548 67 38 Si
1190 1548 179 38 essentialis,
1335 1548 101 38 certe
1402 1548 78 38 aut
1447 1548 134 38 communis
1548 1548 145 38 essentiae
1659 1548 134 38 divinae,
1760 1548 78 38 aut
1794 1548 89 38 perso-

1068 1587 87 39 nae
1117 1587 100 39 est.
1180 1587 87 39 Non
1230 1587 112 39 autem
1305 1587 150 39 communis
1417 1587 162 39 essentiae
1542 1587 100 39 est:
1604 1587 87 39 nam
1654 1587 162 39 propterea
1767 1587 112 39 Spiritu

1072 1614 90 36 Dei,
1128 1614 135 36 Spiritus
1230 1614 124 36 Domini,
1320 1614 135 36 Spiritus
1422 1614 124 36 Christi
1512 1614 169 36 appellatur.
1647 1614 79 36 Est
1692 1614 113 36 igitur
1771 1614 79 36 hoc
1805 1614 68 36 pro-

1073 1649 102 47 prium
1141 1649 125 47 divinae
1231 1649 136 47 personae
1333 1649 102 47 nomen
1401 1649 102 47 atque
1469 1649 159 47 singulare.
1594 1649 147 47 Praeterea
1707 1649 91 47 toto
1764 1649 102 47 caelo
1820 1649 57 47 res

1071 1682 107 37 rant
1137 1682 240 37 Samosateniani,
1338 1682 107 37 quum
1404 1682 134 37 ajunt,
1498 1682 93 37 non
1551 1682 107 37 alio
1618 1682 107 37 modo
1685 1682 107 37 Deum
1738 1682 147 37 immensum,

1089 1717 96 44 quam
1149 1717 132 44 virtute
1245 1717 84 44 sua
1293 1717 72 44 in
1329 1717 156 44 hominibus
1449 1717 96 44 esse
1510 1717 120 44 posse:
1594 1717 96 44 quum
1654 1717 84 44 nec
1702 1717 96 44 sine
1750 1717 132 44 essentia.

1072 1751 74 44 nec
1115 1751 85 44 sine
1168 1751 148 44 praesentia
1284 1751 106 44 virtus
1358 1751 106 44 ipsius
1432 1751 106 44 inesse
1496 1751 95 44 possit.

1110 1773 86 52 VI.
1159 1773 98 52 Quia
1220 1773 147 52 tentatur
1330 1773 73 52 ab
1366 1773 159 52 hominibus
1489 1773 196 52 peccantibus.
1648 1773 98 52 Act.
1709 1773 73 52 5.
1745 1773 73 52 v.
1782 1773 73 52 9.
1819 1773 98 52 Quid

1068 1814 92 46 est,
1125 1814 80 46 cur
1171 1814 160 46 convenerit
1297 1814 103 46 inter
1365 1814 92 46 vos,
1423 1814 69 46 ut
1457 1814 160 46 tentaretis
1583 1814 137 46 Spiritum
1686 1814 126 46 Domini?
1766 1814 126 46 Tristitia

1067 1854 156 31 afficitur.
1189 1854 89 31 Eph.
1245 1854 67 31 4.
1279 1854 78 31 30.
1323 1854 67 31 Ne
1356 1854 145 31 tristitia
1468 1854 134 31 afficite
1568 1854 134 31 Spiritum
1668 1854 100 31 illum
1735 1854 123 31 Sanctum
1813 1854 67 31 Dei,

1079 1881 76 40 per
1122 1881 87 40 quem
1177 1881 141 40 obsignati
1285 1881 97 40 estis
1350 1881 65 40 in
1382 1881 87 40 diem
1436 1881 173 40 redemtionis:
1577 1881 65 40 Ei
1609 1881 152 40 obsistitur
1728 1881 65 40 ab
1750 1881 130 40 incredulis

1073 1922 55 39 &
1095 1922 188 39 contumacibus.
1250 1922 111 39 Actor.
1327 1922 66 39 7.
1360 1922 77 39 51.
1405 1922 77 39 Vos
1449 1922 111 39 semper
1526 1922 133 39 Spiritui
1626 1922 88 39 illi
1681 1922 111 39 Sancto
1747 1922 144 39 obnitimini.

1099 1951 73 41 Ex
1135 1951 85 41 his
1184 1951 133 41 omnibus
1281 1951 109 41 patet
1354 1951 97 41 quod
1414 1951 146 41 Spiritus
1523 1951 133 41 Sanctus
1620 1951 85 41 sit
1657 1951 109 41 persona

1098 1985 177 41 OEIICITURI.
1240 1985 142 41 Spiritus
1346 1985 130 41 Sanctus
1440 1985 177 41 significat,
1582 1985 130 41 usitata
1665 1985 212 41 phrasiScripturae

1059 2018 183 40 sanctitatem
1205 2018 61 40 &
1230 2018 110 40 motus
1303 2018 134 40 sanctos
1400 2018 73 40 in
1437 2018 159 40 hominibus
1559 2018 61 40 a
1583 2018 85 40 Deo
1632 2018 171 40 excitatos:
1766 2018 98 40 Ergo
1815 2018 61 40 non

1071 2049 77 44 est
1115 2049 121 44 persona
1203 2049 77 44 seu

1099 2082 175 44 Antecedens
1236 2082 150 44 probatur
1348 2082 175 44 inductione
1485 2082 137 44 locorum
1585 2082 187 44 Scripturae.
1734 2082 100 44 Luc.
1797 2082 75 44 1.
1822 2082 62 44 15.

1071 2116 133 41 Spiritu
1168 2116 121 41 Sancto
1253 2116 170 41 implebitur
1386 2116 109 41 otiam
1459 2116 61 41 a
1483 2116 121 41 ventre
1568 2116 121 41 matris
1653 2116 97 41 suae
1713 2116 121 41 Johan.
1798 2116 73 41 4.
1822 2116 61 41 23.

1058 2151 94 39 Veri
1117 2151 165 39 adoratores
1247 2151 153 39 adorabunt
1364 2151 118 39 Patrem
1447 2151 129 39 Spiritu
1541 2151 59 39 &
1564 2151 153 39 vcritate.
1682 2151 129 39 Philip.
1776 2151 71 39 3.
1800 2151 82 39 vers.

1065 2189 75 38 3.
1103 2189 138 38 Spiritu
1203 2189 150 38 servimus
1316 2189 100 38 Deo.
1378 2189 125 38 Johan.
1466 2189 75 38 7.
1504 2189 88 38 39.
1554 2189 125 38 Nondum
1641 2189 100 38 enim
1704 2189 100 38 erat
1754 2189 125 38 Spiritus

1072 2215 135 43 Sanctus,
1173 2215 90 43 quia
1229 2215 101 43 Iesus
1296 2215 112 43 nondum
1375 2215 90 43 erat
1431 2215 191 43 glorificatus.
1588 2215 67 43 Et
1622 2215 123 43 similia
1712 2215 90 43 loca
1768 2215 101 43 plura
1824 2215 56 43 oc

1048 2259 111 33 currum.

1096 2278 107 44 RESP.
1168 2278 72 44 Ex
1203 2278 179 44 particulari
1346 2278 83 44 non
1394 2278 107 44 recte
1466 2278 143 44 infertur
1573 2278 215 44 universaliter;
1752 2278 131 44 Alicubi
1835 2278 48 44 in

1070 2315 142 39 Scriptura
1180 2315 131 39 Spiritus
1278 2315 120 39 Sanctus
1366 2315 77 39 non
1409 2315 153 39 significat
1530 2315 142 39 personam,
1639 2315 88 39 Ergo
1694 2315 120 39 nullibi
1771 2315 109 39 signifi-

1065 2354 86 33 cat
1114 2354 160 33 personam.
1237 2354 99 33 Etsi
1299 2354 99 33 enim
1361 2354 74 33 in
1398 2354 111 33 locis
1472 2354 148 33 adductis
1583 2354 62 33 &
1608 2354 160 33 nonnullis
1731 2354 111 33 aliis
1793 2354 86 33 nomin

1069 2387 136 36 Spiritus
1171 2387 113 36 Sancti
1250 2387 192 36 intelligantur
1408 2387 91 36 dona
1465 2387 125 36 creata:
1555 2387 102 36 tamen
1623 2387 91 36 sunt
1680 2387 91 36 alia
1737 2387 102 36 loca,
1804 2387 68 36 ut
1827 2387 68 36 quae

1064 2422 108 44 supra
1136 2422 132 44 adducta
1232 2422 108 44 sunt,
1304 2422 72 44 in
1340 2422 120 44 quibus
1424 2422 144 44 Spiritus
1532 2422 132 44 Sanctus
1628 2422 84 44 non
1676 2422 120 44 potest
1748 2422 144 44 intelligi,

1069 2456 101 41 nisi
1132 2456 151 41 persona,
1246 2456 189 41 operationum
1397 2456 63 41 &
1422 2456 139 41 donorum
1510 2456 139 41 effectrix

1091 2477 167 45 OBIICITUR
1219 2477 90 45 II.
1271 2477 115 45 Donum
1348 2477 90 45 Dei
1399 2477 90 45 non
1450 2477 90 45 est
1501 2477 154 45 persona:
1617 2477 154 45 Spiritus
1732 2477 141 45 Sanctus
1822 2477 64 45 est

1072 2513 101 51 donum
1139 2513 89 51 Dei:
1195 2513 78 51 Non
1239 2513 78 51 est
1284 2513 112 51 igitur
1351 2513 112 51 persona.

1096 2541 111 49 RESP.
1170 2541 111 49 Major
1244 2541 173 49 propositio
1380 2541 173 49 intellecta
1516 2541 222 49 universaliter,
1701 2541 86 49 est
1750 2541 123 49 falsa.
1824 2541 62 49 Nam

1069 2586 56 35 &
1091 2586 113 35 Filius
1170 2586 79 35 Dei
1215 2586 79 35 est
1260 2586 101 35 donum
1328 2586 90 35 Dei,
1384 2586 68 35 ut
1418 2586 124 35 ipsemet
1508 2586 68 35 de
1541 2586 113 35 seipso
1620 2586 135 35 loquitur
1721 2586 90 35 Joh.
1778 2586 68 35 3.
1811 2586 68 35 v.
1834 2586 56 35 16.

1076 2623 81 39 Ita
1122 2623 92 39 Deus
1179 2623 127 39 dilexit
1271 2623 127 39 mundum,
1363 2623 69 39 ut
1398 2623 115 39 Filium
1478 2623 92 39 suum
1536 2623 104 39 illum
1605 2623 161 39 unigenitum
1731 2623 138 39 dederit.
1835 2623 81 39 Et

1070 2654 61 40 c.
1100 2654 61 40 4.
1131 2654 61 40 v.
1162 2654 71 40 10.
1202 2654 61 40 Si
1233 2654 102 40 nosses
1304 2654 92 40 donum
1365 2654 92 40 illud
1426 2654 71 40 Dei
1467 2654 51 40 &
1488 2654 82 40 quis
1539 2654 71 40 sit
1579 2654 92 40 ille,
1640 2654 71 40 qui
1681 2654 92 40 dicit
1742 2654 92 40 tibi:
1803 2654 61 40 da
1824 2654 61 40 mihi

1081 2696 111 35 potum:
1158 2696 66 35 tu
1192 2696 133 35 petusses
1291 2696 66 35 ab
1325 2696 78 35 eo,
1369 2696 55 35 &
1391 2696 133 35 dedisset
1491 2696 89 35 tibi
1546 2696 100 35 aquam
1613 2696 111 35 vivam.
1690 2696 78 35 Sic
1735 2696 89 35 Jes.
1790 2696 66 35 9.
1823 2696 66 35 6.
1846 2696 55 35 Fi-

1075 2721 91 43 lius
1132 2721 103 43 datus
1200 2721 80 43 est
1246 2721 114 43 nobis.
1326 2721 91 43 Rom.
1383 2721 57 43 8
1406 2721 80 43 32.
1451 2721 80 43 qui
1497 2721 80 43 non
1543 2721 103 43 etiam
1611 2721 80 43 cum
1657 2721 68 43 eo
1691 2721 103 43 omnia
1759 2721 103 43 nobis
1817 2721 68 43 gra-

1073 2752 203 54 tificabitur?
1238 2752 76 54 Et
1276 2752 102 54 quis
1340 2752 165 54 negaverit
1467 2752 127 54 Filium
1555 2752 89 54 Dei
1606 2752 102 54 esse
1670 2752 165 54 personam?
1797 2752 102 54 Idem
1847 2752 51 54 de

1067 2791 147 51 Spiritu
1174 2791 134 51 Sancto
1254 2791 161 51 statuendum

1101 2820 98 41 Quod
1162 2820 98 41 vero
1223 2820 147 41 Spiritus
1334 2820 135 41 Sanctus
1432 2820 86 41 sit
1481 2820 135 41 persona
1579 2820 160 41 Deitatis,
1702 2820 86 41 hoc
1751 2820 98 41 est,
1800 2820 86 41 verus

1068 2854 96 43 Deus
1128 2854 132 43 natura,
1224 2854 156 43 ,
1345 2854 72 43 id
1381 2854 96 43 est,
1441 2854 60 43 a
1465 2854 120 43 seipso
1549 2854 96 43 Deus
1609 2854 84 43 seu
1657 2854 132 43 Jehova,
1742 2854 156 43 sequentibus

1105 2896 152 35 gumentis
1206 2896 152 35 evincimus.

1101 2926 121 37 Primum
1185 2926 97 37 est,
1246 2926 97 37 quia
1306 2926 145 37 absolute
1415 2926 72 37 in
1451 2926 157 37 Scriptura
1572 2926 133 37 vocatur
1669 2926 97 37 Deus
1729 2926 121 37 Actor.
1814 2926 72 37 5.
1838 2926 48 37 4.

1068 2950 84 44 Non
1116 2950 72 44 es
1152 2950 144 44 mentitus
1260 2950 132 44 homini,
1356 2950 84 44 sed
1404 2950 96 44 Deo.
1464 2950 96 44 Quod
1525 2950 108 44 autem
1597 2950 84 44 hic
1645 2950 108 44 sermo
1717 2950 84 44 sit
1765 2950 72 44 de
1789 2950 96 44 Spiri-

1074 2991 71 37 tu
1110 2991 130 37 Sancto,
1204 2991 118 37 liquet
1287 2991 71 37 ex
1322 2991 153 37 contextu:
1440 2991 83 37 nam
1487 2991 106 37 paulo
1558 2991 106 37 ante,
1629 2991 106 37 versu
1699 2991 130 37 nimirum
1782 2991 106 37 tertio-

1075 3022 117 36 Petrus
1157 3022 105 36 dixit
1227 3022 140 36 :naniae;
1332 3022 82 36 Cur
1379 3022 140 36 implevit
1484 3022 128 36 Satanas
1577 3022 82 36 cor
1624 3022 105 36 tuum,
1694 3022 70 36 ut
1729 3022 163 36 mentireris
1845 3022 47 36 in

1082 3060 140 43 Spiritum.
1190 3060 130 43 Sanctum,
1287 3060 65 43 ut
1320 3060 184 43 interverteres
1471 3060 65 43 ex
1503 3060 108 43 pretio
1579 3060 108 43 istius
1654 3060 130 43 praedit:
1752 3060 65 43 Et
1784 3060 86 43 post
1827 3060 65 43 rur-

1076 3091 80 38 sus
1121 3091 68 38 v.
1155 3091 68 38 9.
1189 3091 68 38 ad
1224 3091 148 38 Saphiram:
1337 3091 91 38 Quid
1394 3091 91 38 est,
1451 3091 80 38 cur
1497 3091 159 38 convenerit
1622 3091 102 38 inter
1690 3091 80 38 vos
1736 3091 68 38 ut
1758 3091 137 38 tentaretis

1080 3123 139 37 Spiritum
1185 3123 174 37 Dominmicic.
1324 3123 69 37 1.
1358 3123 93 37 Cor.
1416 3123 69 37 3.
1451 3123 93 37 v16,
1509 3123 81 37 17.
1555 3123 69 37 An
1590 3123 139 37 nescitis
1694 3123 81 37 vos
1740 3123 93 37 esse
1787 3123 104 37 templum

1078 3160 110 37 Dei,
1147 3160 69 37 &
1174 3160 165 37 Spiritum
1298 3160 96 37 Dei
1353 3160 165 37 habitare
1477 3160 82 37 in
1518 3160 137 37 vobis?
1614 3160 82 37 Si
1655 3160 110 37 quis
1724 3160 151 37 templum
1820 3160 69 37 Dei

1078 3189 153 46 violat
1185 3189 122 46 hunc
1261 3189 153 46 perdet
1369 3189 138 46 Deus:
1460 3189 107 46 nam
1522 3189 168 46 templum
1644 3189 107 46 Dei
1705 3189 168 46 sanctum
1812 3189 77 46 est

1079 3223 91 56 quod
1135 3223 102 56 estis
1192 3223 57 56 vos
