2063 3469
182 165 126 55 tibus:
270 165 201 55 Benignitates
434 165 138 55 Iehovae
535 165 201 55 commemorabo,
698 165 126 55 laudes
786 165 151 55 Iehovae,
899 165 113 55 plane
962 165 63 55 pro

194 202 143 55 omnibus,
301 202 95 55 quae
361 202 143 55 contulit
468 202 107 55 nobis
539 202 131 55 Iehova:
634 202 59 55 &
658 202 190 55 amplitudinem
813 202 155 55 bonitatis
920 202 83 55 erga-

203 244 113 39 domum
279 244 163 39 Israelis,
404 244 100 39 quam
467 244 151 39 contulit
580 244 88 39 eis
630 244 151 39 secundum
743 244 213 39 misericordiam
906 244 88 39 suam,

201 276 68 44 &
228 276 162 44 secundum
349 276 216 44 amplitudinem
525 276 216 44 benignitatum
700 276 149 44 suarum.
808 276 95 44 Nam
862 276 135 44 dixit:
943 276 54 44 ut

196 305 97 49 tique
261 305 118 49 populus
347 305 86 49 meus
401 305 97 49 sunt,
465 305 97 49 filij
530 305 75 49 non
573 305 151 49 mendaciter
692 305 118 49 acturi:
778 305 86 49 ideo
832 305 86 49 fuit
886 305 97 49 illis
939 305 65 49 ser-

201 334 118 47 vator.
284 334 71 47 In
319 334 94 47 omni
378 334 141 47 angustia
484 334 106 47 eorum
554 334 82 47 non
601 334 129 47 affecit
695 334 82 47 eos
742 334 153 47 angustia,
860 334 82 47 sed
895 334 106 47 Angelus

213 368 111 47 faciei
291 368 89 47 ejus
346 368 133 47 servavit
446 368 89 47 eos;
502 368 155 47 dilectione
624 368 78 47 sua
668 368 56 47 &
690 368 144 47 clementia
801 368 78 47 sua
846 368 89 47 ipse
890 368 111 47 vindica-

206 402 79 50 vit
251 402 90 50 eos;
307 402 56 50 &
329 402 135 50 imponens
430 402 79 50 eos
475 402 101 50 sibi,
543 402 146 50 bajulavit
655 402 79 50 eos
700 402 124 50 omnibus
790 402 112 50 diebus
868 402 124 50 seculi.
947 402 56 50 Na-

198 435 103 54 ipsis
266 435 206 54 rebellantibus,
438 435 57 54 &
461 435 114 54 dolore
541 435 195 54 afficientibus
701 435 137 54 Spiritum
804 435 172 54 sanctitatis
930 435 80 54 ejus;

209 476 153 46 mutabatur
327 476 118 46 quidem
409 476 106 46 ipsis
480 476 71 46 in
515 476 153 46 inimicum,
633 476 94 46 ipse
691 476 165 46 repugnabat
821 476 94 46 eis,
880 476 82 46 sed
915 476 94 46 recor-

201 497 130 57 dabatur
296 497 118 57 dierum
378 497 165 57 priscorum,
508 497 118 57 Mosis,
591 497 118 57 populi
674 497 94 57 sui,
733 497 83 57 ubi
780 497 106 57 esset
851 497 83 57 qui
898 497 118 57 posuit
969 497 47 57 in

202 539 103 47 medio
270 539 114 47 illius
350 539 137 47 Spiritum
453 539 172 47 sanctitatis
591 539 103 47 suae?
660 539 80 47 Qui
705 539 126 47 deduxit
797 539 103 47 istos
866 539 69 47 ad
889 539 114 47 dexteram

209 568 97 47 Mosis
274 568 152 47 exsistens,
393 568 119 47 brachio
480 568 119 47 ornatus
566 568 119 47 suitqui
653 568 130 47 diffidit
750 568 97 47 aquas
815 568 119 47 propter
902 568 108 47 istos,
967 568 43 47 ut

209 603 164 47 compararet
338 603 93 47 sibi
396 603 105 47 nomen
466 603 164 47 perpetuum?
595 603 82 47 Qui
642 603 93 47 egit
700 603 105 47 istos
770 603 82 47 per
817 603 140 47 abyssos;
911 603 93 47 tanqua

210 639 112 43 equum
284 639 87 43 per
334 639 161 43 desertum,
458 639 99 43 adeo
520 639 74 43 ut
557 639 87 43 non
606 639 186 43 impegerint?
755 639 74 43 Vt
792 639 149 43 jumentum
904 639 74 43 in
929 639 74 43 con-

217 665 102 49 valle
285 665 170 49 descendens,
421 665 136 49 Spiritus
523 665 125 49 Iehovae
613 665 113 49 quiete
693 665 91 49 egit
749 665 91 49 eum:
806 665 79 49 ita
851 665 125 49 duxisti
931 665 79 49 popu-

206 708 89 40 lum
257 708 114 40 tuum,
333 708 76 40 ad
371 708 190 40 comparandum
524 708 102 40 tibi
587 708 114 40 nomen
663 708 152 40 ornatus.
778 708 76 40 In
816 708 89 40 hoc
854 708 152 40 prophetico

223 742 158 41 testimonio
347 742 90 41 tres
403 742 135 41 personae
504 742 192 41 distinguuntur
662 742 68 41 in
696 742 79 41 una
741 742 135 41 Deitate:
842 742 101 41 Pater
910 742 79 41 qui
944 742 56 41 Ie-

216 764 93 49 hova
275 764 128 49 dicitur
368 764 198 49 Synecdochice,
531 764 117 49 Filius
613 764 82 49 qui
659 764 128 49 Angelus
753 764 117 49 faciei
834 764 128 49 Iehovae
916 764 93 49 appel-

225 800 104 50 atur,
295 800 58 50 &
318 800 139 50 Spiritus
422 800 174 50 sanctitatis
561 800 127 50 Jehovae
653 800 81 50 seu
700 800 139 50 Spiritus
804 800 139 50 Sanctus.
908 800 81 50 Has
943 800 69 50 tres

220 833 135 57 personas
321 833 102 57 unius
389 833 147 57 essentiae
502 833 124 57 divinae
592 833 135 57 ostendit
694 833 124 57 Jesaias
784 833 79 57 eo,
829 833 90 57 quod
886 833 90 57 unum
942 833 56 57 &
954 833 56 57 ide

219 866 95 48 opus
278 866 166 48 eductionis
409 866 118 48 populi
492 866 178 48 Israelitici
634 866 71 48 ex
669 866 142 48 AEgypto,
776 866 59 48 &
800 866 178 48 deductionis
930 866 83 48 ejus-

214 907 79 38 dem
259 907 236 38 conservationisque
461 907 67 38 in
494 907 123 38 deserto
584 907 112 38 tribus
663 907 79 38 his
708 907 135 38 tribuit.

247 933 65 46 2.
280 933 87 46 Sam.
334 933 76 46 23.
378 933 98 46 vers.
443 933 65 46 2.
476 933 76 46 ait
520 933 98 46 David
585 933 65 46 in
618 933 142 46 postremis
727 933 87 46 suis
781 933 120 46 verbis:
868 933 131 46 Spiritus
956 933 54 46 Ie-

212 971 110 39 hovae
285 971 147 39 loquutus
395 971 86 39 est
444 971 73 39 in
481 971 86 39 me,
530 971 61 39 &
554 971 110 39 Sermo
628 971 98 39 ejus
689 971 86 39 per
738 971 135 39 linguam
836 971 110 39 meam.
897 971 110 39 Senten-

214 1004 86 47 tia
263 1004 98 47 est:
324 1004 98 47 Deus
385 1004 110 47 Pater
459 1004 159 47 perFilium
581 1004 74 47 in
618 1004 135 47 Spiritu
716 1004 123 47 Sancto
802 1004 123 47 mentem
888 1004 61 47 &
900 1004 110 47 linguam

210 1035 111 48 meam
279 1035 180 48 moderatus
418 1035 97 48 est
473 1035 83 48 ad
500 1035 194 48 prophetandum

255 1069 146 44 Chaggaei
364 1069 73 44 2.
400 1069 109 44 vers.
473 1069 73 44 4,
510 1069 73 44 5.
546 1069 85 44 Sum
595 1069 158 44 vobiscum,
716 1069 109 44 dicit
789 1069 121 44 Iehova
861 1069 146 44 exercituum

223 1100 88 46 Cum
274 1100 126 46 VERBO,
362 1100 88 46 quo
412 1100 164 46 pepigeram
538 1100 164 46 vobiscum,
664 1100 176 46 exeuntibus
803 1100 113 46 vobis
878 1100 76 46 ex
903 1100 101 46 AEgoy-

222 1131 93 51 pto,
281 1131 58 51 &
304 1131 128 51 Spiritu
397 1131 82 51 meo
444 1131 117 51 stante
525 1131 70 51 in
560 1131 117 51 vobis:
642 1131 70 51 ne
677 1131 152 51 timeatis.
794 1131 117 51 Quibus
875 1131 117 51 verbis
945 1131 70 51 Deus

236 1163 99 47 Pater
302 1163 165 47 praesentiam
434 1163 143 47 suiipsius
543 1163 55 47 &
565 1163 132 47 Sermonis
664 1163 110 47 illius
741 1163 121 47 aeterni
828 1163 77 47 seu
872 1163 121 47 Christi
949 1163 66 47 Ser-

230 1198 122 46 vatoris
319 1198 56 46 &
341 1198 134 46 Spiritus
441 1198 111 46 Sancti
519 1198 145 46 promittit
631 1198 145 46 Ecclesiae
742 1198 100 46 suae,
809 1198 67 46 ut
842 1198 134 46 adversus
931 1198 78 46 omni-

219 1239 105 37 mala
285 1239 92 37 eam
324 1239 158 37 confirmet.

254 1254 69 55 In
288 1254 92 55 novo
345 1254 160 55 Testamento
471 1254 126 55 clarius
563 1254 69 55 se
597 1254 149 55 patefecit
712 1254 92 55 Deus
769 1254 92 55 quod
827 1254 80 55 sit
872 1254 115 55 trinus
941 1254 69 55 per-

220 1298 117 43 sonis.
302 1298 117 43 Matth.
384 1298 82 43 28.
431 1298 82 43 19.
478 1298 176 43 praecipitur
618 1298 152 43 baptismus
735 1298 70 43 in
770 1298 105 43 nomen
840 1298 117 43 Patris
922 1298 59 43 &
934 1298 82 43 Filij

219 1330 60 40 &
243 1330 144 40 Spiritus
351 1330 132 40 Sancti.
447 1330 108 40 Atqui
519 1330 72 40 in
555 1330 108 40 unius
626 1330 96 40 veri
686 1330 84 40 Dei
734 1330 108 40 nomen
806 1330 156 40 baptizari
926 1330 84 40 nos
962 1330 48 40 o-

231 1374 120 30 portet.
318 1374 142 30 Similiter
428 1374 186 30 distinguuntur
580 1374 131 30 personae
679 1374 142 30 Deitatis,
788 1374 109 30 Johan.
864 1374 65 30 1.
897 1374 98 30 vers.
951 1374 55 30 14.

230 1401 78 40 18.
274 1401 67 40 Et
308 1401 100 40 Sermo
374 1401 89 40 ille
430 1401 111 40 factus
507 1401 78 40 est
552 1401 89 40 caro
607 1401 56 40 &
630 1401 155 40 commoratus
752 1401 78 40 est
796 1401 100 40 inter
863 1401 89 40 nos,
918 1401 67 40 (&
940 1401 67 40 spo-

232 1430 138 44 ctavimus
335 1430 126 44 gloriam
427 1430 103 44 ejus,
496 1430 126 44 gloriam
588 1430 115 44 inquam
668 1430 69 44 ut
703 1430 149 44 unigeniti
818 1430 126 44 egressi
910 1430 57 44 a
921 1430 92 44 Patre.

218 1471 126 43 plenus
307 1471 139 43 gratiae
407 1471 76 43 ac
445 1471 176 43 veritatis.
584 1471 101 43 Deum
647 1471 101 43 nemo
710 1471 113 43 vidit
786 1471 139 43 unquam:
874 1471 151 43 unigenitus

224 1503 86 38 ille
278 1503 118 38 Filius,
364 1503 75 38 qui
407 1503 75 38 est
450 1503 64 38 in
482 1503 86 38 sinu
535 1503 118 38 Patris,
621 1503 86 38 ille
675 1503 97 38 nobis
739 1503 139 38 exposuit.
846 1503 64 38 Et
879 1503 86 38 cap.
932 1503 75 38 15.
964 1503 54 38 26.

231 1537 98 40 quum
292 1537 110 40 autem
365 1537 134 40 venerit
463 1537 171 40 Paracletus
597 1537 110 40 ille,
670 1537 98 40 quem
731 1537 85 40 ego
780 1537 122 40 mittam
866 1537 110 40 vobis
939 1537 61 40 a
951 1537 61 40 Pa-

215 1566 90 38 tre,
271 1566 135 38 Sviritus
372 1566 112 38 inquam
451 1566 90 38 ille
507 1566 157 38 veritatis,
631 1566 79 38 qui
676 1566 56 38 a
698 1566 101 38 Patre
766 1566 124 38 emanat,
856 1566 90 38 ille
901 1566 112 38 testabi-

225 1601 73 36 tur
266 1601 62 36 de
297 1601 73 36 me.
339 1601 62 36 Et
370 1601 83 36 cap.
422 1601 73 36 16.
464 1601 94 36 vers.
527 1601 62 36 3.
558 1601 73 36 13,
599 1601 73 36 14,
641 1601 73 36 15.
683 1601 62 36 Et
714 1601 83 36 haec
766 1601 115 36 facient
849 1601 104 36 vobis,
922 1601 83 36 quia
964 1601 52 36 non

218 1637 119 34 norunt
301 1637 131 34 Patrem,
397 1637 107 34 neque
468 1637 83 34 me.
516 1637 95 34 Quum
575 1637 107 34 autem
647 1637 131 34 venerit
742 1637 107 34 ille,
814 1637 71 34 id
849 1637 95 34 est,
897 1637 119 34 Spiritus

219 1669 92 36 ille
277 1669 162 36 veritatis,
404 1669 81 36 dux
450 1669 92 36 viae
508 1669 104 36 vobis
577 1669 92 36 erit
635 1669 69 36 in
670 1669 104 36 omnem
739 1669 162 36 veritatem,
866 1669 81 36 non
912 1669 92 36 enim
958 1669 58 36 lo-

231 1700 117 37 quetur
313 1700 59 37 a
337 1700 129 37 seipso,
430 1700 82 37 sed
477 1700 164 37 quaecunque
606 1700 141 37 audierit
711 1700 152 37 loquetur:
829 1700 59 37 &
852 1700 94 37 quae
911 1700 129 37 ventura

233 1725 101 46 sunt,
300 1725 168 46 renunciabit
434 1725 112 46 vobis.
513 1725 90 46 Ille
568 1725 67 46 me
602 1725 179 46 glorificabit
747 1725 90 46 quia
803 1725 67 46 de
837 1725 78 46 meo
882 1725 145 46 accipiet,
982 1725 34 46 &

217 1763 178 41 renunciabit
360 1763 119 41 vobis.
443 1763 107 41 Omnia
514 1763 95 41 quae
573 1763 107 41 habet
645 1763 119 41 Pater,
728 1763 83 41 mea
775 1763 107 41 sunt:
847 1763 154 41 propterea
954 1763 59 41 di-

215 1793 91 46 xi,
267 1793 118 46 illum
346 1793 78 46 de
385 1793 91 46 meo
437 1793 183 46 accepturum
581 1793 65 46 &
607 1793 222 46 renunciaturum
790 1793 131 46 vobis.
881 1793 78 46 1.
907 1793 131 46 Corinth.

217 1831 86 40 12.
266 1831 74 40 3.
303 1831 172 40 Quapropter
437 1831 110 40 notum
511 1831 110 40 vobis
584 1831 123 40 facio,
670 1831 123 40 nullum
756 1831 86 40 per
805 1831 147 40 Spiritum
915 1831 86 40 Dei
952 1831 61 40 lo-

224 1863 142 40 quentem
328 1863 129 40 dicere
418 1863 116 40 Iesum
496 1863 168 40 anathema,
625 1863 65 40 &
651 1863 142 40 neminem
754 1863 116 40 posse
832 1863 129 40 dicere
910 1863 103 40 Iesum.

214 1898 144 31 Dominum,
322 1898 96 31 nisi
382 1898 84 31 per
429 1898 144 31 Spiritum
537 1898 144 31 Sanctum.
645 1898 72 31 2.
681 1898 144 31 Corinth.
789 1898 84 31 13.
836 1898 108 31 vers.
908 1898 84 31 13.
944 1898 72 31 Gra-

213 1929 87 37 tia
262 1929 125 37 Domini
350 1929 100 37 Iesu
412 1929 137 37 Christi
512 1929 62 37 &
537 1929 150 37 charitas
649 1929 100 37 Dei,
711 1929 62 37 &
736 1929 199 37 communicatio
885 1929 125 37 Spiritus

210 1961 120 39 Sancti
294 1961 84 39 sit
342 1961 84 39 cum
390 1961 132 39 omnibus
487 1961 120 39 vobis,
571 1961 108 39 Amen.
643 1961 120 39 Ephes.
727 1961 72 39 2.
763 1961 84 39 18.
811 1961 84 39 Per
860 1961 108 39 ipsum
920 1961 96 39 (nempe

221 1987 133 42 Filium)
318 1987 133 42 habemus
414 1987 121 42 aditum
499 1987 85 42 per
547 1987 97 42 unum
608 1987 145 42 Spiritum
717 1987 73 42 ad
753 1987 133 42 Patrem.
850 1987 73 42 1.
886 1987 121 42 Johan.
959 1987 48 42 5.

219 2020 68 44 7.
253 2020 79 44 Nam
298 2020 90 44 tres
354 2020 90 44 sunt
410 2020 79 44 qui
456 2020 192 44 testificantur
613 2020 68 44 in
647 2020 113 44 coelo,
726 2020 113 44 Pater,
805 2020 113 44 Sermo,
884 2020 56 44 &
895 2020 113 44 Spiritus

218 2061 135 36 Sanctus:
319 2061 56 36 &
342 2061 68 36 hi
376 2061 90 36 tres
432 2061 90 36 unum
488 2061 101 36 sunt.
556 2061 124 36 Apocal.
646 2061 68 36 I.
680 2061 68 36 4,
714 2061 68 36 5.
748 2061 135 36 Iohannes
849 2061 113 36 septem
917 2061 90 36 Eccle-

219 2087 92 40 siis
276 2087 92 40 quae
333 2087 92 40 sunt
390 2087 69 40 in
425 2087 103 40 Asia:
493 2087 114 40 Gratia
573 2087 80 40 sit
619 2087 103 40 vobis
688 2087 57 40 &
711 2087 92 40 paxa
768 2087 80 40 Qui
814 2087 92 40 est,
871 2087 57 40 &
894 2087 80 40 Qui
939 2087 92 40 erat

212 2121 60 43 &
236 2121 84 43 Qui
284 2121 143 43 venturus
391 2121 96 43 est:
451 2121 60 43 &
475 2121 60 43 a
499 2121 119 43 septem
582 2121 179 43 spiritibus,
725 2121 84 43 qui
773 2121 72 43 in
809 2121 155 43 conspectu
916 2121 96 43 throns

204 2158 85 42 ejus
257 2158 95 42 sunt:
321 2158 53 42 &
342 2158 53 42 a
363 2158 85 42 Iesu
416 2158 116 42 Christo
501 2158 74 42 qui
543 2158 74 42 est
586 2158 95 42 fidus
649 2158 85 42 ille
702 2158 116 42 testis,
787 2158 169 42 primogenitus
924 2158 85 42 ille
967 2158 42 42 ex

218 2192 123 40 mortuis
307 2192 67 40 ac
341 2192 134 40 princeps
441 2192 100 40 regum
508 2192 123 40 terrae:
597 2192 78 40 qui
642 2192 123 40 dilexit
731 2192 78 40 nos
776 2192 56 40 &
798 2192 100 40 lavit
865 2192 78 40 nos
910 2192 56 40 a
921 2192 89 40 pecca-

208 2226 79 39 tis
253 2226 125 39 nostris
344 2226 79 39 per
389 2226 147 39 sanguinem
503 2226 102 39 suum.
571 2226 68 39 Et
605 2226 113 39 passim
684 2226 68 39 in
718 2226 113 39 vetere
797 2226 57 39 &
820 2226 91 39 novo
866 2226 147 39 Testamento.

236 2258 151 36 Secundum
350 2258 138 36 membrum
450 2258 101 36 est,
513 2258 126 36 tribus
601 2258 151 36 personis
715 2258 138 36 nimirum
815 2258 126 36 Patri,
903 2258 113 36 Filio
966 2258 38 36 &

209 2281 144 50 Spiritui
317 2281 120 50 Sancto
401 2281 120 50 tribui
485 2281 96 50 idem
545 2281 108 50 nomen
617 2281 132 50 Jehovae
713 2281 60 50 &
737 2281 84 50 Dei
785 2281 156 50 absolute.
905 2281 108 50 Hosc.
965 2281 48 50 1.

202 2322 100 37 vers.
269 2322 67 37 4.
302 2322 111 37 Iehova
380 2322 78 37 (id
424 2322 89 37 est,
480 2322 89 37 Deus
536 2322 111 37 Pater)
614 2322 100 37 dixit
680 2322 100 37 vers.
747 2322 67 37 7.
780 2322 100 37 Domus
847 2322 100 37 Iudae
903 2322 100 37 miseret

202 2356 100 39 bor,
264 2356 175 39 servaboque
401 2356 87 39 eos
451 2356 87 39 per
501 2356 137 39 Iehovam
601 2356 100 39 Deum
663 2356 150 39 ipsorum,
776 2356 75 39 id
813 2356 100 39 est,
876 2356 87 39 per
913 2356 100 39 Filium

196 2387 109 36 meum
265 2387 177 36 CHRISTUM.
401 2387 109 36 Jesa
469 2387 82 36 6.
510 2387 123 36 vers.
592 2387 82 36 9.
633 2387 136 36 Jehova
728 2387 82 36 ad
769 2387 150 36 Jesaiam
865 2387 136 36 loquutur

197 2418 93 46 est,
255 2418 93 46 quod
313 2418 116 46 Paulus
394 2418 150 46 Apostolus
510 2418 116 46 Actor.
591 2418 81 46 28.
637 2418 104 46 vers.
706 2418 81 46 25.
753 2418 104 46 dicit
822 2418 139 46 Spiritum
926 2418 69 46 S.
949 2418 58 46 lo-

201 2462 144 36 quutum.
305 2462 104 36 Quod
371 2462 91 36 Dei
423 2462 117 36 nomen
501 2462 130 36 Patri,
592 2462 117 36 Filio
671 2462 65 36 &
697 2462 157 36 Spiritui
814 2462 130 36 Sancto
893 2462 130 36 absolute

196 2493 169 36 tribuatur,
329 2493 217 36 praecedentibus
510 2493 157 36 capitibus
618 2493 109 36 dictum.

225 2511 132 56 Tertium
321 2511 132 56 membrum
417 2511 96 56 est,
477 2511 120 56 tribus
561 2511 156 56 personis,
682 2511 108 56 nempe
754 2511 120 56 Patri,
838 2511 108 56 Filio
910 2511 60 56 &
922 2511 72 56 Spi-

198 2553 108 44 ritui
270 2553 120 44 Sancto
354 2553 108 44 eadem
426 2553 108 44 opera
498 2553 120 44 divina
582 2553 132 44 tribui.
679 2553 72 44 Id
715 2553 156 44 ostendunt
835 2553 96 44 haec
883 2553 108 44 testimo

204 2597 89 36 nia.
260 2597 111 36 Johan.
338 2597 67 36 5.
371 2597 100 36 vers.
438 2597 78 36 17.
482 2597 78 36 ait
527 2597 111 36 Filius
605 2597 89 36 Dei:
661 2597 100 36 Pater
728 2597 89 36 meus
783 2597 100 36 usque
850 2597 100 36 adhuc
906 2597 89 36 opera-

201 2621 93 43 tur,
260 2621 58 43 &
283 2621 81 43 ego
329 2621 128 43 operor.
422 2621 70 43 Et
457 2621 105 43 vers.
527 2621 81 43 19.
574 2621 93 43 Amen
632 2621 93 43 amen
690 2621 93 43 dico
748 2621 116 43 vobis,
830 2621 81 43 non
876 2621 116 43 potest
946 2621 58 43 Fi-

208 2656 92 37 lius
266 2656 58 37 a
289 2656 150 37 semetipso
404 2656 138 37 operari,
508 2656 92 37 nisi
566 2656 127 37 viderit
658 2656 115 37 Patrem
739 2656 161 37 operantem:
854 2656 138 37 quaecunque

199 2694 85 36 enim
253 2694 85 36 ille
306 2694 106 36 facit,
380 2694 85 36 haec
434 2694 96 36 etiam
498 2694 106 36 Filius
572 2694 117 36 pariter
657 2694 106 36 facit.
732 2694 64 36 1.
764 2694 128 36 Corinth.
860 2694 75 36 12.
902 2694 96 36 vers.
955 2694 43 36 3.

198 2722 60 40 &
222 2722 179 40 sequentibus
365 2722 107 40 opera
437 2722 119 40 divina
520 2722 143 40 Spiritui
627 2722 119 40 Sancto
711 2722 203 40 adscribuntur,
878 2722 72 40 de
902 2722 95 40 quibus

203 2762 99 32 vers.
269 2762 77 32 11.
313 2762 132 32 dicitur;
412 2762 77 32 Sed
456 2762 99 32 omnia
522 2762 88 32 haec
578 2762 88 32 agit
633 2762 88 32 unus
688 2762 88 32 ille
743 2762 55 32 &
765 2762 88 32 idem
809 2762 110 32 Spiritus

231 2788 139 42 Quartum
332 2788 139 42 membrum
433 2788 101 42 est,
496 2788 126 42 tribus
585 2788 164 42 personis,
711 2788 126 42 Patri,
799 2788 114 42 Filio
875 2788 63 42 &
887 2788 114 42 Spiritu

211 2820 119 36 Sancto
294 2820 190 36 proprietates
448 2820 95 36 soli
508 2820 83 36 Deo
555 2820 142 36 Israelis
662 2820 178 36 competentes
804 2820 130 36 tribui.
899 2820 71 36 Id
923 2820 71 36 con-

212 2853 122 40 firmant
301 2853 167 40 testimonia,
434 2853 89 40 quae
489 2853 111 40 capite
567 2853 111 40 quinto
645 2853 67 40 de
678 2853 100 40 Filio
745 2853 89 40 Dei,
800 2853 56 40 &
822 2853 111 40 capite
900 2853 100 40 sexto
956 2853 44 40 de

206 2886 154 43 Spiritu
318 2886 140 43 Sancto
402 2886 225 43 commemoravimus

241 2908 168 54 Quapropter
373 2908 191 54 concludimus,
528 2908 96 54 tres
588 2908 96 54 esse
648 2908 144 54 Deitatis
756 2908 120 54 unicae
839 2908 156 54 personas,
947 2908 60 54 nec

207 2945 128 49 plures,
300 2945 81 49 nec
335 2945 116 49 pauciore

244 2981 83 46 Hae
292 2981 179 46 probationes
435 2981 95 46 sunt
494 2981 131 46 petitae
590 2981 72 46 ex
626 2981 155 46 Scriptura
745 2981 107 46 Sacra
816 2981 72 46 ex
852 2981 83 46 qua
900 2981 95 46 sola
947 2981 60 46 tam

203 3016 126 42 arcana,
294 3016 149 42 salutaris
409 3016 57 42 &
432 3016 149 42 distincta
547 3016 69 42 de
581 3016 80 42 Deo
627 3016 126 42 trinuno
719 3016 149 42 cognitio,
833 3016 138 42 Spiritus
925 3016 69 42 San-

211 3051 80 39 cti
256 3051 115 39 lumine
337 3051 103 39 disci
406 3051 103 39 atque
475 3051 115 39 haberi
555 3051 69 39 ab
589 3051 149 39 hominibus
693 3051 103 39 potest.

243 3082 145 45 Naturali
352 3082 109 45 autem
424 3082 133 45 ratione
521 3082 121 45 Sancta
605 3082 145 45 Trinitas
714 3082 133 45 probari
811 3082 85 45 non
859 3082 133 45 potest.
944 3082 60 45 Nam

212 3104 112 42 primo
286 3104 112 42 supra
361 3104 162 42 naturalem
485 3104 149 42 rationem
597 3104 99 42 est.
659 3104 137 42 Secundo
758 3104 87 42 qui
808 3104 174 42 Trinitatem
932 3104 75 42 per-

200 3152 129 40 sonarum
294 3152 141 40 Deitatis
400 3152 129 40 nititur
494 3152 129 40 probare
588 3152 129 40 ratione
682 3152 153 40 naturali,
800 3152 165 40 dupliciter
918 3152 82 40 fidei

213 3174 142 52 delogat.
320 3174 71 52 1.
355 3174 95 52 Quia
414 3174 107 52 sides
485 3174 83 52 est
533 3174 71 52 de
568 3174 213 52 invisibilibus,
746 3174 95 52 quae
805 3174 142 52 rationem
900 3174 107 52 humanam

1041 149 166 57 superant.
1169 149 77 57 2.
1207 149 102 57 Quia
1271 149 89 57 hac
1322 149 140 57 ratione
1424 149 140 57 exponit
1526 149 153 57 ludibrio
1641 149 115 57 ipsam
1717 149 115 57 fidem
1781 149 89 57 Chri-

1048 197 149 45 stianam.
1160 197 124 45 Thomas
1247 197 137 45 Aquinas
1346 197 75 45 in
1384 197 112 45 prima
1458 197 162 45 secundae.
1583 197 137 45 Quaest.
1670 197 62 45 32.

1088 235 125 35 Tertio,
1178 235 181 35 proprietates
1326 235 136 35 Deitatis
1428 235 170 35 essentiales
1564 235 125 35 ratione
1655 235 136 35 naturali
1757 235 68 35 ex
1780 235 79 35 crea-

1043 268 118 39 turis
1121 268 157 39 cognosci
1239 268 170 39 nequeunt:
1370 268 105 39 Ergo
1436 268 118 39 mulio
1514 268 118 39 minus
1593 268 144 39 arcanum
1698 268 144 39 Sanctae
1789 268 79 39 Tri-

1047 297 149 42 nitatis.
1158 297 174 42 Antecedens
1295 297 136 42 statuit
1394 297 112 42 etiam
1468 297 124 42 Thomas
1555 297 136 42 Aquinas
1655 297 74 42 in
1692 297 112 42 prima
1754 297 99 42 secun-

1047 337 95 32 dae,
1106 337 166 32 quaestione
1237 337 83 32 39.
1284 337 95 32 art.
1343 337 71 32 3.
1379 337 83 32 Nec
1426 337 119 32 obstat
1509 337 107 32 locus
1581 337 107 32 Pauli
1652 337 119 32 Roman.
1735 337 71 32 1.
1770 337 83 32 19,
1806 337 59 32 20.

1047 365 82 45 Nam
1094 365 93 45 illa
1152 365 105 45 etiam
1304 365 93 45 ,
1362 365 93 45 quae
1420 365 105 45 cerni
1490 365 105 45 dicit
1560 365 128 45 Paulus,
1653 365 82 45 non
1699 365 93 45 sunt
1746 365 128 45 essentia.

1064 399 85 43 Dei,
1117 399 74 43 sed
1160 399 106 43 tantum
1234 399 116 43 ,
1319 399 64 43 ut
1350 399 106 43 Petrus
1424 399 127 43 loquitur
1520 399 64 43 I.
1552 399 106 43 epist.
1626 399 64 43 2.
1657 399 64 43 v.
1679 399 42 43 9.

1089 429 137 50 Quarto,
1188 429 100 50 mens
1250 429 125 50 nostra
1338 429 137 50 seipsam
1437 429 87 50 non
1487 429 112 50 capit
1562 429 125 50 natura
1649 429 137 50 propter
1736 429 137 50 congenita

1043 465 185 40 caecitatem:
1191 465 111 40 multo
1265 465 111 40 minus
1339 465 185 40 naturaliter
1488 465 173 40 intelligit
1624 465 161 40 mysterium
1735 465 136 40 Sacrosan-

1060 499 93 41 ctae
1107 499 104 41 Triadis

1082 531 135 43 Quinto,
1180 531 159 43 mysterium
1302 531 196 43 Sacrosanctae
1461 531 135 43 Triadis
1559 531 135 43 Angelis
1657 531 110 43 ipsis
1718 531 147 43 abstrusis-

1056 563 115 43 simum
1133 563 102 43 est:
1197 563 115 43 multo
1273 563 115 43 minus
1350 563 128 43 igitur
1439 563 64 43 a
1465 563 115 43 nobis
1541 563 153 43 naturali
1656 563 128 43 lumine
1733 563 140 43 cognosci

1059 601 75 37 potest.

1090 628 108 46 Neque
1162 628 120 46 obstat
1247 628 96 46 quod
1307 628 108 46 Plato
1379 628 157 46 epistolam
1500 628 133 46 secunda
1596 628 72 46 ad
1632 628 120 46 Dionem
1716 628 60 46 &
1741 628 108 46 aliis
1801 628 60 46 lo-

1046 664 101 42 cis,
1110 664 63 42 &
1135 664 202 42 Trismegistus
1299 664 76 42 in
1337 664 152 42 Pimandro
1451 664 152 42 sectione
1565 664 126 42 prima,
1653 664 139 42 quaedam
1754 664 76 42 de
1780 664 88 42 tanto

1063 699 148 41 mysterio
1174 699 160 41 cogitasse
1297 699 62 41 &
1322 699 173 41 tradidisse
1457 699 160 41 putantur.
1580 699 86 41 Nam
1630 699 111 41 eorum
1691 699 173 41 cogitationes

1063 731 69 39 de
1098 731 116 39 primo,
1179 731 127 39 secundo
1272 731 58 39 &
1295 731 116 39 tertio
1376 731 151 39 principio
1492 731 81 39 seu
1538 731 81 39 Deo
1585 731 81 39 (ut
1631 731 104 39 Plato
1700 731 162 39 loquitur,)
1816 731 58 39 vel

1066 771 82 39 se
1107 771 136 39 Mente,
1203 771 123 39 Verbo
1284 771 68 39 &
1312 771 150 39 Spiritu
1421 771 218 39 (quemadmodum
1598 771 218 39 Trismegistus
1761 771 109 39 appel-

1053 799 120 39 lavit)
1137 799 96 39 sunt
1197 799 108 39 plane
1270 799 60 39 a
1294 799 108 39 Sacra
1366 799 156 39 Scriptura
1486 799 144 39 alienae.
1594 799 132 39 Quoniam
1691 799 144 39 Gentiles
1787 799 84 39 illis

1053 841 93 35 tres
1112 841 93 35 Deos
1170 841 151 35 separatos
1286 841 186 35 constituunt,
1437 841 116 35 qualia
1519 841 93 35 sunt
1577 841 93 35 tria
1635 841 128 35 ejusdem
1728 841 128 35 speciei
1810 841 58 35 in-

1064 868 160 37 dividua,
1184 868 93 37 non
1237 868 120 37 autem
1317 868 107 37 unam
1384 868 187 37 singularem
1530 868 67 37 &
1557 868 133 37 eandem
1650 868 120 37 trium
1717 868 160 37 personarum

1056 899 161 39 essentiam
1179 899 173 39 agnoscunt,
1315 899 99 39 quod
1377 899 111 39 fides
1451 899 173 39 Christiana
1587 899 124 39 docet.
1674 899 124 39 Itaque

1060 934 55 37 &
1158 934 66 37 in
1191 934 131 37 personis
1289 934 120 37 divinis
1377 934 87 37 illi
1431 934 153 37 finxerunt,
1551 934 66 37 ut
1584 934 142 37 praeclare
1693 934 109 37 tradit
1759 934 109 37 Cyrillus

1052 972 104 31 lib.
1117 972 78 31 1.
1156 972 130 31 contra
1247 972 169 31 Julianum:
1377 972 104 31 Unde
1442 972 65 31 &
1468 972 208 31 Manichaeorum
1636 972 65 31 &
1662 972 169 31 Arianorum
1779 972 104 31 haere-

1053 1001 89 45 ses
1104 1001 127 45 postea
1180 1001 140 45 emanatunt

1093 1027 111 42 Deinde
1171 1027 100 42 Plato
1238 1027 56 42 &
1260 1027 178 42 Trismegistus
1405 1027 78 42 sic
1449 1027 89 42 ista
1505 1027 67 42 de
1538 1027 111 42 tribus
1616 1027 100 42 illis
1683 1027 89 42 suis
1738 1027 89 42 diis
1783 1027 89 42 trade-

1061 1061 113 45 bant,
1137 1061 75 45 ut
1174 1061 75 45 ad
1212 1061 138 45 hominum
1312 1061 150 45 rationem
1424 1061 63 45 &
1449 1061 200 45 cogitationem
1612 1061 175 45 referrent,
1737 1061 138 45 existima-

1058 1101 138 38 rentque
1159 1101 125 38 revera
1246 1101 188 38 meditatione
1397 1101 125 38 quadam
1560 1101 88 38 seu
1610 1101 125 38 verbum
1698 1101 63 38 a
1723 1101 113 38 mente
1785 1101 88 38 fuis-

1053 1133 69 40 se
1088 1133 162 40 productum,
1215 1133 81 40 uti
1261 1133 69 40 ex
1296 1133 127 40 nostrae
1389 1133 116 40 mentis
1470 1133 173 40 cogitatione
1608 1133 81 40 vox
1654 1133 185 40 progreditur:
1805 1133 92 40 sic

1062 1171 84 44 que
1110 1171 120 44 Filium
1194 1171 84 44 Dei
1446 1171 96 44 esse
1507 1171 204 44 intelligebant
1675 1171 60 44 &
1699 1171 156 44 docebant,
1819 1171 84 44 qui

1061 1202 103 40 fuit
1125 1202 167 40 Arianorum
1253 1202 64 40 &
1279 1202 128 40 postea
1369 1202 205 40 Servetanorum
1522 1202 103 40 furora

1095 1235 115 51 Tertio
1176 1235 92 51 tota
1234 1235 127 51 istorum
1326 1235 115 51 oratio
1407 1235 92 51 fuit
1465 1235 127 51 idealis
1557 1235 127 51 tantum,
1649 1235 58 51 &
1672 1235 69 51 ex
1695 1235 185 51 superstitiosa;

1071 1270 152 38 ternatii
1185 1270 126 38 numeri
1273 1270 215 38 commendatione
1438 1270 88 38 nata.

1101 1300 129 45 Quarto
1192 1300 129 45 siquid
1282 1300 78 45 de
1321 1300 168 45 Trinitate
1450 1300 181 45 personarum
1592 1300 155 45 Deitatis
1696 1300 181 45 cognoverunt,

1062 1333 72 44 id
1098 1333 84 44 non
1146 1333 72 44 ex
1182 1333 132 44 ratione
1277 1333 156 44 naturali,
1397 1333 84 44 sed
1445 1333 72 44 ex
1481 1333 120 44 veteri
1565 1333 168 44 Hebraeorum
1696 1333 168 44 traditione
1816 1333 60 44 ha

1043 1367 138 43 buerunt.

1098 1396 121 45 Maneat
1183 1396 121 45 igitur
1267 1396 121 45 fixum,
1352 1396 85 45 non
1401 1396 109 45 posse
1473 1396 133 45 ratione
1570 1396 145 45 naturali
1679 1396 145 45 probari,
1788 1396 73 45 in
1812 1396 61 45 una

1079 1434 102 40 eadem
1147 1434 136 40 essentia
1249 1434 113 40 divina
1328 1434 91 40 tres
1385 1434 136 40 personas
1487 1434 136 40 realiter
1589 1434 159 40 distinctas
1703 1434 79 40 esse,

1091 1467 114 39 Neque
1167 1467 114 39 etiam
1243 1467 139 39 exemplo
1344 1467 164 39 comparati
1470 1467 139 39 potest,
1571 1467 101 39 quia
1634 1467 164 39 singulare
1760 1467 101 39 est.
1811 1467 63 39 Er-

1065 1501 68 39 si
1099 1501 91 39 enim
1155 1501 147 39 similibus
1268 1501 124 39 animae,
1359 1501 158 39 constantis
1483 1501 68 39 ex
1517 1501 79 39 sua
1563 1501 136 39 essentia
1664 1501 57 39 &
1687 1501 113 39 duabus
1755 1501 113 39 faculta.

1061 1535 105 41 tibus
1131 1535 105 41 suis;
1201 1535 116 41 Solis,
1282 1535 70 41 ex
1317 1535 140 41 corpore,
1422 1535 151 41 splendore
1539 1535 58 41 &
1562 1535 128 41 calore;
1655 1535 140 41 arboris,
1760 1535 58 41 e
1771 1535 105 41 radice,

1061 1569 134 31 trunco
1154 1569 67 31 &
1181 1569 134 31 ramis;
1275 1569 187 31 aliarumque
1422 1569 134 31 rerum,
1516 1569 174 31 mysterium
1649 1569 94 31 hoc
1703 1569 94 31 non
1743 1569 134 31 incommo-

1068 1601 70 41 de
1103 1601 174 41 adumbretur:
1242 1601 104 41 tamen
1312 1601 139 41 infinita
1416 1601 81 41 est
1463 1601 197 41 dissimilitudo
1625 1601 104 41 inter
1695 1601 162 41 Trinitatem
1811 1601 58 41 il-

1068 1632 86 42 lam
1117 1632 160 42 increatam
1240 1632 61 42 &
1264 1632 86 42 has
1301 1632 111 42 creatas

1101 1663 94 42 Idem
1160 1663 70 42 de
1195 1663 82 42 uno
1242 1663 82 42 Deo
1289 1663 70 42 in
1324 1663 153 42 essentia,
1442 1663 106 42 trino
1512 1663 70 42 in
1547 1663 141 42 personis
1653 1663 129 42 prorsus
1747 1663 141 42 credidit
1841 1663 35 42 &

1059 1700 124 38 docuit
1146 1700 149 38 Ecclesia
1258 1700 174 38 Apostolica
1395 1700 137 38 semper,
1494 1700 174 38 longissime
1631 1700 100 38 ante
1693 1700 137 38 Synodum
1780 1700 100 38 Nicae-

1075 1735 92 35 nam:
1132 1735 69 35 ne
1167 1735 92 35 quis
1224 1735 104 35 putet
1293 1735 81 35 aut
1339 1735 92 35 sibi
1397 1735 161 35 persuaderi
1523 1735 150 35 patiatur,
1638 1735 150 35 doctrinam
1753 1735 69 35 de
1776 1735 92 35 Sancta

1070 1765 167 40 Trinitate
1198 1765 77 40 in
1237 1765 128 40 Synodo
1327 1765 141 40 Nicaena
1429 1765 115 40 demum
1506 1765 192 40 excogitatam
1647 1765 77 40 esse

1096 1797 147 41 Ignatius
1206 1797 159 41 epistolam
1329 1797 74 41 ad
1365 1797 245 41 Philadelphenses:
1574 1797 98 41 Vnus
1635 1797 86 41 est
1684 1797 159 41 ingenitus
1794 1797 86 41 Deus,

1077 1829 132 45 Pater;
1169 1829 66 45 &
1196 1829 106 45 unus
1262 1829 185 45 unigenitus
1407 1829 145 45 Filius,
1513 1829 106 45 Deus
1579 1829 132 45 Verbum
1672 1829 66 45 &
1698 1829 119 45 homo;
1777 1829 66 45 &
1791 1829 79 45 unus

1059 1864 163 42 paracletus
1187 1864 139 42 Spiritus
1280 1864 128 42 veritatis

1089 1894 152 45 Iustinus
1204 1894 127 45 Martyr
1293 1894 152 45 Apologia
1407 1894 140 45 secunda
1508 1894 102 45 quae
1572 1894 89 45 est
1623 1894 76 45 ad
1661 1894 165 45 Antoninum
1775 1894 89 45 Imper

1063 1929 100 36 rat.
1125 1929 100 36 pag.
1187 1929 275 36 quadragesimatertia
1425 1929 112 36 edit.
1499 1929 137 36 Commel.
1599 1929 175 36 Profitemur
1737 1929 87 36 nos
1774 1929 100 36 talium

1068 1966 77 36 qui
1112 1966 133 36 habentur
1212 1966 111 36 deorum
1289 1966 133 36 expertes
1389 1966 100 36 esse,
1455 1966 55 36 &
1478 1966 122 36 alienos
1566 1966 55 36 a
1588 1966 100 36 diis,
1655 1966 77 36 sed
1699 1966 77 36 non
1743 1966 55 36 a
1754 1966 111 36 verissi.

1056 2000 72 36 mo
1092 2000 96 36 ille
1152 2000 84 36 Deo
1200 2000 108 36 Patre
1273 2000 156 36 justitiae
1393 2000 60 36 &
1417 2000 168 36 castitatis
1549 2000 60 36 &
1573 2000 144 36 virtutum
1682 2000 144 36 aliarum.
1778 2000 96 36 Verum.

1061 2026 101 44 hunc
1125 2026 114 44 ipsum
1200 2026 63 44 &
1226 2026 126 44 Filium
1314 2026 88 44 qui
1365 2026 76 44 ab
1403 2026 76 44 eo
1440 2026 126 44 venit,
1529 2026 63 44 &
1554 2026 152 44 Spiriuum
1668 2026 190 44 propheticum
1807 2026 63 44 co-

1052 2061 119 41 limus
1131 2061 66 41 &
1158 2061 159 41 adoramus
1277 2061 93 41 cum
1330 2061 146 41 ratione
1436 2061 66 41 &
1462 2061 159 41 veritate
1568 2061 159 41 venerantes

1096 2093 140 44 Iustinus
1201 2093 70 44 in
1236 2093 175 44 expositione
1376 2093 116 44 fidei:
1457 2093 93 44 Vnus
1515 2093 93 44 ergo
1573 2093 116 44 revera
1655 2093 81 44 est
1690 2093 186 44 universitatis,

1059 2124 109 47 hujus
1132 2124 109 47 Deus;
1205 2124 85 47 qui
1253 2124 73 47 in
1290 2124 109 47 Patre
1363 2124 61 47 &
1387 2124 109 47 Filio
1460 2124 61 47 &
1484 2124 134 47 Spiritu
1581 2124 122 47 Sancto
1666 2124 194 47 cognoscitur.
1812 2124 61 47 Cum

1063 2162 122 39 namque
1148 2162 73 39 ex
1185 2162 171 39 substantia
1320 2162 86 39 sua
1369 2162 110 39 Pater
1442 2162 122 39 Filium
1528 2162 196 39 progenuerit,
1687 2162 110 39 atque
1761 2162 73 39 ex
1785 2162 86 39 eadem

1053 2199 150 35 Spiritum
1166 2199 188 35 produxerit,
1317 2199 100 35 jure
1379 2199 138 35 optimo,
1480 2199 100 35 quae
1542 2199 100 35 unam
1605 2199 63 35 &
1630 2199 125 35 eandem
1705 2199 163 35 participant

1059 2231 166 35 essentiam,
1189 2231 83 35 una
1237 2231 142 35 eademque
1344 2231 154 35 dignantur
1450 2231 166 35 diuvinitate.

1094 2258 195 44 Athenagoras
1250 2258 78 44 in
1289 2258 156 44 Apologia
1406 2258 78 44 ad
1445 2258 169 44 Antoninum
1576 2258 156 44 Imperat.
1693 2258 104 44 Quis
1758 2258 91 44 non
1797 2258 65 44 mi-

1060 2292 122 48 retur,
1145 2292 73 48 si
1182 2292 122 48 atheos
1267 2292 85 48 nos
1315 2292 122 48 vocari
1401 2292 134 48 audiat,
1498 2292 85 48 qui
1547 2292 134 48 dicimus
1644 2292 97 48 Deum
1705 2292 122 48 Patrem
1790 2292 61 48 &
1802 2292 61 48 Fi-

1061 2323 107 55 lium
1128 2323 120 55 Deum,
1208 2323 67 55 &
1235 2323 161 55 Spiritum
1355 2323 161 55 Sanctum,
1476 2323 147 55 illorum
1583 2323 67 55 &
1609 2323 80 55 in
1649 2323 134 55 unione
1730 2323 147 55 virtutem,

1054 2361 62 36 &
1078 2361 74 36 in
1115 2361 123 36 ordine
1202 2361 210 36 distinctionem
1362 2361 197 36 demonstrantes:

1083 2391 72 48 Et
1119 2391 107 48 longe
1190 2391 95 48 post
1250 2391 95 48 illa
1310 2391 119 48 verba:
1393 2391 72 48 Vt
1429 2391 131 48 aequali
1524 2391 119 48 honore
1608 2391 60 48 &
1632 2391 155 48 potestate
1739 2391 131 48 cognosca-

1055 2435 99 33 mus
1111 2435 113 33 Deum
1182 2435 71 33 &
1210 2435 141 33 Verbum
1309 2435 113 33 ejus
1380 2435 71 33 &
1408 2435 169 33 Spiritum
1521 2435 141 33 Sanctum,

1083 2463 149 45 Irenaeus
1194 2463 124 45 Martyr
1282 2463 112 45 primo
1356 2463 112 45 libro
1431 2463 149 45 adversus
1543 2463 162 45 haereses,
1667 2463 124 45 capite
1742 2463 124 45 secundos

1053 2487 141 52 Ecclesia
1159 2487 94 52 enim
1218 2487 82 52 per
1265 2487 153 52 universum
1383 2487 106 52 orbem
1453 2487 106 52 usque
1524 2487 71 52 ad
1559 2487 106 52 fines
1630 2487 118 52 terrae
1712 2487 153 52 seminata,
1818 2487 35 52 &

1058 2532 68 42 ab
1092 2532 160 42 Apostolis,
1217 2532 57 42 &
1240 2532 57 42 a
1263 2532 160 42 discipulis
1388 2532 103 42 eorum
1457 2532 125 42 accepit
1548 2532 80 42 eam
1594 2532 103 42 fidem
1662 2532 91 42 quae
1719 2532 80 42 est
1765 2532 68 42 in
1788 2532 68 42 uni-

1047 2559 120 47 Deum,
1127 2559 134 47 Patrem
1220 2559 227 47 omnipotentem,
1408 2559 94 47 qui
1461 2559 120 47 fecit
1541 2559 134 47 coelum
1635 2559 67 47 &
1662 2559 147 47 terram,
1768 2559 107 47 mare
1822 2559 40 47 &

1048 2598 111 34 omnia
1122 2598 99 34 quae
1183 2598 74 34 in
1220 2598 86 34 eis
1270 2598 111 34 sunt:
1344 2598 74 34 Et
1381 2598 74 34 in
1418 2598 99 34 unum
1479 2598 111 34 Iesum
1553 2598 148 34 Christum
1664 2598 123 34 Filium
1750 2598 99 34 Dei,
1800 2598 49 34 in

1056 2629 148 38 carnatum
1167 2629 86 38 pro
1216 2629 123 38 nostra
1302 2629 135 38 salute;
1400 2629 74 38 Et
1437 2629 74 38 in
1474 2629 148 38 Spiritum
1585 2629 148 38 Sanctum,
1696 2629 86 38 &c.
1745 2629 74 38 Et
1770 2629 86 38 paulo

1056 2663 115 36 post:
1133 2663 77 36 Et
1171 2663 217 36 resuscitandam
1350 2663 115 36 omnem
1427 2663 128 36 carnem
1517 2663 128 36 humani
1606 2663 153 36 generis,
1721 2663 77 36 ut
1747 2663 115 36 Christo

1050 2698 98 34 Iesu
1111 2698 122 34 Domino
1196 2698 134 34 nostro,
1294 2698 61 34 &
1319 2698 98 34 Deo,
1380 2698 61 34 &
1404 2698 171 34 Salvatori,
1538 2698 61 34 &
1563 2698 110 34 Regi,
1636 2698 147 34 secundum
1734 2698 122 34 placitum

1047 2724 123 46 Patris
1133 2724 185 46 invisibilis
1281 2724 99 46 omne
1343 2724 99 46 genu
1404 2724 160 46 curvetur,
1528 2724 185 46 coelestium,
1676 2724 197 46 terrestrium,
1824 2724 37 46 &

1060 2757 175 48 nfernorum.
1185 2757 63 48 &c.

1085 2793 140 46 Clemens
1187 2793 152 46 Alexand.
1301 2793 101 46 lib.
1364 2793 76 46 3.
1402 2793 178 46 Paedagogi,
1542 2793 89 46 sub
1593 2793 127 46 finem:
1681 2793 152 46 Laudemus
1783 2793 76 46 unum

1045 2820 122 45 Patrem
1130 2820 61 45 &
1154 2820 134 45 Filium,
1252 2820 97 45 unam
1313 2820 85 45 cum
1362 2820 122 45 Sancto
1447 2820 73 45 S.
1483 2820 85 45 qui
1532 2820 97 45 unus
1593 2820 85 45 est
1642 2820 122 45 omnia,
1727 2820 73 45 in
1764 2820 85 45 quo
1800 2820 49 45 o-

1047 2861 105 46 mnia,
1117 2861 81 46 qui
1164 2861 81 46 est
1210 2861 163 46 undequaque
1338 2861 116 46 bonus,
1419 2861 163 46 undequaque
1547 2861 139 46 pulcher,
1652 2861 163 46 undequaque
1768 2861 81 46 sapi-

1049 2897 88 33 ens,
1104 2897 154 33 undequoque
1225 2897 121 33 justus,
1313 2897 77 33 cui
1358 2897 110 33 gloria
1435 2897 88 33 nunc
1490 2897 55 33 &
1512 2897 66 33 in
1534 2897 99 33 secula.

1089 2926 141 44 Origenes
1195 2926 94 44 lib.
1254 2926 70 44 7.
1289 2926 70 44 in
1324 2926 117 44 epist.
1406 2926 70 44 ad
1441 2926 94 44 Rom.
1500 2926 117 44 Miror,
1582 2926 129 44 inquit,
1676 2926 129 44 quomodo
1758 2926 94 44 quidam

1047 2949 133 53 legetes
1143 2949 96 53 quod
1204 2949 157 53 Apostolus
1324 2949 121 53 dicit:
1409 2949 96 53 Vnus
1469 2949 96 53 Deus
1529 2949 121 53 Pater,
1614 2949 72 53 ex
1650 2949 84 53 quo
1698 2949 121 53 omnia,
1783 2949 60 53 &
1795 2949 72 53 unus

1046 2989 141 50 Dominus
1148 2989 115 50 Iesus
1225 2989 166 50 Christus,
1353 2989 89 50 per
1404 2989 102 50 quem
1468 2989 128 50 omnia,
1557 2989 128 50 negent
1647 2989 128 50 Filium
1736 2989 102 50 Dei,
1787 2989 77 50 Deum

1042 3028 113 36 debere
1121 3028 158 36 profiteri,
1245 3028 68 36 ne
1279 3028 90 36 duos
1335 3028 90 36 deos
1392 3028 113 36 dicere
1471 3028 158 36 videantur.
1595 3028 68 36 Et
1629 3028 90 36 quid
1686 3028 68 36 de
1719 3028 79 36 hoc
1765 3028 90 36 loco
1810 3028 45 36 A-

1052 3061 123 33 postoli
1141 3061 123 33 faciet,
1231 3061 67 33 in
1265 3061 78 33 quo
1310 3061 112 33 aperte
1388 3061 135 33 Christus
1489 3061 101 33 super
1556 3061 101 33 omnia
1624 3061 90 33 Deus
1680 3061 90 33 esse
1724 3061 135 33 perscribi-

1049 3094 92 42 tur?
1106 3094 80 42 Sed
1152 3094 80 42 non
1197 3094 160 42 advertunt,
1323 3094 80 42 qui
1369 3094 92 42 haec
1426 3094 80 42 ita
1472 3094 149 42 sentiunt,
1587 3094 92 42 quod
1644 3094 103 42 sicut
1713 3094 126 42 Dominum
1793 3094 57 42 Ie-

1050 3120 182 40 sumChristii
1195 3120 85 40 non
1244 3120 85 40 ita
1292 3120 97 40 unum
1353 3120 97 40 esse
1414 3120 133 40 Dominum
1511 3120 121 40 dixit,
1595 3120 73 40 ut
1632 3120 73 40 ex
1668 3120 85 40 hoc
1717 3120 97 40 Deus
1765 3120 85 40 Pate.

1041 3161 86 34 non
1090 3161 98 34 esse
1151 3161 135 34 Dominus
1249 3161 147 34 dicatur:
1360 3161 86 34 ita
1409 3161 110 34 etiam
1483 3161 98 34 Deum
1544 3161 123 34 Patrem
1630 3161 86 34 non
1679 3161 86 34 ita
1728 3161 98 34 unii
1777 3161 74 34 Deum

1046 3192 90 42 esse
1102 3192 112 42 dixit,
1180 3192 67 42 ut
1214 3192 78 42 Dei
1259 3192 112 42 Filius
1337 3192 78 42 non
1382 3192 134 42 credatur
1482 3192 101 42 Deus.
1550 3192 90 42 Vnus
1606 3192 90 42 aute
1662 3192 123 42 uterque
1751 3192 78 42 est
1785 3192 67 42 Deus
