2063 3466
190 180 116 61 gradu:
272 180 81 61 nec
318 180 174 61 substantia,
457 180 81 61 sed
503 180 116 61 forma:
585 180 81 61 nec
631 180 162 61 potestate,
758 180 81 61 sed
805 180 116 61 serie.
886 180 104 61 Dicit
955 180 93 61 qui¬

183 236 74 35 in
220 236 74 35 se
257 236 161 35 defendere
381 236 149 35 secundum
492 236 62 35 a
517 236 111 35 Patre
591 236 136 35 Filium,
690 236 87 35 sed
740 236 87 35 non
789 236 111 35 alium
863 236 173 35 intelligit

190 269 93 39 nisi
249 269 198 39 distinctione.
412 269 152 39 Visibilem
529 269 128 39 alicubi
622 269 117 39 Filium
704 269 117 39 dicit:
785 269 82 39 sed
832 269 140 39 postquam
937 269 70 39 in
960 269 47 39 u-

193 302 135 38 tramque
291 302 122 38 partem
376 302 196 38 ratiocinatus
535 302 98 38 est;
596 302 135 38 definit
694 302 183 38 invisibilem
841 302 98 38 esse
890 302 122 38 quatenus

197 332 85 41 est
246 332 122 41 Sermo.
331 332 134 41 Denique
428 332 122 41 Patrem
514 332 85 41 sua
562 332 134 41 persona
660 332 183 41 determinari
806 332 171 41 affirmans,
928 332 73 41 alie

192 361 151 45 nissimum
306 361 76 45 se
344 361 126 45 probat
432 361 76 45 ab
470 361 76 45 eo
508 361 151 45 commento
621 361 101 45 quod
684 361 189 45 refellimus.
835 361 76 45 Et
873 361 101 45 quam
924 361 88 45 quam,

194 401 78 41 no
233 401 118 41 alium
312 401 105 41 Deum
377 401 157 41 agnoscit
494 401 105 41 quam
560 401 131 41 Patre,
651 401 144 41 seipsum
756 401 118 41 tamen
834 401 144 41 proximo
926 401 78 41 con-

190 432 105 42 textu
260 432 164 42 explicans,
389 432 70 42 se
424 432 82 42 non
471 432 152 42 exclusive
588 432 105 42 loqui
658 432 140 42 ostendit
763 432 105 42 Filij
834 432 152 42 respectu,
939 432 70 42 quid

198 461 109 45 negat
270 461 109 45 alium
343 461 97 45 esse
403 461 60 45 a
427 461 109 45 Patre
500 461 109 45 Deum:
572 461 133 45 ideoque
669 461 85 45 non
717 461 133 45 violari
814 461 169 45 monarchiam
935 461 72 45 per-

204 494 107 42 sonae
275 494 202 42 distinctione.
442 494 107 42 Atque
513 494 71 42 ex
549 494 143 42 perpetuo
656 494 95 42 ejus
716 494 143 42 consilio
823 494 143 42 verborum
918 494 95 42 sensum

200 530 166 42 colligere
328 530 140 42 promtum
430 530 102 42 est.
494 530 166 42 Contendit
621 530 102 42 enim
685 530 153 42 adversus
800 530 153 42 Praxeam,
902 530 115 42 quamvis

199 571 68 34 in
233 571 90 34 tres
289 571 135 34 personas
390 571 158 34 distinctus
515 571 79 34 sit
560 571 102 34 Deus,
627 571 79 34 non
672 571 102 34 tamen
740 571 102 34 fieri
808 571 113 34 plures
887 571 102 34 Deos,
943 571 79 34 neque

198 597 153 46 discerpi
313 597 166 46 unitatem.
441 597 77 46 Et
479 597 102 46 quia
543 597 153 46 secundum
658 597 141 46 Praxeae
760 597 166 46 commentum
875 597 141 46 Christus.

199 640 80 34 non
244 640 126 34 poterat
336 640 91 34 Deus
393 640 91 34 esse
450 640 91 34 quin
507 640 91 34 idem
564 640 103 34 esset
632 640 114 34 Pater,
712 640 91 34 ideo
769 640 148 34 tantopere
883 640 68 34 de
906 640 103 34 distin-

208 666 129 44 ctione
298 666 155 44 laborat.
414 666 103 44 Quod
479 666 103 44 vero
543 666 155 44 Sermonem
659 666 64 44 &
685 666 155 44 Spiritum
801 666 116 44 vocat
865 666 142 44 portionem

202 698 123 52 totius,
291 698 90 52 etsi
347 698 90 52 dura
403 698 78 52 est
448 698 146 52 loquutio,
560 698 168 52 excusabilis
694 698 101 52 tamen
762 698 90 52 est,
818 698 112 52 quando
896 698 67 52 ad
918 698 101 52 substa-

210 735 103 35 tiam
275 735 90 35 non
326 735 168 35 refertur,
455 735 90 35 sed
507 735 219 35 dispositionem
687 735 129 35 tantum
777 735 64 35 &
803 735 180 35 Oeconomiam
932 735 90 35 notat

205 772 80 42 qua
250 772 103 42 solis
319 772 137 42 personis
422 772 149 42 convenit,
536 772 171 42 Tertulliano
673 772 91 42 ipso
730 772 114 42 teste.
810 772 91 42 Inde
867 772 103 42 etiam
925 772 91 42 pendet

202 805 118 42 illud.
285 805 94 42 Quot
344 805 141 42 personae
450 805 94 42 tibi
508 805 141 42 videntur
615 805 200 42 perversissime
779 805 130 42 Praxea,
874 805 94 42 nisi
933 805 106 42 quot.

216 834 94 43 sunt
275 834 118 43 voces?
358 834 83 43 Sic
405 834 106 43 etiam
476 834 106 43 paulo
547 834 106 43 post,
618 834 71 43 ut
653 834 118 43 credat
736 834 118 43 Patrem
818 834 59 43 &
842 834 118 43 Filium
925 834 71 43 in
948 834 71 43 suis

218 870 125 45 quemque
309 870 148 45 nominibus
423 870 57 45 &
445 870 148 45 personis.
559 870 80 45 His
605 870 137 45 arbitror
707 870 103 45 satis
776 870 125 45 refelli
867 870 103 45 posse
924 870 91 45 eorum.

209 907 201 39 impudentiam,
373 907 88 39 qui
423 907 75 39 ex
460 907 188 39 Tertulliani
611 907 176 39 autoritate
749 907 113 39 fucum
824 907 138 39 tentant
912 907 113 39 facere.

206 940 144 39 implicibus.

238 958 69 55 Et
273 958 104 55 certe
342 958 138 55 quisquis
446 958 161 55 diligenter
573 958 127 55 veterum
665 958 127 55 scripta
757 958 104 55 inter
826 958 69 55 se
861 958 150 55 conferet,
964 958 58 55 non

204 1007 109 41 aliud
276 1007 145 41 reperiet
385 1007 96 41 apud
445 1007 145 41 Irenaeum
554 1007 96 41 quam
614 1007 96 41 quod
674 1007 72 41 ab
710 1007 109 41 aliis
783 1007 84 41 qui
831 1007 121 41 deinde
916 1007 121 41 sequut

205 1041 107 43 sunt,
276 1041 142 43 proditum
383 1041 107 43 fuit.
454 1041 142 43 Iustinus
560 1041 95 43 unus
620 1041 83 43 est
667 1041 71 43 ex
702 1041 213 43 vetustissimis:
880 1041 107 43 nobis
939 1041 83 43 autem

208 1076 86 40 per
257 1076 110 40 omnia
330 1076 196 40 suffragatur.
490 1076 159 40 Objectent
612 1076 86 40 tam
661 1076 74 40 ab
698 1076 98 40 illo
759 1076 98 40 quam
820 1076 61 40 a
845 1076 147 40 reliquis
943 1076 61 40 Pa-

202 1103 112 40 trem
272 1103 154 40 Christi
384 1103 140 40 vocari
482 1103 112 40 unum
552 1103 126 40 Deum.
636 1103 112 40 Idem
706 1103 168 40 Hilarius
832 1103 140 40 quoque
916 1103 98 40 docet

212 1138 79 38 imo
257 1138 136 38 asperius
359 1138 147 38 loquitur,
472 1138 181 38 aeternitatem
620 1138 91 38 esse
676 1138 68 38 in
710 1138 113 38 Patre.
789 1138 68 38 An
823 1138 68 38 ut
857 1138 102 38 Filio
914 1138 102 38 auferat

210 1171 86 39 Dei
259 1171 171 39 essentiam?
393 1171 110 39 Atqui
466 1171 73 39 in
503 1171 98 39 ejus
564 1171 110 39 fidei
637 1171 98 39 quam
698 1171 147 39 sequimur
808 1171 171 39 defensione
930 1171 86 39 totu-

214 1212 90 36 est.
270 1212 79 36 Nec
315 1212 102 36 tamen
383 1212 79 36 eos
428 1212 102 36 pudet
496 1212 113 36 mutila
575 1212 113 36 nescio
654 1212 90 36 quae
710 1212 102 36 dicta
778 1212 158 36 excerpere,
902 1212 68 36 ex
925 1212 90 36 quibus

226 1246 178 37 persuadeant
369 1246 143 37 Hilarium
476 1246 95 37 esse
535 1246 131 37 erroris
630 1246 83 37 sui
678 1246 154 37 patronum.
796 1246 143 37 Ignatium
903 1246 95 37 quod
963 1246 83 37 ob¬

217 1274 144 39 tendunt,
325 1274 72 39 si
361 1274 120 39 velint
445 1274 144 39 quicquam
553 1274 120 39 habere
638 1274 144 39 momenti,
746 1274 132 39 probent
842 1274 156 39 Apostolos
950 1274 60 39 le-

208 1308 77 43 gem
252 1308 122 43 tulisse
341 1308 66 43 de
374 1308 177 43 quadragesima
518 1308 55 43 &
540 1308 144 43 similibus
650 1308 177 43 corruptelis:
794 1308 100 43 nihil
860 1308 122 43 naeniis
938 1308 77 43 illi-

207 1339 94 40 quae
266 1339 82 40 sub
313 1339 129 40 Ignatij
407 1339 117 40 nomine
489 1339 117 40 editae
571 1339 105 40 sunt,
641 1339 152 40 putidius.
758 1339 82 40 Quo
805 1339 105 40 minus
875 1339 164 40 tolerabili

220 1378 83 36 est
268 1378 107 36 eorum
339 1378 178 36 impudentia,
481 1378 83 36 qui
529 1378 131 36 talibus
624 1378 119 36 larvis
707 1378 71 36 ad
743 1378 154 36 fallendum
862 1378 71 36 se
885 1378 131 36 instruunt

213 1409 108 33 Porro
285 1409 96 33 hinc
345 1409 132 33 veterum
441 1409 156 33 consensus
561 1409 108 33 clare
632 1409 192 33 conspicitur,
788 1409 96 33 quod
848 1409 108 33 neque
920 1409 72 33 in
944 1409 72 33 Con-

207 1440 109 42 cilio
280 1440 122 42 Niceno
365 1440 109 42 Arius
438 1440 73 42 ex
474 1440 158 42 cujusquam
596 1440 134 42 probati
693 1440 170 42 scriptoris
827 1440 170 42 autoritate
948 1440 61 42 fu-

222 1471 79 38 cum
267 1471 113 38 facere
346 1471 102 38 ausus
415 1471 91 38 est:
471 1471 57 38 &
494 1471 91 38 nemo
551 1471 68 38 ex
585 1471 125 38 Graecis
676 1471 79 38 vel
721 1471 125 38 Latinis
812 1471 125 38 excusat
903 1471 57 38 a
914 1471 102 38 priori-

215 1504 80 38 bus
260 1504 69 38 se
295 1504 172 38 dissentire.
433 1504 172 38 Augustinus,
571 1504 80 38 cui
617 1504 149 38 nebulones
732 1504 92 38 isti
789 1504 184 38 infestissimi
939 1504 103 38 sunt.

207 1546 102 40 quam
271 1546 127 40 sedulo
360 1546 178 40 excusserit
500 1546 127 40 omnium
589 1546 153 40 scripta,
704 1546 64 40 &
729 1546 102 40 quam
793 1546 178 40 reverenter
920 1546 102 40 ample-

212 1580 80 33 xus
257 1580 92 33 sit,
315 1580 115 33 dicere
395 1580 103 33 nihil
464 1580 137 33 attinnt.
567 1580 103 33 Certe
635 1580 69 33 in
670 1580 126 33 minimis
761 1580 149 33 quibusque
876 1580 149 33 serupulis
979 1580 46 33 o-

225 1607 126 44 tendere
316 1607 103 44 solet
385 1607 80 44 cur
431 1607 69 44 ab
466 1607 103 44 illis
535 1607 149 44 discedere
649 1607 138 44 cogatur.
753 1607 69 44 In
787 1607 80 44 hoc
833 1607 103 44 etiam
891 1607 126 44 argument.

204 1640 73 44 si
240 1640 97 44 quid
301 1640 146 44 ambiguum
410 1640 85 44 vel
459 1640 146 44 obscurum
568 1640 134 44 legerit
666 1640 97 44 apud
726 1640 122 44 alios,
811 1640 85 44 non
860 1640 182 44 dissimulat.

212 1672 100 45 Quam
275 1672 113 45 tamen
350 1672 100 45 isti
413 1672 163 45 oppugnant
539 1672 163 45 doctrinam
664 1672 88 45 pro
714 1672 151 45 confesso
827 1672 113 45 sumit
903 1672 75 45 ab
928 1672 100 45 ultima

219 1711 187 32 antiquitate
368 1711 100 32 sine
430 1711 199 32 controversia
592 1711 124 32 fuisse
679 1711 162 32 receptam.
803 1711 112 32 Neque
878 1711 112 32 tamen
952 1711 100 32 quid

217 1743 86 43 ante
271 1743 151 43 docuissent
390 1743 97 43 alij,
455 1743 97 43 ipsum
520 1743 141 43 latuisse,
628 1743 76 43 vel
671 1743 65 43 ex
704 1743 76 43 uno
747 1743 97 43 verbo
812 1743 130 43 constat,
909 1743 76 43 ubi
952 1743 97 43 dicit

201 1780 72 35 in
237 1780 108 35 Patre
309 1780 96 35 esse
370 1780 157 35 unitatem,
490 1780 108 35 libro
562 1780 72 35 de
598 1780 145 35 doctrina
707 1780 169 35 Christiana
839 1780 120 35 primo.
924 1780 72 35 An
948 1780 72 35 gar-

207 1809 108 39 rient
279 1809 84 39 sui
327 1809 96 39 tunc
387 1809 120 39 fuisse
471 1809 144 39 oblitum?
579 1809 108 39 Atqui
650 1809 108 39 alibi
722 1809 72 39 ab
758 1809 84 39 hac
806 1809 144 39 calumnia
914 1809 72 39 se
938 1809 72 39 pur-

201 1843 109 39 igat:
274 1843 85 39 ubi
322 1843 122 39 Patrem
408 1843 109 39 vocat
481 1843 170 39 principium
614 1843 122 39 totius
699 1843 158 39 Deitatis,
821 1843 97 39 quia
882 1843 61 39 a
906 1843 109 39 nullo
967 1843 73 39 est:

207 1874 158 40 prudenter
328 1874 146 40 scilicet
438 1874 158 40 expendens
559 1874 182 40 specialiter
705 1874 109 40 Patri
778 1874 146 40 adscribi
887 1874 85 40 Dei
924 1874 97 40 nomen,

205 1903 92 46 quod
263 1903 92 46 nisi
321 1903 69 46 ab
355 1903 92 46 ipso
413 1903 92 46 fiat
471 1903 138 46 initium,
575 1903 127 46 concipi
667 1903 127 46 nequeat
759 1903 127 46 simplex
852 1903 81 46 Dei
886 1903 104 46 unitas.

249 1937 163 42 Quintum
368 1937 207 42 argumentum
530 1937 89 42 ad
575 1937 163 42 minorem
693 1937 192 42 probandam
841 1937 74 42 a
856 1937 148 42 Samosate

198 1974 125 41 nianis
285 1974 150 41 affertur
398 1974 125 41 istud,
485 1974 100 41 quod
548 1974 113 41 dogma
623 1974 75 41 de
660 1974 163 41 Trinitate
785 1974 113 41 prius
848 1974 163 41 autoritatem

208 2007 96 39 suam
268 2007 72 39 in
304 2007 143 39 Ecclesia
411 2007 84 39 non
459 2007 143 39 potuerit
567 2007 155 39 obtinere,
686 2007 96 39 quam
746 2007 155 39 Evangelij
866 2007 132 39 puritas
949 2007 60 39 la-

203 2041 128 38 borare
293 2041 167 38 coepisset
421 2041 205 38 vehementius.
588 2041 128 38 Falsum
678 2041 90 38 est
730 2041 116 38 istud
807 2041 193 38 argumentum:
948 2041 64 38 nam

198 2075 156 36 doctrina
315 2075 78 36 de
354 2075 130 36 Sancta
445 2075 169 36 Trinitate
575 2075 104 36 inde
639 2075 78 36 ab
678 2075 130 36 initio
769 2075 130 36 humani
860 2075 143 36 generis
951 2075 52 36 au

196 2109 155 38 toritatem
315 2109 96 38 suam
375 2109 143 38 obtinuit
483 2109 72 38 in
518 2109 143 38 Ecclesia
626 2109 96 38 Dei,
686 2109 72 38 ut
721 2109 84 38 vel
769 2109 72 38 ex
805 2109 119 38 libris
889 2109 107 38 Mosis
948 2109 60 38 li

193 2143 72 45 quet

228 2160 122 50 Sextum
313 2160 97 50 est,
374 2160 97 50 quod
435 2160 110 50 dogma
508 2160 73 50 de
544 2160 158 50 Trinitate
666 2160 85 50 sit
715 2160 122 50 omnino
800 2160 158 50 doctrinae
909 2160 122 50 Christi,

193 2209 188 37 Apostolorum
344 2209 226 37 Prophetarumque
533 2209 163 37 adversum.
658 2209 88 37 Sed
709 2209 63 37 &
734 2209 113 37 istud
809 2209 126 37 falsum
897 2209 101 37 est,
947 2209 63 37 nec

190 2237 143 54 probari
294 2237 130 54 unquam
372 2237 130 54 poterit.

234 2275 158 37 INSTANT
349 2275 244 37 Samosateniani
550 2275 72 37 &
579 2275 158 37 probare
694 2275 187 37 postremum
837 2275 201 37 argumentum

198 2301 108 46 istud
270 2301 144 46 conantur
378 2301 168 46 Scripturae
510 2301 120 46 Sacrae
594 2301 192 46 testimoniis,
750 2301 96 46 quae
810 2301 120 46 ordine
882 2301 132 46 referemus

188 2342 120 36 atque
267 2342 80 36 ea
307 2342 80 36 ab
347 2342 120 36 abusu
427 2342 266 36 Samosatenianorum
640 2342 199 36 vindicabimus.

236 2365 102 54 PRIM
300 2365 64 54 o
326 2365 166 54 producunt
454 2365 102 54 illa
518 2365 115 54 loca,
595 2365 128 54 quibus
684 2365 166 54 asseritur
812 2365 102 54 unum
876 2365 102 54 esse
927 2365 77 54 Deum

194 2411 160 34 Deuteron.
317 2411 74 34 6.
354 2411 74 34 4.
391 2411 98 34 Audi
452 2411 135 34 Israel:
551 2411 123 34 Iehova
637 2411 98 34 Deus
698 2411 123 34 noster
784 2411 123 34 Iehova
871 2411 98 34 unus
920 2411 86 34 est.1

208 2442 143 52 Corinth.
315 2442 72 52 8.
351 2442 72 52 v.
387 2442 72 52 4.
423 2442 119 52 Scimus
506 2442 119 52 idolum
590 2442 107 52 nihil
661 2442 95 52 esse
721 2442 72 52 in
757 2442 119 52 mundo,
840 2442 60 52 &
864 2442 119 52 nullum
935 2442 72 52 esse

201 2477 101 36 Deum
265 2477 126 36 alium,
353 2477 101 36 nisi
416 2477 114 36 unum.
492 2477 101 36 Inde
555 2477 88 36 sic
606 2477 227 36 argumentantur:

221 2509 102 43 Vnus
285 2509 89 43 non
336 2509 102 43 sunt
399 2509 102 43 tres
463 2509 165 43 personae:
590 2509 102 43 DEUS
654 2509 153 43 Israelis
768 2509 64 43 &
793 2509 216 43 Christianorum
959 2509 76 43 est!

181 2541 106 45 unus:

234 2573 97 44 Ergo
295 2573 97 44 DEUS
355 2573 146 44 Israelis
464 2573 61 44 &
489 2573 206 44 Christianorum
659 2573 85 44 non
707 2573 97 44 sunt
768 2573 97 44 tres
816 2573 134 44 personae.

232 2608 167 44 RESPOND.
357 2608 153 44 Negatur
469 2608 236 44 consequentia,
663 2608 111 44 quia
733 2608 111 44 sunt
802 2608 153 44 quatuor
900 2608 111 44 termi-

193 2645 76 45 ni
231 2645 140 45 propter
333 2645 178 45 homonymiam
473 2645 127 45 medii,
562 2645 102 45 quod
625 2645 127 45 aliter
714 2645 76 45 in
752 2645 127 45 majore
841 2645 190 45 propositio¬

196 2682 78 36 ne,
240 2682 111 36 aliter
318 2682 67 36 in
351 2682 111 36 minore
418 2682 133 36 accipitur.

237 2716 95 39 Vnus
297 2716 155 39 videlicet
415 2716 143 39 persona,
522 2716 83 39 non
570 2716 95 39 sunt
630 2716 95 39 tres
689 2716 155 39 personae:
808 2716 83 39 nam
855 2716 83 39 una
891 2716 119 39 personae

201 2749 85 38 non
249 2749 97 38 sunt
310 2749 97 38 tres
371 2749 158 38 personae.
492 2749 73 38 At
529 2749 97 38 DEUS
589 2749 146 38 Israelis
698 2749 61 38 &
723 2749 206 38 Christianorum
893 2749 85 38 est
929 2749 85 38 unus,

204 2780 87 33 non
253 2780 149 33 persona,
365 2780 87 33 sed
414 2780 161 33 essentia.
538 2780 173 33 Testimonia
674 2780 99 33 vero
736 2780 149 33 allegata
848 2780 87 33 non
897 2780 136 33 probant

203 2814 99 37 Deum
264 2814 148 37 Israelis
376 2814 62 37 &
400 2814 210 37 Christianorum
573 2814 99 37 esse
635 2814 99 37 unum
697 2814 148 37 persona,
808 2814 87 37 sed
858 2814 136 37 tantum,
944 2814 62 37 est

194 2850 99 32 unum
255 2850 161 32 essentia:
379 2850 124 32 Iehova
465 2850 99 32 enim
527 2850 62 32 &
552 2850 99 32 Deus
614 2850 124 32 nomina
700 2850 99 32 sunt
762 2850 173 32 essentiae,
898 2850 86 32 non
935 2850 74 32 per-

195 2878 125 53 sonae;
283 2878 63 53 &
308 2878 75 53 de
346 2878 151 53 qualibet
459 2878 138 53 persona
559 2878 125 53 divina
647 2878 213 53 praedicantur,
823 2878 100 53 quam
886 2878 100 53 sunt
936 2878 75 53 unum

182 2909 117 44 essentia.

204 2940 141 47 Proinde
307 2940 103 47 quum
371 2940 167 47 Scriptura
499 2940 154 47 asserit,
615 2940 103 47 Deum
679 2940 103 47 esse
743 2940 116 47 unum,
820 2940 116 47 nempe
884 2940 116 47 essenm-

195 2957 85 59 tia:
249 2957 75 59 non
291 2957 96 59 negat
356 2957 85 59 tres
409 2957 85 59 esse
462 2957 128 59 personas
558 2957 96 59 unius
623 2957 107 59 illius
697 2957 150 59 essentiae.
815 2957 96 59 Idque
879 2957 64 59 ex
911 2957 75 59 his
943 2957 64 59 ipsi

198 3013 195 36 testimoniis
354 3013 195 36 demonstrari
511 3013 143 36 potest.
615 3013 91 36 Nam
667 3013 117 36 Moses
745 3013 130 36 nomini
837 3013 143 36 Iehova,
928 3013 78 36 quoc

200 3046 166 37 essentiam
328 3046 166 37 designat,
456 3046 154 37 adjungit
572 3046 141 37 plurale
674 3046 115 37 nomen
751 3046 141 37 Elohim,
853 3046 90 37 quo
892 3046 115 37 persona

205 3073 200 52 significantur
370 3073 118 52 illius
452 3073 118 52 unicae
534 3073 165 52 essentiae.
664 3073 82 52 Ait
711 3073 106 52 enim:
781 3073 94 52 Audi
840 3073 129 52 Israel,
922 3073 94 52 Iehova

198 3108 113 46 Elohim
277 3108 124 46 noster,
367 3108 113 46 Iehova
446 3108 90 46 unus
502 3108 90 46 est.
558 3108 68 46 q.
592 3108 68 46 d.
626 3108 113 46 Jehova
705 3108 79 46 qui
750 3108 101 46 nobis
817 3108 68 46 in
851 3108 113 46 tribus
919 3108 90 46 perso-

205 3149 74 43 nis
248 3149 138 43 distincte
354 3149 138 43 revelatus
460 3149 85 43 est,
513 3149 106 43 Iehova
587 3149 85 43 unus
640 3149 85 43 est,
693 3149 64 43 id
725 3149 85 43 est,
778 3149 64 43 in
810 3149 127 43 essentia
905 3149 74 43 est
937 3149 74 43 Deus.

200 3180 135 43 unicus,
298 3180 86 43 non
347 3180 98 43 tres
408 3180 172 43 essentiae.
543 3180 123 43 Paulus
629 3180 110 43 etiam
703 3180 98 43 quum
764 3180 110 43 dicit
838 3180 86 43 non
887 3180 98 43 esse
936 3180 86 43 Deum;

201 3207 103 51 alium
269 3207 92 51 nisi
326 3207 92 51 unum
384 3207 69 51 de
418 3207 149 51 essentiae
532 3207 126 51 divinae
624 3207 126 51 unitate
715 3207 80 51 sic
761 3207 149 51 loquitur,
876 3207 69 51 ut
899 3207 114 51 personas

190 3251 121 53 plures
275 3251 73 53 in
311 3251 85 53 Deo
359 3251 97 53 esse
420 3251 85 53 non
468 3251 121 53 neget:
553 3251 97 53 quum
614 3251 109 53 alibi
686 3251 85 53 tam
735 3251 145 53 expresse
844 3251 145 53 Christum
940 3251 61 53 ter

1061 168 118 57 tetur
1139 168 105 57 esse
1205 168 105 57 Deum
1270 168 65 57 &
1296 168 144 57 nominet
1401 168 118 57 Deum,
1480 168 131 57 veluti
1571 168 131 57 Roman.
1663 168 78 57 9.
1702 168 118 57 vers.
1780 168 78 57 5.
1807 168 78 57 Quo-

1059 232 90 35 rum
1110 232 103 35 sunt
1175 232 141 35 Patres,
1277 232 64 35 &
1303 232 77 35 ij
1341 232 77 35 ex
1380 232 128 35 quibus
1470 232 154 35 Christus
1585 232 103 35 quod
1649 232 77 35 ad
1688 232 128 35 carnem
1765 232 115 35 attinet

1053 264 86 39 qui
1102 264 86 39 est
1151 264 111 39 supra
1226 264 123 39 omnes,
1312 264 99 39 Deus
1374 264 161 39 laudandus
1497 264 74 39 in
1534 264 136 39 sacula,
1633 264 111 39 Amen.
1707 264 123 39 Actor.
1794 264 86 39 20.
1831 264 49 39 v.

1052 290 89 39 28.
1103 290 166 39 Attendite
1231 290 128 39 igitur
1320 290 166 39 vosipsos,
1448 290 64 39 &
1473 290 115 39 totum
1550 290 128 39 gregem
1639 290 77 39 in
1677 290 89 39 quo
1728 290 89 39 vos
1766 290 128 39 Spiritus

1055 327 136 35 Sanctus
1154 327 173 35 constituit
1289 327 173 35 Episcopos,
1425 327 74 35 ad
1462 327 161 35 pascendam
1586 327 161 35 Ecclesiam
1710 327 99 35 Dei,
1771 327 99 35 quam
1821 327 74 35 pro-

1059 358 93 42 prio
1118 358 93 42 illo
1176 358 140 42 sanguine
1281 358 175 42 acquisivit.
1421 358 70 42 1.
1456 358 128 42 Timoth.
1549 358 105 42 3.16.
1619 358 93 42 Deus
1677 358 163 42 conspicuus
1794 358 93 42 factu-

1070 396 77 36 est
1114 396 66 36 in
1147 396 111 36 carne,
1225 396 177 36 justificatus
1369 396 77 36 est
1413 396 66 36 in
1446 396 133 36 Spiritu,
1546 396 155 36 conspectus
1668 396 77 36 est
1712 396 66 36 ab
1745 396 133 36 Angelis,
1834 396 55 36 &c.

1053 433 74 33 ut
1090 433 62 33 &
1114 433 148 33 Spiritum
1225 433 148 33 Sanctum,
1337 433 74 33 1.
1374 433 148 33 Corinth.
1485 433 74 33 3.
1522 433 86 33 16,
1571 433 86 33 17.
1620 433 74 33 An
1657 433 148 33 nescitis
1769 433 86 33 vos
1806 433 86 33 esse-

1057 461 144 36 templum
1162 461 105 36 Dei,
1227 461 66 36 &
1254 461 157 36 Spiritum
1372 461 92 36 Dei
1424 461 157 36 habitare
1542 461 79 36 in
1581 461 131 36 vobis?
1673 461 79 36 Si
1713 461 105 36 quis
1765 461 118 36 templum

1058 492 90 41 Dei
1110 492 142 41 violat,
1213 492 103 41 hunc
1278 492 129 41 perdet
1368 492 116 41 Deus:
1446 492 90 41 nam
1497 492 142 41 templum
1601 492 90 41 Dei
1652 492 142 41 sanctum
1756 492 103 41 est,
1820 492 103 41 quod

1056 522 114 41 estis
1133 522 102 41 vos.
1196 522 89 41 Non
1247 522 127 41 aliter
1336 522 114 41 autem
1412 522 152 41 Christum
1526 522 64 41 &
1552 522 152 41 Spiritum
1666 522 140 41 Sanctum
1768 522 152 41 appellat

1061 559 122 46 Deum,
1143 559 109 46 quam
1211 559 136 46 natura
1306 559 122 46 Deum,
1387 559 109 46 quum
1455 559 149 46 Christo
1563 559 68 46 &
1591 559 163 46 Spiritui
1713 559 136 46 Sancto
1794 559 95 46 reli-

1074 591 112 44 tiose
1148 591 174 44 serviamus:
1285 591 87 44 nam
1334 591 186 44 idololatrae
1484 591 62 44 &
1508 591 149 44 Gentiles
1620 591 174 44 ignorantes
1757 591 99 44 Deum
1806 591 75 44 ser-

1059 621 104 42 viunt
1129 621 81 42 iis
1175 621 81 42 qui
1221 621 115 42 natura
1301 621 81 42 non
1347 621 92 42 sunt
1405 621 92 42 dij,
1462 621 69 42 ut
1497 621 92 42 idem
1554 621 115 42 Paulus
1635 621 81 42 ait
1681 621 115 42 Galat.
1761 621 69 42 4.
1796 621 69 42 8.
1819 621 69 42 Sic-

1068 659 96 36 ergo
1128 659 84 36 hic
1176 659 107 36 locus
1247 659 215 36 intelligendus,
1426 659 72 36 ne
1462 659 96 36 alii
1522 659 179 36 evertantur.
1665 659 131 36 Deinde,
1761 659 96 36 quia
1808 659 72 36 Pau-

1061 692 86 38 lus
1110 692 123 38 idolis
1196 692 86 38 hoc
1245 692 98 38 loco
1306 692 135 38 opponit
1404 692 110 38 Deum,
1478 692 86 38 tum
1527 692 135 38 necesse
1625 692 86 38 est
1674 692 86 38 aut
1723 692 147 38 Christum
1822 692 61 38 Fi-

1059 727 105 35 lium
1124 727 92 35 Dei
1177 727 65 35 &
1203 727 157 35 Spiritum
1321 727 144 35 Sanctum
1425 727 131 35 idolis
1517 727 196 35 annumerari,
1674 727 92 35 aut
1726 727 131 35 nomine
1805 727 78 35 Dei,

1061 765 192 50 comprehendi.
1217 765 108 50 Prius
1289 765 108 50 absit
1361 765 72 50 ut
1397 765 180 50 concedatur:
1541 765 156 50 posterius
1661 765 120 50 igitur
1745 765 144 50 statuere
1841 765 48 50 o

1055 802 93 47 portet.

1100 829 158 42 Tertio,
1215 829 187 42 confirmat
1359 829 202 42 sententiam
1517 829 158 42 nostram
1633 829 231 42 argumentatio
1806 829 86 42 Apo-

1059 861 145 41 stolica:
1168 861 85 41 nam
1216 861 97 41 quum
1277 861 157 41 dixisset,
1397 861 121 41 Idolum
1482 861 109 41 nihil
1555 861 109 41 esse,
1627 861 133 41 nimirum
1724 861 157 41 essentia,
1833 861 60 41 po-

1069 901 120 36 tentia
1153 901 60 36 &
1177 901 181 36 operatione,
1322 901 72 36 ac
1358 901 133 36 proinde
1454 901 96 36 sibi
1515 901 145 36 immolata
1623 901 84 36 non
1671 901 108 36 posse
1731 901 145 36 sanctifica

1060 929 86 38 re,
1109 929 86 38 nec
1158 929 122 38 impura
1243 929 159 38 efficere,
1366 929 86 38 nec
1415 929 110 38 posse
1488 929 147 38 quempiam
1598 929 98 38 malo
1659 929 147 38 afficere
1770 929 86 38 aut
1806 929 86 38 bene-

1066 962 122 41 facere
1151 962 147 41 cuiquam,
1262 962 73 41 ut
1298 962 86 41 est
1347 962 122 41 Jerem.
1433 962 86 41 10.
1482 962 73 41 5.
1519 962 147 41 subiicit
1629 962 98 41 mox,
1690 962 122 41 nullum
1776 962 98 41 esse
1825 962 73 41 Deum

1065 997 111 38 alium,
1143 997 89 38 nisi
1198 997 100 38 unum,
1265 997 67 38 q.
1298 997 89 38 d.is
1354 997 100 38 solus
1421 997 89 38 sibi
1476 997 133 38 immolata
1577 997 178 38 sanctificare
1721 997 122 38 potest,
1810 997 67 38 ut
1832 997 56 38 qui

1063 1036 91 40 unus
1119 1036 79 40 re,
1165 1036 136 40 virture,
1266 1036 181 40 efficacitate
1414 1036 68 40 in
1448 1036 91 40 toto
1504 1036 91 40 mudo
1561 1036 91 40 sit,
1617 1036 113 40 possit
1697 1036 57 40 &
1719 1036 136 40 praestet
1810 1036 79 40 omnia

1068 1064 60 36 &
1092 1064 131 36 homines
1187 1064 143 36 praemiis
1295 1064 84 36 vel
1343 1064 119 36 poenis
1426 1064 143 36 afficere
1534 1064 191 36 potentissime
1689 1064 131 36 valeat.
1785 1064 96 36 Unde
1832 1064 60 36 sic

1071 1101 186 33 colligimus;
1219 1101 161 33 Quicunque
1343 1101 124 33 potest
1430 1101 99 33 sibi
1492 1101 149 33 immolata
1603 1101 211 33 sanctificare,
1777 1101 74 33 is
1801 1101 87 33 verus

1068 1137 123 41 natura
1154 1137 86 41 est
1203 1137 110 41 Deus:
1276 1137 74 41 At
1313 1137 147 41 Christus
1423 1137 123 41 Filius
1509 1137 98 41 Dei,
1570 1137 98 41 item
1632 1137 147 41 Spiritus
1742 1137 135 41 Sanctus
1828 1137 61 41 po-

1059 1169 96 38 test
1119 1169 96 38 sibi
1179 1169 144 38 immolata
1288 1169 205 38 sanctificare:
1456 1169 96 38 Ergo
1516 1169 84 38 est
1564 1169 120 38 natura
1649 1169 108 38 verus
1709 1169 84 38 Deus.

1097 1193 337 42 REPLICANTadversarii:
1392 1193 112 42 Deus
1462 1193 98 42 est
1519 1193 112 42 unus
1589 1193 183 42 essentia;
1729 1193 112 42 Ergo
1800 1193 70 42 &
1814 1193 84 42 unus

1058 1233 119 48 persona.

1093 1268 152 42 RESPON.
1204 1268 139 42 Fallax
1301 1268 97 42 est
1356 1268 125 42 istud
1440 1268 194 42 enthymema:
1592 1268 97 42 nam
1647 1268 194 42 propositio
1786 1268 97 42 major

1071 1301 99 41 quae
1132 1301 123 41 omissa
1219 1301 99 41 est,
1280 1301 136 41 vitiosa
1379 1301 99 41 est,
1441 1301 210 41 quomodocunque
1613 1301 99 41 illa
1675 1301 160 41 formetur.
1798 1301 86 41 Nam
1835 1301 62 41 sit

1068 1333 141 41 dicatur,
1174 1333 141 41 Quicquid
1280 1333 94 41 unum
1339 1333 82 41 est
1386 1333 153 41 essentia,
1504 1333 94 41 unum
1562 1333 82 41 est
1610 1333 141 41 persona,
1715 1333 106 41 falsa
1786 1333 82 41 est
1821 1333 71 41 pro-

1067 1369 157 44 positio:
1185 1369 92 44 nam
1237 1369 118 44 genus
1316 1369 144 44 humanum
1421 1369 92 44 est
1473 1369 105 44 unum
1538 1369 157 44 essentia
1656 1369 157 44 communi,
1761 1369 131 44 personis

1074 1407 110 37 autem
1147 1407 170 37 multiplex.
1281 1407 85 37 Sin
1329 1407 97 37 vere
1390 1407 146 37 dicatur,
1500 1407 85 37 Qui
1548 1407 97 37 unus
1609 1407 85 37 est
1658 1407 158 37 essentia,
1780 1407 97 37 unus
1828 1407 61 37 est

1066 1437 143 39 persona,
1173 1437 119 39 inepta
1256 1437 71 39 ac
1292 1437 107 39 simul
1363 1437 107 39 falsa
1435 1437 83 39 est
1482 1437 178 39 propositio:
1625 1437 95 39 quia
1684 1437 71 39 id
1720 1437 95 39 quod
1779 1437 83 39 est
1815 1437 83 39 angu-

1071 1469 109 38 stius
1143 1469 181 38 praedicatur
1288 1469 72 38 de
1324 1469 72 38 eo
1360 1469 96 38 quod
1421 1469 121 38 latius
1505 1469 121 38 patet;
1590 1469 145 38 essentia
1698 1469 96 38 enim
1746 1469 145 38 communius.

1074 1509 136 41 quiddam
1172 1509 99 41 est,
1234 1509 99 41 quam
1296 1509 136 41 persona
1395 1509 86 41 seu
1444 1509 185 41 individuum.
1593 1509 136 41 Oportet
1691 1509 99 41 vero
1753 1509 86 41 aut
1790 1509 99 41 aequa-

1063 1538 80 33 lia
1108 1538 159 33 aequalibus
1233 1538 148 33 atrribui,
1347 1538 80 33 aut
1392 1538 125 33 latiora
1483 1538 205 33 angustioribus:
1653 1538 80 33 sed
1699 1538 148 33 angustius
1812 1538 68 33 de
1835 1538 57 33 la-

1072 1570 101 39 tiore
1139 1570 79 39 non
1184 1570 112 39 potest
1251 1570 146 39 praedicari.

1107 1603 189 48 TRIPLICANT
1255 1603 202 48 adversarii;
1416 1603 81 48 Si
1457 1603 135 48 Pater,
1551 1603 135 48 Filius
1645 1603 67 48 &
1672 1603 162 48 Spiritus
1780 1603 121 48 Sanctus

1069 1628 109 48 sunt
1138 1628 109 48 unus
1206 1628 109 48 Deus
1274 1628 178 48 essentia,
1411 1628 205 48 quemadmodum
1575 1628 109 48 tres
1644 1628 150 48 homines
1753 1628 109 48 sunt
1808 1628 82 48 unum

1074 1670 153 44 essentia:
1192 1670 83 44 tum
1239 1670 130 44 persona
1334 1670 142 44 Deitatis
1440 1670 106 44 inter
1511 1670 71 44 se
1546 1670 106 44 erunt
1617 1670 142 44 divisae.
1723 1670 71 44 At
1747 1670 153 44 consequens.

1064 1708 89 43 est
1115 1708 165 43 absurdum:
1242 1708 102 43 Ergo
1305 1708 63 43 &
1318 1708 165 43 antecedens:

1100 1727 145 55 RESPON.
1205 1727 224 55 Propositionis
1390 1727 185 55 antecedens
1536 1727 106 55 pars
1602 1727 92 55 est
1654 1727 158 55 ambigua:
1773 1727 92 55 nam
1813 1727 79 55 alia

1068 1770 84 38 est
1116 1770 108 38 ratio
1188 1770 168 38 personarum
1321 1770 156 38 Deitatis,
1441 1770 96 38 quae
1501 1770 96 38 sunt
1561 1770 96 38 unum
1621 1770 144 38 essentia
1730 1770 180 38 simpliciter

1065 1804 99 40 alia
1127 1804 112 40 ratio
1201 1804 87 40 est
1251 1804 112 40 trium
1325 1804 149 40 hominum,
1436 1804 87 40 qui
1486 1804 99 40 sunt
1548 1804 99 40 unum
1610 1804 149 40 essentia
1721 1804 149 40 communi,
1833 1804 87 40 sed

1068 1837 81 34 non
1115 1837 163 34 singulari.
1243 1837 93 34 Ideo
1301 1837 70 34 ut
1336 1837 128 34 homines
1429 1837 93 34 sunt
1487 1837 151 34 distincti
1604 1837 151 34 personis,
1720 1837 81 34 ita
1767 1837 105 34 etiam
1825 1837 58 34 sun

1075 1871 110 34 divisi
1152 1871 143 34 essentiis
1262 1871 187 34 singularibus,
1416 1871 88 34 quia
1471 1871 88 34 sunt
1525 1871 110 34 finiti
1602 1871 55 34 &
1624 1871 176 34 divisibiles,
1767 1871 55 34 &
1778 1871 110 34 essentia

1068 1904 127 39 hominum
1161 1904 81 39 est
1207 1904 115 39 finita
1288 1904 58 39 &
1311 1904 185 39 divisibilis:
1461 1904 69 39 at
1496 1904 139 39 personae
1599 1904 139 39 Deitatis
1703 1904 81 39 non
1749 1904 92 39 sunt
1796 1904 92 39 divisa

1072 1939 156 40 essentiis,
1195 1939 89 40 quia
1250 1939 134 40 essentia
1351 1939 100 40 illis
1418 1939 134 40 communis
1518 1939 78 40 est
1562 1939 134 40 infinita
1663 1939 67 40 ac
1696 1939 201 40 indivisibilis,
1852 1939 45 40 ac

1052 1973 143 47 proinde
1156 1973 117 47 unica
1234 1973 130 47 tantum
1326 1973 65 47 &
1339 1973 156 47 singularis

1087 2005 240 44 QUINTUPLICANT
1284 2005 197 44 adversarii
1439 2005 70 44 &
1467 2005 183 44 postulant
1608 2005 113 44 dari
1679 2005 99 44 vel
1735 2005 141 44 unicum
1820 2005 70 44 ex-

1066 2040 116 47 emplum
1148 2040 151 47 essentiae
1264 2040 163 47 singularis
1392 2040 93 47 quae
1451 2040 81 47 sit
1497 2040 140 47 communis
1602 2040 140 47 pluribus
1695 2040 128 47 personis.

1088 2078 117 37 RESP.
1166 2078 156 37 Deitatis
1283 2078 130 37 unicam
1375 2078 169 37 essentiam
1505 2078 104 37 esse
1570 2078 78 37 in
1609 2078 156 37 personis
1727 2078 130 37 tribus
1805 2078 78 37 rea-

1061 2101 112 42 liter
1135 2101 187 42 distinctis,
1285 2101 87 42 non
1334 2101 75 42 ab
1372 2101 149 42 exemplis
1484 2101 162 42 credimus,
1608 2101 87 42 sed
1658 2101 75 42 ex
1695 2101 174 42 autoritate
1820 2101 62 42 Dei

1062 2140 140 38 Quisquis
1167 2140 105 38 autem
1238 2140 128 38 exempla
1331 2140 105 38 hujus
1401 2140 82 38 rei
1448 2140 117 38 petit,
1530 2140 70 38 is
1565 2140 105 38 alios
1635 2140 93 38 deos
1693 2140 93 38 sibi
1752 2140 93 38 dari
1798 2140 82 38 petit

1054 2172 89 38 Nam
1105 2172 127 38 eandem
1194 2172 165 38 essentiam
1321 2172 178 38 singularem
1461 2172 102 38 esse
1524 2172 76 38 in
1563 2172 127 38 tribus
1652 2172 152 38 personis
1766 2172 152 38 realiter

1057 2209 102 37 inter
1125 2209 68 37 se
1159 2209 170 37 distinctis,
1295 2209 80 37 ita
1341 2209 136 37 proprium
1443 2209 80 37 est
1488 2209 114 37 solius
1568 2209 125 37 divinae
1659 2209 159 37 essentiae,
1784 2209 68 37 ut
1806 2209 80 37 exem-

1056 2242 94 44 plum
1115 2242 118 44 simile
1198 2242 142 44 reperiri
1304 2242 83 44 non
1351 2242 130 44 possit:
1446 2242 94 44 quia
1504 2242 142 44 essentia
1611 2242 142 44 infinita
1717 2242 106 44 unica
1788 2242 118 44 tantum

1059 2276 94 37 est,
1118 2276 83 37 non
1165 2276 130 37 plures.
1260 2276 106 37 Imago
1331 2276 94 37 vero
1390 2276 106 37 hujus
1460 2276 83 37 rei
1508 2276 118 37 aliqua
1590 2276 83 37 est
1637 2276 71 37 in
1673 2276 83 37 eo,
1720 2276 94 37 quod
1779 2276 71 37 τῆ
1814 2276 83 37 μξυ
1850 2276 47 37 το

1059 2307 101 40 ειδασ
1126 2307 134 40 μετκσια,
1226 2307 67 40 σι
1260 2307 112 40 πολλοι
1338 2307 134 40 ανθρωποσ
1439 2307 78 40 εις
1484 2307 89 40 τοις
1539 2307 67 40 δε
1573 2307 67 40 κγ
1606 2307 101 40 μιδος
1673 2307 101 40 κικαδ
1741 2307 123 40 εκαστα,
1830 2307 56 40 o
1841 2307 56 40 ειο

1060 2346 131 37 κικονος
1155 2346 131 37 πλειος,
1251 2346 72 37 ut
1287 2346 167 37 Porphyrius
1418 2346 143 37 loquitur
1525 2346 72 37 in
1561 2346 143 37 Isagoge,
1668 2346 95 37 cap.
1728 2346 143 37 secundo,
1823 2346 72 37 par-

1069 2386 110 35 cicula
1146 2386 121 35 triges.
1233 2386 110 35 sexta,
1310 2386 66 35 id
1343 2386 88 35 est,
1398 2386 121 35 speciei
1486 2386 110 35 quidem
1562 2386 197 35 participatione
1727 2386 99 35 multi
1781 2386 110 35 homines.

1056 2411 98 41 sunt
1117 2411 98 41 unus
1178 2411 110 41 homo;
1251 2411 73 41 ob
1287 2411 85 41 eos
1336 2411 98 41 vero
1397 2411 85 41 qui
1446 2411 98 41 sunt
1507 2411 73 41 in
1544 2411 110 41 parte
1617 2411 61 41 &
1641 2411 159 41 singulos,
1763 2411 98 41 unus
1812 2411 73 41 ille

1065 2444 62 37 &
1089 2444 150 37 communis
1202 2444 100 37 sunt
1264 2444 125 37 multi.
1352 2444 112 37 Licet
1427 2444 100 37 sint
1489 2444 150 37 myriades
1602 2444 162 37 infinitae
1727 2444 150 37 hominum,
1827 2444 62 37 ae-

1067 2480 162 33 qualiter
1189 2480 122 33 tamen
1270 2480 135 33 nomine
1365 2480 122 33 unius
1446 2480 149 33 naturae
1554 2480 122 33 omnes
1636 2480 149 33 homines
1744 2480 108 33 unus
1798 2480 81 33 home

1064 2511 180 51 appellantur
1208 2511 84 51 δια
1256 2511 144 51 τόκοινὸν
1364 2511 84 51 τῆς
1412 2511 120 51 Sσίας,
1496 2511 72 51 ob
1532 2511 180 51 communionem
1676 2511 168 51 essentiae,
1796 2511 84 51 velus

1059 2544 122 43 Genes.
1144 2544 73 43 6.
1181 2544 73 43 v.
1218 2544 73 43 7.
1254 2544 122 43 Delebo
1340 2544 134 43 hominem
1437 2544 98 43 quem
1498 2544 134 43 creavi.
1596 2544 85 43 Sic
1645 2544 122 43 Psalm.
1730 2544 73 43 8.
1767 2544 110 43 vers.
1828 2544 49 43 5.

1059 2581 99 40 Quid
1121 2581 87 40 est
1170 2581 112 40 homo,
1245 2581 99 40 quod
1307 2581 112 40 memor
1382 2581 75 40 es
1419 2581 112 40 ejus?
1494 2581 87 40 Sic
1543 2581 112 40 Moses
1618 2581 75 40 in
1655 2581 137 40 Cantico
1755 2581 112 40 Exod.
1817 2581 62 40 15.

1052 2620 144 32 tantum
1152 2620 158 32 equorum
1267 2620 216 32 AEgyptiorum
1440 2620 158 32 numerum
1555 2620 201 32 appellavit
1713 2620 129 32 equum
1785 2620 101 32 unum,

1066 2646 62 38 &
1090 2646 123 38 tantas
1177 2646 136 38 equitum
1275 2646 123 38 copias
1362 2646 173 38 appellavit
1498 2646 99 38 unum
1559 2646 136 38 equitem
1658 2646 86 38 δlα
1707 2646 86 38 τον
1744 2646 136 38 κοινωνία,

1054 2681 97 35 τῆς
1110 2681 139 35 φυσενς
1207 2681 153 35 propter
1318 2681 208 35 communionem
1485 2681 167 35 naturae.
1610 2681 139 35 Summa,
1707 2681 83 35 ob
1735 2681 153 35 communio-

1059 2713 92 38 nem
1111 2713 145 38 naturae
1217 2713 118 38 omnes
1296 2713 145 38 homines
1401 2713 105 38 unus
1466 2713 105 38 homo
1532 2713 210 38 nuncupantur,
1703 2713 79 38 ut
1743 2713 92 38 ait
1782 2713 92 38 Atha-

1058 2750 123 38 nasius
1144 2750 98 38 tom.
1205 2750 74 38 1.
1242 2750 74 38 p.
1279 2750 98 38 174.
1341 2750 111 38 edit.
1414 2750 135 38 Commel.
1513 2750 86 38 Sed
1562 2750 209 38 vindicationem
1734 2750 111 38 horum
1796 2750 86 38 loco-

1061 2781 88 34 rum
1112 2781 188 34 concludimus
1262 2781 163 34 sententia
1387 2781 125 34 Ignatj
1475 2781 150 34 Martyris
1588 2781 88 34 qui
1638 2781 163 34 epistolam
1764 2781 75 34 ad
1789 2781 100 34 Antio-

1060 2817 108 33 chenos
1136 2817 86 33 ait:
1190 2817 75 33 πο:
1233 2817 75 33 οπς
1276 2817 75 33 ἐνα
1319 2817 75 33 και
1362 2817 97 33 μόνον
1427 2817 129 33 καιαγγικ
1523 2817 65 33 ει
1556 2817 97 33 θεον,
1620 2817 65 33 επ
1653 2817 140 33 ανασρεσει
1760 2817 75 33 τῆς
1793 2817 86 33 χρισον

1072 2850 150 44 εοτήιος,
1184 2850 88 44 ασί
1234 2850 150 44 δαεονλος
1347 2850 75 44 κι
1384 2850 125 44 εχρρος
1472 2850 113 44 πάσης
1547 2850 188 44 δικαροσuης:
1697 2850 113 44 Omnis
1772 2850 88 44 qui
1809 2850 75 44 unum

1063 2883 63 48 &
1089 2883 113 48 solum
1164 2883 164 48 annunciat
1290 2883 113 48 Deum,
1366 2883 76 48 ut
1404 2883 126 48 tollat
1492 2883 139 48 Christi
1593 2883 164 48 Deitatem,
1719 2883 88 48 est
1757 2883 126 48 diabolus

1060 2913 53 49 &
1082 2913 107 49 hostis
1156 2913 96 49 omnis
1210 2913 128 49 justitiae.

1092 2947 137 41 SECUNDO
1191 2947 162 41 proferunt
1316 2947 212 41 Samosateniani
1490 2947 100 41 illa
1552 2947 187 41 testimonia,
1702 2947 100 41 quae
1764 2947 100 41 Soli
1814 2947 62 41 Pa-

1062 2983 71 36 ri
1098 2983 143 36 Deitatem
1205 2983 155 36 vendicare
1324 2983 155 36 videntur,
1443 2983 155 36 cujusmodi
1562 2983 107 36 sunt,
1633 2983 71 36 1.
1669 2983 143 36 Corinth.
1776 2983 71 36 8.
1812 2983 71 36 5,
1835 2983 48 36 6.

1056 3015 129 48 Etiamsi
1150 3015 94 48 sint
1209 3015 82 48 qui
1255 3015 141 48 dicantur
1361 3015 94 48 dij,
1419 3015 59 48 &
1443 3015 70 48 in
1478 3015 105 48 coelo
1548 3015 59 48 &
1572 3015 70 48 in
1607 3015 117 48 terra:
1689 3015 117 48 (sicut
1771 3015 94 48 sunt
1817 3015 59 48 di.

1060 3050 110 48 multi
1133 3050 61 48 &
1158 3050 123 48 domini
1244 3050 135 48 multi;)
1342 3050 110 48 Nobis
1415 3050 110 48 tamen
1489 3050 98 48 unus
1550 3050 86 48 est
1599 3050 110 48 Deus,
1673 3050 110 48 Pater
1746 3050 98 48 ille
1807 3050 61 48 a
1820 3050 61 48 quo

1054 3090 117 34 omnia,
1136 3090 59 34 &
1160 3090 82 34 nos
1207 3090 70 34 in
1242 3090 106 34 ipso,
1313 3090 117 34 Johan.
1395 3090 82 34 17.
1442 3090 70 34 3.
1477 3090 94 34 Haec
1536 3090 82 34 est
1583 3090 106 34 autem
1653 3090 94 34 vita
1712 3090 129 34 aterna,
1806 3090 70 34 ut
1829 3090 47 34 te

1045 3119 191 37 cognoscant
1195 3119 109 37 esse
1264 3119 123 37 illum
1345 3119 123 37 solum
1427 3119 123 37 verum
1509 3119 123 37 Deum,
1591 3119 68 37 &
1618 3119 109 37 quem
1686 3119 150 37 misisti
1782 3119 95 37 Iesum

1053 3153 155 36 Christum:
1172 3153 96 36 Inde
1232 3153 84 36 sic
1280 3153 215 36 argumentantur,
1459 3153 72 36 Si
1495 3153 107 36 solus
1567 3153 107 36 Pater
1638 3153 84 36 est
1686 3153 96 36 Deus
1746 3153 96 36 ille
1793 3153 84 36 verus

1056 3189 101 43 quem
1119 3189 177 43 Prophetae,
1258 3189 151 43 Christus
1372 3189 101 43 ipse
1435 3189 63 43 &
1460 3189 151 43 Apostoli
1573 3189 240 43 annunciaverunt;
1775 3189 88 43 tum
1813 3189 63 43 non

1056 3222 85 45 unt
1104 3222 97 45 tres
1165 3222 133 45 persona
1261 3222 157 45 Deitatis,
1382 3222 169 45 Antecedens
1515 3222 109 45 verum
1588 3222 97 45 est,
1648 3222 73 45 ut
1685 3222 169 45 testimonia
1805 3222 85 45 alle-

1044 3260 99 45 gata
1106 3260 186 45 ostendunt;.
1254 3260 99 45 Ergo
1316 3260 62 45 &
1329 3260 161 45 consequens.
