2063 3451
240 187 186 47 OBIRCTIOIV.
388 187 124 47 Filius
475 187 87 47 Dei
525 187 186 47 subjicietur
674 187 124 47 Patri,
761 187 87 47 qui
810 187 149 47 subjecit
922 187 99 47 ipsi
971 187 50 47 o-

196 228 104 46 mnia,
266 228 69 46 ut
300 228 116 46 Paulus
381 228 104 46 docet
451 228 69 46 1.
485 228 92 46 Cor.
543 228 81 46 15.
590 228 81 46 28.
636 228 92 46 Ergo
694 228 81 46 non
740 228 81 46 est
786 228 139 46 aequalis
879 228 92 46 Patri.

257 259 114 39 RESP.
333 259 63 39 A
358 259 114 39 dicto
434 259 151 39 secundum
548 259 101 39 quid
611 259 76 39 ad
649 259 126 39 dictum
737 259 189 39 simpliciter
888 259 88 39 non
926 259 101 39 valet:

204 297 204 33 consequentia.
372 297 120 33 Filius
456 297 84 33 Dei
504 297 180 33 subjicietur
649 297 108 33 Patri
721 297 84 33 non
769 297 180 33 simpliciter
913 297 96 33 omni
961 297 60 33 mo-

208 326 80 45 do,
253 326 80 45 non
299 326 172 45 imminutione
437 326 161 45 dignitatis
563 326 126 45 naturae
655 326 92 45 suae
712 326 126 45 divinae
804 326 80 45 aut
850 326 149 45 personae:
965 326 80 45 sed

202 365 199 38 subjectionis
363 365 75 38 in
400 365 124 38 natura
487 365 87 38 sua
537 365 124 38 humana
624 365 62 38 &
649 365 75 38 in
686 365 137 38 officio
786 365 174 38 Mediatorio
923 365 87 38 quo
960 365 62 38 se-

202 393 125 41 cundum
289 393 150 41 utramque
402 393 138 41 naturam
502 393 138 41 functus
602 393 100 41 est,
664 393 225 41 manifestatione
852 393 75 41 in
877 393 138 41 conspecti

210 434 125 32 totius
298 434 163 32 Ecclesiae
424 434 75 32 ad
461 434 125 32 Patrem
549 434 163 32 adductae.
674 434 150 32 Christus
787 434 100 32 enim
837 434 176 32 subjectionem

202 459 85 38 non
250 459 109 38 demum
323 459 158 38 inchoabit
445 459 97 38 post
506 459 97 38 hanc
566 459 122 38 vitam,
651 459 85 38 sed
700 459 194 38 manifestabit
858 459 109 38 solum
931 459 73 38 ac
955 459 61 38 te-

204 491 196 40 stificabitur
363 491 172 40 traditione
498 491 61 40 &
523 491 196 40 resignatione
682 491 110 40 regni
756 491 135 40 gratiae
854 491 74 40 in
890 491 110 40 manum
952 491 61 40 Pa-

199 532 104 30 tris,
268 532 58 30 a
291 532 81 30 quo
337 532 104 30 illud
406 532 161 30 acceperat.
532 532 92 30 Erit
590 532 115 30 igitur
670 532 92 30 illa
728 532 150 30 subjectio
843 532 138 30 secundum
935 532 81 30 huma-

205 557 95 37 nam
260 557 149 37 naturam
368 557 217 37 simpliciter,
544 557 163 37 secundum
666 557 108 37 quam
734 557 163 37 Christus
855 557 135 37 Patrem
937 557 81 37 Deum

202 592 99 35 suum
264 592 149 35 agnoscit
376 592 62 35 &
400 592 162 35 agnoscet;
525 592 149 35 secundum
637 592 149 35 officium
749 592 99 35 vero
811 592 199 35 oἰκονομικώς,
960 592 62 35 dum

204 629 87 34 non
253 629 136 34 amplius
352 629 211 34 administrabit
526 629 161 34 Ecclesiam
649 629 124 34 humili
736 629 99 34 isto
798 629 99 34 modo
860 629 87 34 quo
910 629 87 34 jam
959 629 87 34 eam

206 657 206 35 administrat,
373 657 90 35 sed
425 657 103 35 Deus
489 657 103 35 erit
553 657 116 35 omnia
630 657 77 35 in
669 657 154 35 omnibus.
785 657 154 35 Secundum
887 657 129 35 Deitatem

204 690 111 40 autem
278 690 99 40 suam
339 690 185 40 simpliciter
487 690 62 40 &
512 690 74 40 in
549 690 74 40 se
586 690 210 40 consideratam,
759 690 160 40 nequaquam
882 690 123 40 Filius
956 690 62 40 Pa-

204 726 82 37 tri
251 726 175 37 subjicitur:
391 726 70 37 ac
426 726 128 37 proinde
519 726 140 37 secundum
624 726 82 37 eam
671 726 82 37 non
717 726 82 37 est
764 726 163 37 inaequalis
881 726 93 37 Patria

244 749 178 45 OEIECTIOV.
384 749 114 45 Nulla
460 749 152 45 creatura
575 749 89 45 est
625 749 152 45 aequalis
740 749 89 45 Deo
790 749 127 45 Patri:
879 749 127 45 Filius
956 749 64 45 est

201 793 156 33 creatura,
321 793 72 33 ut
357 793 60 33 &
381 793 144 33 Spiritus
489 793 144 33 Sanctus:
597 793 96 33 Ergo
658 793 120 33 Filius
742 793 60 33 &
766 793 144 33 Spiritus
874 793 132 33 Sanctus
958 793 60 33 non

210 823 98 38 sunt
271 823 148 38 aequales
382 823 86 38 Deo
431 823 123 38 Patri.
517 823 185 38 Assumtionis
665 823 123 38 membra
751 823 98 38 sunt
813 823 98 38 duo.
874 823 123 38 Prius,
948 823 74 38 quod

211 850 80 41 est
256 850 69 41 de
291 850 115 41 Filio,
371 850 126 41 probare
463 850 138 41 nituntur
566 850 160 41 adversarij
692 850 149 41 subjectis
807 850 183 41 testimoniis,
944 850 69 41 Pro-

201 888 107 39 verb.
273 888 72 39 8.
308 888 72 39 v.
344 888 83 39 22.
392 888 131 39 οκυριος
487 888 119 39 ικλισι
571 888 83 39 μς,
618 888 131 39 DOMINUS
714 888 131 39 creavit
809 888 72 39 me
845 888 155 39 principio
952 888 60 39 vi-

209 917 94 43 suae.
271 917 115 43 Syrach.
355 917 63 43 1.
387 917 63 43 v.
418 917 63 43 4.
449 917 94 43 Prior
512 917 115 43 omnibus
596 917 105 43 creata
669 917 73 43 est
711 917 147 43 sapientia:
826 917 63 43 Et
858 917 84 43 cap.
910 917 73 43 24.
952 917 63 43 v.
973 917 42 43 8.

207 951 100 39 Tunc
269 951 149 39 mandavit
381 951 100 39 mihi
443 951 137 39 creator
543 951 137 39 omnium,
642 951 62 39 &
667 951 87 39 qui
717 951 137 39 creavit
817 951 75 39 me
854 951 112 39 fecit
929 951 75 39 ut
954 951 62 39 res

201 986 168 42 quiesceret
333 986 156 42 tentorium
454 986 108 42 meum.
526 986 72 42 Et
562 986 72 42 v.
598 986 84 42 10.
646 986 96 42 Ante
706 986 132 42 seculum
802 986 60 42 a
827 986 156 42 principio
935 986 84 42 crea-

202 1021 83 35 vit
250 1021 83 35 me,
297 1021 60 35 &
321 1021 72 35 in
357 1021 119 35 secula
441 1021 119 35 minime
524 1021 155 35 defectura
643 1021 95 35 sum,
703 1021 72 35 in
739 1021 143 35 tentorio
846 1021 119 35 sancto
918 1021 95 35 coran-

208 1052 89 36 illo
264 1052 167 36 ministravi.
397 1052 123 36 Coloss.
487 1052 67 36 1.
520 1052 78 36 15.
565 1052 78 36 qui
609 1052 78 36 est
654 1052 178 36 primogenitus
799 1052 100 36 omnis
866 1052 78 36 rei
899 1052 123 36 conditae.

201 1079 111 51 Johan.
279 1079 67 51 1.
312 1079 67 51 v.
345 1079 67 51 1.
379 1079 67 51 In
412 1079 145 51 principio
523 1079 89 51 erat
579 1079 111 51 Sermo:
657 1079 89 51 ergo
713 1079 78 51 non
757 1079 89 51 sine
813 1079 145 51 principio
924 1079 78 51 quo
957 1079 67 51 pri-

202 1113 79 43 mum
247 1113 147 43 exsistere
360 1113 124 43 coepit.
451 1113 68 43 Et
484 1113 68 43 v.
518 1113 79 43 15.
564 1113 57 43 &
586 1113 79 43 27.
631 1113 79 43 ait
677 1113 68 43 de
711 1113 68 43 eo
745 1113 136 43 Johannes
846 1113 147 43 Baptista,
948 1113 68 43 Ipso

214 1151 88 38 ist,
269 1151 77 38 qui
313 1151 88 38 post
368 1151 66 38 me
401 1151 132 38 venturus
501 1151 88 38 est,
556 1151 77 38 qui
600 1151 88 38 ante
655 1151 66 38 me
688 1151 110 38 factus
765 1151 88 38 est:
820 1151 55 38 &
843 1151 66 38 v.
876 1151 77 38 30.
920 1151 77 38 Hic
964 1151 77 38 est
997 1151 44 38 de

214 1185 76 37 quo
258 1185 98 37 dixi:
323 1185 87 37 Post
378 1185 66 37 me
411 1185 98 37 venit
476 1185 87 37 vir,
531 1185 76 37 qui
574 1185 87 37 ante
629 1185 66 37 me
662 1185 109 37 factus
738 1185 87 37 est:
793 1185 87 37 quia
847 1185 98 37 prior
913 1185 66 37 me
946 1185 98 37 erat.

205 1216 118 40 Actor.
288 1216 71 40 2.
323 1216 82 40 36.
370 1216 165 40 Certissime
499 1216 106 40 sciat
570 1216 94 40 ergo
628 1216 106 40 omnis
699 1216 106 40 domus
769 1216 129 40 Israel,
863 1216 94 40 quia
922 1216 59 40 &
934 1216 82 40 Domi-

209 1248 88 36 num
260 1248 101 36 eum,
323 1248 63 36 &
348 1248 151 36 Christum
461 1248 113 36 fecit
537 1248 113 36 Deus,
613 1248 101 36 hunc
676 1248 126 36 Iesum,
764 1248 101 36 quem
827 1248 88 36 vos
865 1248 151 36 crucifixit

209 1279 100 44 stis.
276 1279 100 44 Hebr.
343 1279 67 44 3.
376 1279 67 44 1,
409 1279 67 44 2.
443 1279 167 44 Considerate
576 1279 145 44 Apostolum
688 1279 56 44 &
710 1279 156 44 Pontificem
833 1279 178 44 confessionis
966 1279 56 44 no-

209 1313 92 41 strae
270 1313 102 41 Iesum,
341 1313 71 41 qui
382 1313 112 41 fidelis
464 1313 71 41 est
504 1313 61 41 ei
535 1313 71 41 qui
576 1313 92 41 fecit
627 1313 71 41 illum

241 1333 161 54 Posterius
365 1333 149 54 membrum,
476 1333 99 54 quod
538 1333 87 54 est
588 1333 74 54 de
625 1333 136 54 Spiritu
724 1333 136 54 Sancto,
823 1333 149 54 conantur
922 1333 87 54 stabs

205 1377 94 41 lire
264 1377 106 41 istis
335 1377 189 41 testimoniis,
488 1377 94 41 Amos
547 1377 71 41 4.
583 1377 83 41 13.
630 1377 94 41 Ecce
689 1377 83 41 ego
736 1377 83 41 qui
783 1377 142 41 stabilio
889 1377 142 41 tonitrua
984 1377 35 41 &

214 1409 94 45 treo
273 1409 153 45 spiritum.
391 1409 94 45 Joh.
450 1409 71 45 1.
485 1409 71 45 v.
521 1409 71 45 3.
556 1409 106 45 Omnia
627 1409 83 45 per
674 1409 94 45 hunc
733 1409 142 45 Sermonem
839 1409 106 45 facta
910 1409 106 45 sunt:
969 1409 59 45 Er-

209 1445 75 52 go
246 1445 112 52 etiam
321 1445 149 52 Spiritus
420 1445 112 52 Sanctus

259 1478 112 44 RESP.
333 1478 136 44 Cavenda
432 1478 87 44 est
482 1478 112 44 primo
556 1478 149 44 fallacia
668 1478 149 44 secundum
779 1478 112 44 plura
854 1478 186 44 interrogati

209 1507 69 39 in
243 1507 172 39 assumtione:
381 1507 92 39 quia
438 1507 115 39 aliter
519 1507 69 39 de
553 1507 115 39 Filio,
634 1507 115 39 aliter
714 1507 69 39 de
749 1507 126 39 Spiritu
841 1507 115 39 Sancto
910 1507 103 39 respon-

204 1546 133 39 dendum.
301 1546 97 39 Quod
361 1546 73 39 ad
398 1546 121 39 Filium
482 1546 145 39 attinet,
591 1546 194 39 distinctione
749 1546 133 39 utimur;
846 1546 145 39 quatenus
942 1546 73 39 enim

208 1577 96 41 homo
268 1577 96 41 est,
328 1577 143 41 creatura
435 1577 96 41 est:
495 1577 143 41 quatenus
603 1577 96 41 vero
662 1577 96 41 Deus
722 1577 96 41 est,
782 1577 155 41 increatus
901 1577 96 41 est.
949 1577 72 41 Nunc

199 1611 108 39 vero
267 1611 135 39 agitur
362 1611 81 39 de
402 1611 149 39 Christo
510 1611 162 39 secundum
632 1611 162 39 Deitatem
754 1611 122 39 ejus,
835 1611 162 39 secundum
943 1611 81 39 quam

207 1639 82 42 non
254 1639 82 42 est
301 1639 152 42 creatura.
417 1639 163 42 Testimonia
546 1639 70 42 ex
581 1639 140 42 diversis
685 1639 163 42 Scripturae
814 1639 105 42 locis
884 1639 128 42 allata,
965 1639 47 42 ad

206 1674 101 39 modum
273 1674 90 39 sunt
329 1674 168 39 dissimilia.
464 1674 90 39 Quod
520 1674 146 39 adducitur
632 1674 67 39 ex
665 1674 101 39 Prov.
733 1674 67 39 8.
766 1674 67 39 v.
800 1674 78 39 22.
845 1674 78 39 est
890 1674 101 39 falsa
946 1674 67 39 ver-

194 1705 113 43 sione
270 1705 188 43 depravatum,
420 1705 75 43 ut
457 1705 113 43 supra
532 1705 163 43 ostensum:
657 1705 175 43 vertendum,
795 1705 138 43 Dominus
882 1705 138 43 possedit.

204 1738 67 38 me
237 1738 145 38 principio
349 1738 89 38 viae
405 1738 101 38 suae.
472 1738 145 38 Syracidae
584 1738 101 38 liber
651 1738 78 38 est
696 1738 168 38 apocryphus,
830 1738 134 38 quocirca
930 1738 78 38 non
964 1738 67 38 est:

206 1773 139 46 idoneus
308 1773 76 46 ad
345 1773 139 46 dogmata
447 1773 114 46 fidei
510 1773 139 46 probanda.

241 1805 113 36 Deinde
320 1805 124 36 etiamsi
410 1805 102 36 liber
478 1805 102 36 esset
546 1805 147 36 Canonicus
659 1805 68 36 ac
693 1805 91 36 vere
750 1805 136 36 divinus,
852 1805 102 36 nihil
908 1805 102 36 senten-

203 1837 88 43 tiae
258 1837 120 43 nostrae
345 1837 153 43 officeret.
466 1837 77 43 Nam
510 1837 142 43 Syracides
619 1837 88 43 cap.
674 1837 66 43 1.
707 1837 66 43 v.
739 1837 66 43 4.
772 1837 55 43 &
794 1837 88 43 cap.
849 1837 77 43 24.
893 1837 66 43 8.
925 1837 77 43 non
958 1837 55 43 lo-

211 1874 109 40 quitur
288 1874 66 40 de
320 1874 98 40 Filio
386 1874 87 40 Dei,
440 1874 76 40 qui
484 1874 76 40 est
528 1874 142 40 sapientia
637 1874 142 40 increata,
746 1874 76 40 sed
790 1874 66 40 de
822 1874 142 40 sapientia
921 1874 98 40 creata.

204 1905 120 40 qualis
288 1905 84 40 est
336 1905 96 40 ordo
396 1905 72 40 in
432 1905 108 40 rebus
504 1905 132 40 creatis
600 1905 144 40 omnibus,
709 1905 60 40 &
733 1905 144 40 doctrina
841 1905 144 40 constans
937 1905 84 40 noti-

208 1940 83 36 tia
256 1940 142 36 naturali
362 1940 59 36 &
386 1940 202 36 supernaturali
552 1940 71 36 ac
588 1940 166 36 patefacta.
718 1940 71 36 Ea
754 1940 131 36 dicitur
849 1940 107 36 prior
908 1940 107 36 omnibus

201 1972 118 30 creata
284 1972 59 30 &
307 1972 94 30 ante
366 1972 141 30 soculum,
472 1972 94 30 quia
530 1972 94 30 Deus
589 1972 71 30 ab
624 1972 129 30 aeterno
718 1972 141 30 decrevit
824 1972 82 30 eam
871 1972 129 30 creare.
953 1972 59 30 Co-

211 2000 96 43 loss.
275 2000 64 43 1.
307 2000 64 43 v.
339 2000 75 43 15.
382 2000 106 43 Filius
456 2000 75 43 Dei
499 2000 117 43 dicitur
584 2000 170 43 primogenitus
722 2000 96 43 omnis
786 2000 149 43 creaturae,
904 2000 75 43 tum
946 2000 85 43 qui¬

201 2033 108 44 prius
273 2033 84 44 est
321 2033 132 44 genitus
416 2033 96 44 quam
476 2033 96 44 ulla
536 2033 108 44 esset
608 2033 156 44 creatura,
728 2033 84 44 tum
776 2033 96 44 quia
835 2033 96 44 ipse
895 2033 132 44 dominus
979 2033 36 44 &

204 2073 112 40 caput
278 2073 87 40 est
328 2073 124 40 omnium
415 2073 112 40 rerum
490 2073 174 40 creatarum,
626 2073 174 40 autoritate
763 2073 124 40 primas
850 2073 124 40 tenens
937 2073 62 40 a
950 2073 62 40 Pa-

210 2106 85 36 tre
258 2106 206 36 personaliter,
428 2106 85 36 cum
476 2106 109 36 Patre
549 2106 218 36 essentialiter.
731 2106 109 36 Neque
803 2106 97 36 enim
852 2106 157 36 primogenitu

209 2138 103 35 omnis
277 2138 80 35 rei
323 2138 114 35 create
403 2138 126 35 dicitur
494 2138 103 35 ideo,
562 2138 91 35 quod
620 2138 80 35 sit
665 2138 103 35 prima
734 2138 148 35 creatura,
848 2138 91 35 quum
905 2138 91 35 ipsa
951 2138 68 35 ver-

207 2164 74 42 ba
244 2164 112 42 Pauli
318 2164 174 42 repugnent,
455 2164 87 42 qui
504 2164 87 42 non
554 2164 149 42 creatum,
666 2164 87 42 sed
715 2164 136 42 genitum
815 2164 124 42 Filium
901 2164 124 42 dicit:
976 2164 37 42 &

223 2195 95 40 aulo
282 2195 95 40 post
341 2195 118 40 addit,
424 2195 83 40 eum
472 2195 95 40 esse
531 2195 95 40 ante
590 2195 118 40 omnia,
673 2195 59 40 &
697 2195 107 40 omnia
768 2195 83 40 per
815 2195 83 40 eum
862 2195 130 40 condita
945 2195 71 40 esse

217 2227 57 40 &
239 2227 172 40 subsistere.
377 2227 114 40 Johan.
457 2227 69 40 1.
491 2227 69 40 v.
526 2227 69 40 1.
560 2227 80 40 non
606 2227 137 40 dicitur,
709 2227 137 40 Sermonem
812 2227 103 40 illum
881 2227 137 40 coepisse
972 2227 46 40 in

216 2268 153 31 principio
334 2268 165 31 exsistere,
464 2268 83 31 sed
511 2268 83 31 jam
559 2268 83 31 tum
606 2268 165 31 exstitisse
736 2268 94 31 quum
795 2268 83 31 res
842 2268 177 31 crearentur,
972 2268 47 31 ac

224 2301 116 35 proinde
309 2301 85 35 ante
362 2301 74 35 res
404 2301 116 35 creatas
489 2301 116 35 fuisse.
574 2301 106 35 Johan.
648 2301 63 35 1.
679 2301 63 35 v.
711 2301 74 35 15,
753 2301 74 35 27.
796 2301 53 35 &
817 2301 74 35 30:
859 2301 116 35 Graecus
933 2301 85 35 textus

208 2335 114 35 habet,
287 2335 68 35 &ς
321 2335 137 35 ἔμωροθιν
424 2335 68 35 μυ
458 2335 137 35 γιγονον:
561 2335 68 35 id
595 2335 91 35 male
652 2335 68 35 in
686 2335 125 35 vulgata
777 2335 137 35 editione
879 2335 114 35 Latina
948 2335 68 35 ver-

217 2363 79 42 sum
262 2363 90 42 est,
318 2363 79 42 qui
363 2363 90 42 ante
419 2363 67 42 me
453 2363 112 42 factus
531 2363 90 42 est,
587 2363 101 42 quasi
655 2363 124 42 ἐμωροεν
745 2363 135 42 temporis
846 2363 180 42 significatio

205 2397 98 42 nem
261 2397 168 42 haberet.
387 2397 126 42 Atqui
471 2397 98 42 vel
527 2397 140 42 unicum
626 2397 84 42 ex
668 2397 112 42 novo
738 2397 196 42 Testamento
878 2397 140 42 exemplum

221 2435 146 31 proferri
331 2435 134 31 nequit,
428 2435 73 31 in
465 2435 85 31 quo
513 2435 146 31 ἐμωροσeν
623 2435 122 31 tempus
708 2435 158 31 declaret.
830 2435 98 31 Quum
891 2435 110 31 autem
952 2435 61 31 no-

209 2459 101 42 mini
273 2459 89 42 vel
323 2459 164 42 pronomini
450 2459 152 42 personam
564 2459 164 42 denotanti
690 2459 164 42 jungitur,
817 2459 164 42 subjectum
930 2459 89 42 deno-

214 2501 89 33 tat:
269 2501 55 33 &
292 2501 78 33 hoc
336 2501 89 33 loco
391 2501 100 33 verti
458 2501 111 33 debet,
535 2501 78 33 qui
580 2501 166 33 antepositus
713 2501 78 33 est
757 2501 100 33 mihi,
824 2501 78 33 seu
868 2501 78 33 qui
912 2501 100 33 supra
968 2501 44 33 me

225 2525 72 44 st
261 2525 131 44 factus.
356 2525 119 44 Quibus
440 2525 119 44 verbis
524 2525 143 44 Johannes
631 2525 143 44 Baptista
738 2525 143 44 agnoscit
846 2525 143 44 Christum
941 2525 72 44 sub-

207 2565 144 35 limiorem
315 2565 60 35 &
339 2565 215 35 excellentiorem
518 2565 108 35 esse,
590 2565 96 35 quam
650 2565 96 35 ipse
710 2565 96 35 sit,
770 2565 132 35 ratione
865 2565 84 35 tum
901 2565 120 35 personae

216 2596 81 35 tum
263 2596 139 35 officij.
367 2596 69 35 Si
402 2596 104 35 esset
471 2596 162 35 sententia,
598 2596 139 35 Christum
703 2596 93 35 esse
760 2596 127 35 creatum
853 2596 93 35 ante
899 2596 116 35 Johannem

214 2624 65 42 in
247 2624 65 42 eo
279 2624 97 42 nulla
344 2624 97 42 esset
408 2624 172 42 praerogativa
548 2624 129 42 Christi:
645 2624 86 42 quia
699 2624 140 42 creaturae
807 2624 86 42 quam
861 2624 151 42 creaturae,
969 2624 43 42 o-

214 2666 101 35 mnes
277 2666 101 35 sunt
341 2666 126 35 pares:
429 2666 63 35 &
454 2666 177 35 repugnaret
593 2666 151 35 Johannes
707 2666 151 35 Baptista
820 2666 139 35 Johanni
908 2666 114 35 Evange-

214 2690 113 41 listae
293 2690 79 41 tam
338 2690 124 41 diserte
428 2690 136 41 aeternam
530 2690 136 41 Deitatem
632 2690 136 41 Sermonis
734 2690 113 41 illius
813 2690 68 41 ab
847 2690 113 41 initio
914 2690 102 41 capitis

214 2723 108 39 hujus
286 2723 168 39 asserenti.
418 2723 120 39 Deinde
501 2723 120 39 factum
585 2723 96 39 esse
645 2723 84 39 hoc
693 2723 96 39 loco
753 2723 84 39 non
801 2723 84 39 est
848 2723 96 39 idem
908 2723 96 39 quod
956 2723 72 39 sub-

213 2761 144 33 stantiae
321 2761 144 33 originem
430 2761 84 33 seu
478 2761 144 33 temporis
586 2761 132 33 initium
682 2761 132 33 habere,
778 2761 84 33 sed
827 2761 180 33 constitutum
959 2761 60 33 set

216 2799 153 36 ordinatum
334 2799 106 36 esse.
404 2799 82 36 Sic
451 2799 106 36 verba
522 2799 141 36 Johannis
627 2799 153 36 Baptistae
745 2799 82 36 hoc
792 2799 129 36 volunt,
886 2799 94 36 quod
933 2799 82 36 Chri-

214 2821 99 50 stus,
280 2821 77 50 qui
324 2821 88 50 post
380 2821 77 50 eum
424 2821 110 50 docere
501 2821 144 50 coeperat,
611 2821 88 50 ipsi
667 2821 155 50 praelatus,
788 2821 99 50 supra
854 2821 99 50 ipsum
921 2821 77 50 seu
954 2821 77 50 ipso-

222 2855 152 38 superior,
339 2855 128 38 fortior
432 2855 175 38 validiorque
572 2855 175 38 constitutus
713 2855 58 38 &
736 2855 152 38 ordinatus
853 2855 93 38 sit,
899 2855 117 38 quemadmo

223 2889 86 37 dum
272 2889 160 37 Matthaeus
395 2889 99 37 hanc
457 2889 123 37 eandem
543 2889 160 37 Baptistae
666 2889 160 37 concionem
789 2889 185 37 perscribens
925 2889 99 37 inter-

220 2928 134 42 pretatur
320 2928 89 42 cap.
376 2928 67 42 3.
409 2928 67 42 v.
443 2928 78 42 11,
488 2928 78 42 qui
532 2928 89 42 post
588 2928 67 42 me
621 2928 100 42 venit
688 2928 134 42 validior
789 2928 67 42 me
822 2928 89 42 est,
878 2928 100 42 cujus
945 2928 78 42 non
978 2928 56 42 sum

224 2954 117 45 dignus
306 2954 82 45 qui
353 2954 117 45 soleas
435 2954 129 45 portem.
528 2954 105 45 Eodem
598 2954 105 45 sensu
668 2954 105 45 dicit
739 2954 140 45 Johannes
844 2954 152 45 Baptistes
949 2954 70 45 cap-

229 2990 66 37 3.
262 2990 131 37 Johannis
360 2990 66 37 v.
393 2990 77 37 31.
437 2990 77 37 Qui
481 2990 120 37 superne
568 2990 109 37 venit,
645 2990 99 37 supra
711 2990 99 37 omnes
776 2990 88 37 est:
831 2990 77 37 qui
875 2990 55 37 e
897 2990 99 37 coelo
951 2990 77 37 venit

226 3028 100 38 supra
293 3028 100 38 omnes
359 3028 89 38 est.
415 3028 145 38 Similiter
526 3028 111 38 Actor.
604 3028 67 38 2.
638 3028 78 38 36.
682 3028 56 38 &
704 3028 100 38 Hebr.
771 3028 67 38 3.
804 3028 67 38 1,
838 3028 67 38 2.
871 3028 111 38 facere
938 3028 89 38 tantum

228 3059 86 32 dem
277 3059 110 32 valet
350 3059 74 32 ac
387 3059 196 32 constituere,
547 3059 147 32 ordinare
657 3059 74 32 ad
694 3059 147 32 officium
804 3059 61 32 &
829 3059 184 32 dignitatem,
964 3059 61 32 eum

238 3090 75 46 qui
281 3090 160 46 substantiae
409 3090 85 46 suae
462 3090 117 46 ratione
548 3090 75 46 jam
590 3090 96 46 antea
655 3090 139 46 exstitit.
761 3090 107 46 Itaque
836 3090 64 46 ex
868 3090 75 46 his
911 3090 96 46 locis
964 3090 64 46 pro-

224 3123 96 35 bari
284 3123 131 35 nequit,
379 3123 119 35 Filium
463 3123 84 35 Dei
511 3123 84 35 qua
558 3123 96 35 Deus
618 3123 96 35 est,
678 3123 96 35 esse
726 3123 143 35 creaturam.

278 3147 181 46 Testimonia
420 3147 129 46 quibus
511 3147 155 46 conantur
627 3147 155 46 probare,
744 3147 155 46 Spiritum
860 3147 142 46 Sanctum
950 3147 78 46 est.

221 3192 185 42 creaturam,
366 3192 119 42 multo
445 3192 172 42 alieniora
578 3192 119 42 suat.
657 3192 92 42 Nam
710 3192 106 42 Amos
776 3192 79 42 4.
815 3192 92 42 13.
868 3192 92 42 per
908 3192 132 42 spiritum

1057 188 189 55 intelligitur
1211 188 130 55 ventus,
1305 188 83 55 qui
1352 188 59 55 a
1376 188 83 55 Deo
1423 188 142 55 creatur:
1529 188 59 55 &
1553 188 118 55 Johan.
1635 188 71 55 1.
1671 188 94 55 vers
1730 188 71 55 3.
1753 188 130 55 eximitur?

1061 231 154 44 Spiritus
1177 231 141 44 Sanctus
1279 231 128 44 numero
1369 231 205 44 creaturarum,
1536 231 103 44 quum
1600 231 128 44 verbis
1690 231 103 44 his,
1754 231 115 44 Omnia
1818 231 64 44 per

1066 263 92 43 hunc
1123 263 138 43 Sermonem
1227 263 104 43 facta
1296 263 104 43 sunt,
1365 263 161 43 annectitur
1491 263 173 43 restrictio,
1629 263 92 43 quae
1687 263 104 43 facta
1756 263 104 43 sunt.
1813 263 69 43 Spi-

1063 301 104 38 ritus
1133 301 127 38 Sanctus
1225 301 104 38 autem
1295 301 81 38 non
1341 301 81 38 est
1387 301 127 38 factus,
1479 301 81 38 sed
1526 301 139 38 procedit
1630 301 58 38 a
1653 301 104 38 Patre
1722 301 58 38 &
1734 301 92 38 Filios

1094 329 192 38 QEIECTIOVI.
1248 329 90 38 Qui
1299 329 128 38 variis
1389 329 231 38 infirmitatibus
1581 329 179 38 laboravit,
1722 329 115 38 fame,
1786 329 90 38 siti.

1064 353 179 51 fatigatione,
1209 353 168 51 ignoratione
1343 353 89 51 diei
1399 353 56 51 &
1421 353 101 51 horae
1488 353 123 51 extremi
1578 353 134 51 judicij,
1678 353 156 51 tristitia,
1790 353 89 51 trepi-

1062 400 146 37 datione,
1172 400 171 37 anxiegate,
1306 400 61 37 &
1330 400 183 37 confirmatus
1477 400 85 37 est
1525 400 73 37 ab
1562 400 134 37 Angelo,
1659 400 73 37 de
1696 400 85 37 sui
1733 400 146 37 desertione

1074 430 139 40 questus,
1179 430 174 40 crucifixus,
1318 430 58 40 &
1341 430 127 40 mortuus
1433 430 93 40 est;
1491 430 69 40 is
1526 430 81 40 non
1572 430 81 40 est
1619 430 139 40 aequalis
1723 430 81 40 Deo
1769 430 116 40 Patri:
1839 430 46 40 At

1065 464 93 39 haec
1124 464 105 39 omnia
1193 464 70 39 de
1228 464 128 39 Christo
1321 464 93 39 vere
1380 464 151 39 dicuntur:
1496 464 93 39 Ergo
1554 464 81 39 non
1601 464 81 39 est
1647 464 140 39 aequalis
1752 464 81 39 Deo
1787 464 93 39 Patri:

1109 491 116 40 RESP.
1186 491 142 40 Cavenda
1290 491 155 40 fallacia
1406 491 64 40 a
1432 491 116 40 dicto
1509 491 155 40 secundum
1625 491 103 40 quid
1689 491 77 40 ad
1728 491 129 40 dictum
1806 491 64 40 sim

1064 522 170 49 pliciter:
1195 522 91 49 nam
1247 522 105 49 haec
1312 522 118 49 omnia
1391 522 157 49 dicuntur
1508 522 78 49 de
1547 522 144 49 Christo
1652 522 157 49 secundum
1756 522 118 49 humanam

1060 563 137 35 naturam
1159 563 112 35 ejus,
1233 563 87 35 non
1283 563 112 35 autem
1358 563 149 35 secundum
1470 563 149 35 divinam,
1581 563 75 35 de
1619 563 87 35 qua
1668 563 87 35 jam
1718 563 174 35 quaeritur:

1098 590 196 38 OEIECTIOVII.
1257 590 135 38 Missus,
1355 590 86 38 non
1404 590 86 38 est
1453 590 147 38 aequalis
1563 590 159 38 mittenti:
1686 590 123 38 Filius
1772 590 86 38 est
1808 590 74 38 mis-

1066 620 84 44 sus
1114 620 60 44 a
1138 620 120 44 Patre;
1222 620 144 44 Spiritus
1330 620 132 44 Sanctus
1426 620 60 44 a
1450 620 108 44 Patre
1522 620 60 44 &
1546 620 120 44 Filio:
1630 620 96 44 Ergo
1690 620 84 44 non
1738 620 96 44 sunt
1786 620 96 44 aequa-

1060 655 77 43 les
1093 655 121 43 mittentia

1095 685 110 44 RESP.
1168 685 172 44 Propositio
1303 685 86 44 est
1352 685 123 44 tantum
1438 685 208 44 particularis:
1609 685 86 44 nam
1658 685 123 44 missio
1744 685 86 44 non
1781 685 98 44 tollit

1067 727 136 35 unitatem
1169 727 148 35 essentiae
1282 727 57 35 &
1305 727 182 35 aequalitatem
1453 727 159 35 potentiae,
1578 727 125 35 status,
1669 727 170 35 dignitatis,
1794 727 80 35 auto-

1071 759 141 34 ritatis,
1177 759 141 34 honoris.
1283 759 117 34 Petrus
1365 759 59 34 &
1388 759 141 34 Johannes
1494 759 106 34 missi
1565 759 129 34 fuerunt
1659 759 176 34 Jerosolymis
1788 759 82 34 Sama-

1073 785 90 45 tiam
1129 785 68 45 ab
1163 785 102 45 aliis
1231 785 158 45 Apostolis,
1355 785 68 45 ut
1389 785 124 45 legitur
1479 785 113 45 Actor.
1558 785 68 45 8.
1592 785 102 45 vers.
1659 785 79 45 14.
1704 785 79 45 nec
1750 785 102 45 tamen
1806 785 79 45 illi-

1066 821 155 38 inferiores
1188 821 122 38 fuerunt
1277 821 100 38 illis
1343 821 144 38 Apostolis
1454 821 55 38 a
1477 821 111 38 quibus
1554 821 100 38 missi
1621 821 133 38 fuerunt,
1721 821 78 38 sed
1754 821 122 38 existima-

1066 855 69 40 ti
1100 855 92 40 sunt
1157 855 92 40 esse
1214 855 149 40 columnae,
1329 855 69 40 ut
1363 855 115 40 Paulus
1444 855 137 40 testatur
1547 855 115 40 Galat.
1627 855 69 40 2.
1661 855 103 40 vers.
1730 855 69 40 9.
1764 855 115 40 Paulus
1833 855 46 40 A-

1073 891 129 37 postolus
1170 891 107 37 missus
1245 891 86 37 fuit
1299 891 64 37 ab
1331 891 97 37 aliis
1395 891 140 37 Apostolis
1503 891 64 37 ad
1535 891 140 37 Ecclesias
1642 891 107 37 Actor.
1718 891 75 37 15.
1761 891 97 37 vers.
1814 891 54 37 25.

1060 925 80 32 nec
1105 925 103 32 tamen
1174 925 137 32 inferior
1276 925 91 32 fuit
1334 925 103 32 aliis
1402 925 160 32 Apostolis.
1528 925 114 32 Itaque
1607 925 80 32 nec
1653 925 126 32 Filium,
1744 925 80 32 nec
1779 925 91 32 Spiri-

1075 954 85 47 lum
1124 954 134 47 Sanctum
1221 954 171 47 inferiorem
1355 954 97 47 esse
1416 954 110 47 Patre
1489 954 158 47 sequitur,
1611 954 73 47 eo
1647 954 97 47 quod
1708 954 110 47 missi
1782 954 97 47 sint
1830 954 49 47 ad

1070 982 90 44 nos
1109 982 129 44 homines.

1094 1013 223 39 OBIECTIGVIII.
1278 1013 92 39 Qui
1330 1013 92 39 non
1383 1013 131 39 potest
1475 1013 66 39 a
1501 1013 79 39 se
1540 1013 131 39 facere
1632 1013 171 39 quicquam,
1764 1013 105 39 nisi
1816 1013 66 39 vi-

1068 1051 104 38 derit
1138 1051 115 38 Patrem
1218 1051 161 38 operantem;
1345 1051 69 38 is
1379 1051 81 38 non
1425 1051 81 38 est
1471 1051 138 38 aequalis
1575 1051 115 38 Patri:
1656 1051 115 38 Filius
1736 1051 81 38 non
1782 1051 115 38 potest
1851 1051 35 38 a

1072 1080 71 42 se
1108 1080 118 42 facere
1190 1080 153 42 quicquam,
1308 1080 94 42 nisi
1367 1080 130 42 viderit
1461 1080 118 42 Patrem
1543 1080 165 42 operantem,
1673 1080 71 42 ut
1708 1080 130 42 ipsemet
1791 1080 82 42 fate-

1075 1121 86 33 tur.
1129 1121 107 33 Johan.
1204 1121 64 33 3.
1236 1121 96 33 vers.
1300 1121 75 33 19.
1343 1121 86 33 Ergo
1397 1121 107 33 Filius
1472 1121 75 33 non
1515 1121 75 33 est
1558 1121 129 33 aequalis
1643 1121 86 33 Patri-

1105 1148 111 45 RESP.
1179 1148 209 45 Distinguendum
1351 1148 98 45 est.
1412 1148 86 45 Qui
1462 1148 86 45 non
1511 1148 123 45 potest
1597 1148 62 45 a
1622 1148 74 45 se
1658 1148 123 45 facere
1745 1148 160 45 quicquam,

1065 1181 128 50 nimirum
1158 1181 70 50 ut
1193 1181 209 50 causaefficiens
1368 1181 175 50 principalis
1508 1181 58 50 &
1531 1181 151 50 αυτεργον,
1647 1181 70 50 is
1682 1181 81 50 non
1729 1181 81 50 est
1764 1181 116 50 aequalis

1072 1214 116 44 Patri.
1153 1214 69 44 At
1188 1214 116 44 Filium
1269 1214 81 44 non
1315 1214 104 44 posse
1385 1214 58 44 a
1408 1214 69 44 se
1443 1214 116 44 facere
1524 1214 150 44 quicquam,
1640 1214 69 44 ut
1674 1214 116 44 causam
1744 1214 127 44 efficient

1067 1246 88 41 tem
1118 1246 188 41 principalem
1268 1246 63 41 &
1293 1246 163 41 αυτοργον,
1419 1246 151 41 negatur:
1532 1246 88 41 nam
1582 1246 88 41 est
1632 1246 75 41 in
1670 1246 138 41 agendo,
1758 1246 113 41 creando

1070 1281 207 48 conservando,
1238 1281 181 48 gubernando
1380 1281 116 48 omnia
1458 1281 116 48 Patri
1535 1281 155 48 ἐμδεργος
1651 1281 65 48 &
1677 1281 168 48 ἐσόεργος.
1793 1281 78 48 Quod

1076 1320 91 41 vero
1133 1320 125 41 attinet
1224 1320 103 41 locum
1292 1320 114 41 Johan.
1372 1320 68 41 5.
1406 1320 103 41 vers.
1475 1320 80 41 19.
1520 1320 68 41 in
1555 1320 68 41 eo
1589 1320 137 41 Christus
1692 1320 80 41 non
1737 1320 137 41 loquitur
1828 1320 46 41 de

1069 1344 119 43 defectu
1156 1344 76 43 aut
1199 1344 184 43 inaequalitate
1351 1344 141 43 potentiae
1459 1344 87 43 suae
1513 1344 54 43 &
1535 1344 119 43 Patris,
1622 1344 76 43 sed
1665 1344 65 43 de
1698 1344 141 43 societate
1806 1344 54 43 &
1817 1344 54 43 or-

1074 1376 96 53 dine
1134 1376 156 53 divinarum
1254 1376 192 53 operationum:
1410 1376 108 53 nihil
1482 1376 96 53 enim
1541 1376 120 53 Filius
1625 1376 96 53 vult
1685 1376 84 53 aut
1733 1376 120 53 facit,
1805 1376 72 53 quod

1072 1412 83 40 non
1120 1412 107 40 etiam
1191 1412 107 40 Pater
1262 1412 107 40 velit
1333 1412 59 40 &
1356 1412 130 40 faciat,
1451 1412 71 40 ut
1486 1412 95 40 fons
1546 1412 178 40 operationum
1688 1412 166 40 divinarum:
1806 1412 71 40 ideo

1074 1445 116 40 omnia
1151 1445 116 40 opera
1228 1445 90 40 sua
1280 1445 77 40 ad
1318 1445 116 40 illum
1395 1445 141 40 tanquam
1498 1445 77 40 ad
1537 1445 129 40 primum
1627 1445 180 40 principium
1755 1445 116 40 refert.

1078 1473 97 48 Quod
1139 1473 97 48 enim
1199 1473 121 48 Filius
1284 1473 97 48 agat
1345 1473 134 48 aequali
1442 1473 146 48 potentia
1551 1473 85 48 cum
1600 1473 121 48 Patre,
1685 1473 121 48 ibidem
1758 1473 121 48 testatur

1069 1509 92 42 ipse
1127 1509 92 42 quum
1185 1509 150 42 subjicit:
1300 1509 161 42 Quaecunque
1427 1509 104 42 Pater
1496 1509 115 42 facit,
1576 1509 92 42 haec
1634 1509 104 42 etiam
1703 1509 115 42 Filius
1772 1509 104 42 pariter

1078 1543 100 34 acit,
1145 1543 67 34 id
1178 1543 89 34 est,
1234 1543 78 34 una
1279 1543 56 34 &
1301 1543 167 34 conjunctim;
1435 1543 78 34 non
1480 1543 89 34 enim
1535 1543 78 34 res
1580 1543 56 34 a
1602 1543 100 34 Patre
1669 1543 123 34 factas,
1758 1543 100 34 aliis
1814 1543 56 34 re-

1075 1579 82 35 bus
1122 1579 59 35 a
1146 1579 71 35 se
1181 1579 118 35 factis
1264 1579 141 35 exprimit
1370 1579 130 35 Filius;
1464 1579 82 35 sed
1511 1579 94 35 quia
1570 1579 71 35 in
1605 1579 118 35 agendo
1688 1579 82 35 par
1735 1579 59 35 &
1746 1579 130 35 conjuncta

1076 1609 73 47 est
1117 1609 105 47 Patris
1191 1609 63 47 ac
1222 1609 94 47 Filij
1285 1609 105 47 virtus
1358 1609 52 47 &
1379 1609 136 47 dignitas.
1484 1609 63 47 Et
1516 1609 94 47 vers.
1579 1609 73 47 17.
1620 1609 105 47 dixit:
1694 1609 94 47 Pater
1757 1609 84 47 meus
1799 1609 73 47 usque

1069 1642 107 55 adhuc
1140 1642 154 55 operatur,
1259 1642 59 55 &
1282 1642 83 55 ego
1330 1642 130 55 operor.
1424 1642 118 55 Filius
1507 1642 95 55 ergo
1566 1642 130 55 aequali
1661 1642 154 55 potestate
1779 1642 83 55 cum
1815 1642 59 55 Pa-

1078 1674 67 42 re
1111 1674 146 42 operatur.

1124 1706 167 43 OUIECTIO
1249 1706 84 43 IX
1291 1706 195 43 Administer
1444 1706 97 43 seu
1500 1706 223 43 instrumentum
1681 1706 139 43 Patris
1779 1706 97 43 non
1820 1706 56 43 a-

1078 1733 70 49 it
1113 1733 128 49 aequali
1206 1733 128 49 virtute
1300 1733 58 49 &
1323 1733 163 49 autoritate
1451 1733 82 49 cum
1498 1733 116 49 Patre,
1579 1733 116 49 Filius
1661 1733 82 49 est
1707 1733 163 49 administer
1824 1733 58 49 seu

1064 1781 211 37 instrumentum
1235 1781 145 37 Patris:
1341 1781 119 37 Ergo,
1420 1781 92 37 &c.
1472 1781 198 37 Assumtionem
1631 1781 145 37 cupiunt
1736 1781 145 37 probare
1828 1781 53 37 eo

1084 1815 90 44 quod
1140 1815 135 44 dicuntur
1241 1815 56 44 a
1264 1815 101 44 Patre
1331 1815 101 44 omnia
1399 1815 101 44 facta
1466 1815 79 44 per
1512 1815 113 44 Filium
1590 1815 113 44 Johan.
1669 1815 68 44 1.
1703 1815 68 44 v.
1737 1815 68 44 3.
1770 1815 56 44 &
1793 1815 68 44 I.
1815 1815 68 44 Cor.

1076 1839 65 43 8.
1109 1839 65 43 6.
1141 1839 118 43 Coloss.
1227 1839 97 43 1.16.
1291 1839 97 43 Hebr.
1356 1839 65 43 1.
1388 1839 65 43 v.

1111 1871 151 44 RESPON.
1221 1871 151 44 Negatur
1331 1871 178 44 assumtio:
1468 1871 96 44 nec
1523 1871 137 44 potest
1619 1871 82 44 ea
1660 1871 151 44 probari
1756 1871 123 44 adducto

1059 1909 171 34 argumento;
1193 1909 98 34 quia
1255 1909 159 34 particula
1377 1909 86 34 PER
1426 1909 86 34 non
1475 1909 122 34 tantum
1561 1909 122 34 causae
1647 1909 184 34 administrae
1794 1909 61 34 &
1806 1909 61 34 in-

1063 1934 172 44 strumentali
1200 1934 195 44 significandae
1361 1934 161 44 adhibetur,
1488 1934 80 44 sed
1534 1934 103 44 etiam
1603 1934 115 44 causae
1683 1934 172 44 principali,
1810 1934 57 44 vel

1066 1973 86 39 uti
1115 1973 123 39 Roman.
1201 1973 86 39 11.
1250 1973 110 39 vers.
1324 1973 86 39 36.
1373 1973 74 39 Ex
1409 1973 86 39 eo,
1459 1973 61 39 &
1483 1973 86 39 per
1532 1973 98 39 eum,
1594 1973 61 39 &
1618 1973 74 39 in
1655 1973 110 39 ipsum
1729 1973 98 39 sunt
1778 1973 98 39 omnias

1069 2006 66 41 I.
1102 2006 133 41 Corinth.
1202 2006 66 41 1.
1235 2006 100 41 vers.
1301 2006 66 41 9.
1334 2006 122 41 Fidelis
1423 2006 77 41 est
1467 2006 88 41 Deus
1522 2006 77 41 per
1566 2006 88 41 quem
1622 2006 111 41 vocati
1699 2006 100 41 estis
1765 2006 66 41 in
1788 2006 88 41 commu-

1068 2038 115 44 nionem
1149 2038 104 44 Filij
1218 2038 115 44 ipsius
1299 2038 92 44 Iesu
1357 2038 127 44 Christi
1449 2038 115 44 Domini
1518 2038 104 44 nostri-

1119 2067 144 38 INSTANT:
1227 2067 72 38 In
1263 2067 84 38 quo
1311 2067 108 38 Pater
1383 2067 120 38 manens
1467 2067 96 38 ipse
1528 2067 120 38 divina
1612 2067 108 38 opera
1684 2067 120 38 facit,
1768 2067 72 38 is
1792 2067 72 38 tan-

1065 2102 89 37 tum
1116 2102 89 37 est
1167 2102 178 37 administer
1306 2102 63 37 &
1332 2102 203 37 instrumentum
1497 2102 140 37 Patris:
1598 2102 114 37 Atqui
1674 2102 76 37 in
1712 2102 114 37 Filio
1776 2102 101 37 Pater.

1075 2138 117 40 nanens
1157 2138 94 40 ipse
1216 2138 117 40 divina
1298 2138 106 40 opera
1369 2138 117 40 facit:
1451 2138 117 40 Filius
1533 2138 94 40 ergo
1591 2138 117 40 tantum
1674 2138 82 40 est
1720 2138 164 40 administer
1838 2138 35 40 &

1065 2166 196 36 instrumentum
1224 2166 134 36 Patris.
1321 2166 147 36 Assumtio
1432 2166 122 36 exstat
1517 2166 98 36 Joh.
1578 2166 86 36 14.
1615 2166 61 36 10.

1083 2205 146 43 RESPON.
1189 2205 186 43 Conceditur
1335 2205 119 43 totum
1414 2205 119 43 recte
1494 2205 212 43 intellectum,
1666 2205 119 43 nempe
1746 2205 80 43 si
1772 2205 93 43 argus

1065 2237 119 36 mentum
1149 2237 167 36 accipiatur
1280 2237 72 36 de
1316 2237 107 36 Filij
1387 2237 119 36 humana
1471 2237 131 36 natura.
1566 2237 83 36 Nec
1614 2237 107 36 aliud
1685 2237 95 36 sibi
1745 2237 95 36 vult
1793 2237 83 36 Chri-

1064 2262 96 50 stus
1124 2262 120 50 Johan.
1208 2262 84 50 14.
1256 2262 84 50 10.
1304 2262 96 50 quum
1364 2262 96 50 ait;
1424 2262 108 50 Pater
1496 2262 72 50 in
1532 2262 72 50 me
1568 2262 132 50 manens,
1664 2262 96 50 ipse
1724 2262 108 50 facit
1784 2262 96 50 opera:

1070 2301 92 46 nam
1122 2301 66 46 a
1149 2301 131 46 natura
1241 2301 92 46 sua
1293 2301 131 46 humana
1385 2301 79 46 ad
1424 2301 184 46 voluntatem
1569 2301 66 46 &
1595 2301 223 46 omnipotentiam
1766 2301 105 46 Patris

1065 2333 159 38 transfert
1187 2333 196 38 mitaculorum,
1346 2333 98 38 quae
1407 2333 147 38 Apostoli
1517 2333 159 38 videbant,
1627 2333 159 38 effectionem

1106 2364 142 36 INSTANT
1210 2364 142 36 rursus:
1313 2364 168 36 Quicunque
1442 2364 155 36 miracula
1559 2364 168 36 editurus,
1688 2364 78 36 ea
1727 2364 116 36 petit
1804 2364 65 36 a
1817 2364 65 36 Deo

1064 2390 106 52 Patre
1135 2390 130 52 effici,
1230 2390 71 52 is
1265 2390 142 52 dumtaxat
1372 2390 83 52 est
1419 2390 165 52 administer
1549 2390 59 52 &
1572 2390 189 52 instrumentum
1726 2390 83 52 Dei
1762 2390 106 52 Patris,

1078 2428 71 33 At
1114 2428 141 33 Christus
1220 2428 118 33 Filius
1302 2428 94 33 Dei,
1361 2428 141 33 editurus
1467 2428 153 33 miracula,
1584 2428 71 33 ea
1620 2428 130 33 petivit
1714 2428 59 33 a
1738 2428 82 33 Deo
1773 2428 94 33 Patri,

1060 2465 128 34 effici,
1153 2465 128 34 exempli
1246 2465 128 34 gratia,
1339 2465 221 34 resuscitationem
1525 2465 116 34 Lazari
1606 2465 116 34 Iohan.
1687 2465 81 34 11.
1734 2465 81 34 41,
1780 2465 81 34 42.
1815 2465 58 34 ubi

1058 2505 125 32 dixit,
1146 2505 125 32 Pater,
1234 2505 138 32 gratias
1334 2505 88 32 ago
1384 2505 100 32 tibi
1446 2505 100 32 quod
1509 2505 75 32 me
1546 2505 163 32 audieris.
1671 2505 88 32 Ego
1721 2505 100 32 vero
1771 2505 113 32 sciebam

1062 2533 74 36 me
1099 2533 124 36 semper
1185 2533 62 36 a
1210 2533 74 36 te
1247 2533 136 36 audiri:
1346 2533 86 36 sed
1395 2533 136 36 propter
1494 2533 124 36 turbam
1581 2533 210 36 citcumstantem
1753 2533 86 36 hoc
1791 2533 86 36 dixi,

1071 2563 70 42 vt
1106 2563 129 42 credant
1200 2563 70 42 me
1236 2563 59 42 a
1259 2563 70 42 te
1294 2563 117 42 missum
1377 2563 106 42 esse.
1447 2563 94 42 Ergo
1506 2563 117 42 Filius
1588 2563 82 42 est
1635 2563 141 42 duntaxat
1729 2563 141 42 administer

1059 2589 69 44 &
1087 2589 221 44 instrumentum
1253 2589 110 44 Patris

1120 2613 127 54 RESP.
1204 2613 127 54 Datur
1289 2613 127 54 totum
1374 2613 85 54 de
1416 2613 155 54 Christo
1529 2613 169 54 secundum
1655 2613 155 54 humanam
1754 2613 127 54 naturam

1059 2657 186 39 intellectum,
1210 2657 139 39 secundum
1315 2657 93 39 quam
1373 2657 81 39 est
1420 2657 116 39 servus
1501 2657 93 39 ille
1559 2657 128 39 Patris,
1652 2657 70 39 de
1687 2657 81 39 quo
1734 2657 81 39 per
1768 2657 105 39 Jesaiam

1077 2691 150 38 Prophetam
1193 2691 127 38 dicitur
1285 2691 92 38 cap.
1343 2691 81 38 42.
1389 2691 69 38 1.
1424 2691 58 38 &
1447 2691 150 38 allegatur
1562 2691 115 38 Matth.
1643 2691 81 38 12.
1689 2691 104 38 vers.
1759 2691 81 38 18.
1793 2691 81 38 Ecce-

1081 2726 109 46 servus
1157 2726 87 46 ille
1212 2726 98 46 meus,
1277 2726 87 46 quem
1332 2726 109 46 elegi,
1408 2726 131 46 dilectus
1506 2726 87 46 ille
1561 2726 98 46 meus,
1626 2726 65 46 in
1659 2726 76 46 quo
1703 2726 153 46 acquiescit
1812 2726 65 46 ani-

1066 2753 82 43 ma
1107 2753 110 43 mea,
1162 2753 69 43 &c.

1125 2785 177 42 QUIEerIO
1258 2785 89 42 X.
1303 2785 103 42 Qui
1362 2785 148 42 Patrem
1465 2785 163 42 adorat,
1583 2785 163 42 tanquam
1702 2785 118 42 Deum
1776 2785 118 42 suum
1835 2785 44 42 &

1069 2822 160 38 Ecclesiae,
1194 2822 69 38 is
1229 2822 80 38 non
1274 2822 80 38 est
1320 2822 137 38 aequalis
1423 2822 114 38 Patri:
1503 2822 137 38 Christus
1606 2822 114 38 Patrem
1686 2822 126 38 adorat,
1777 2822 126 38 tanquam

1076 2854 106 37 Deum
1142 2854 106 37 suum
1208 2854 66 37 &
1234 2854 185 37 Ecclesiae:
1379 2854 119 37 Ergo,
1459 2854 92 37 &c.
1512 2854 198 37 Assumtionem
1670 2854 145 37 probant
1776 2854 79 37 ex
1802 2854 66 37 eo-

1078 2888 92 47 quod
1135 2888 137 47 Christus
1238 2888 103 47 dicit
1306 2888 114 47 Johan.
1386 2888 69 47 4.
1421 2888 103 47 vers.
1489 2888 80 47 22.
1535 2888 80 47 Nos
1581 2888 137 47 adoramus
1684 2888 92 47 quod
1741 2888 126 47 scimus.
1821 2888 46 47 E-

1085 2920 86 42 Joh.
1139 2920 76 42 17.
1182 2920 108 42 exstat
1258 2920 130 42 precatio
1355 2920 108 42 ipsius
1431 2920 65 42 ad
1463 2920 119 42 Patrem,
1550 2920 108 42 Matth.
1625 2920 76 42 11.
1669 2920 65 42 v.
1701 2920 76 42 25,
1744 2920 76 42 26.
1777 2920 97 42 gratia-

1080 2953 153 45 rumactio
1195 2953 77 45 ad
1221 2953 102 45 Patrem

1130 2983 120 43 RESP.
1210 2983 187 43 Conceditur
1357 2983 134 43 totum,
1451 2983 80 43 de
1491 2983 147 43 Christo
1598 2983 201 43 intellectum
1745 2983 134 43 secundum

1078 3018 149 36 humanam
1187 3018 162 36 naturam,
1308 3018 162 36 secundum
1430 3018 108 36 quam
1498 3018 135 36 Patrem
1592 3018 135 36 adorat
1687 3018 68 36 &
1714 3018 122 36 Patre
1781 3018 95 36 infe-

1084 3052 97 36 cior
1144 3052 97 36 est.
1205 3052 182 36 Adorantibus
1350 3052 133 36 seipsum
1447 3052 182 36 connumerat,
1592 3052 85 36 qui
1641 3052 85 36 cum
1689 3052 109 36 Patre
1762 3052 61 36 &
1774 3052 109 36 Spiritu

1085 3084 139 43 Sancto,
1186 3084 88 43 tam
1237 3084 76 43 ab
1275 3084 139 43 Angelis
1376 3084 101 43 quam
1439 3084 63 43 a
1464 3084 114 43 nobis
1540 3084 164 43 adoratur.
1666 3084 101 43 Quum
1729 3084 101 43 enim
1780 3084 101 43 servi-

1078 3118 118 40 formam
1161 3118 177 40 assumserit,
1302 3118 106 40 servo
1373 3118 165 40 conveniens
1503 3118 177 40 ministerium
1644 3118 153 40 suscepit,
1762 3118 141 40 exemplar

1087 3155 105 36 nobis
1158 3155 129 36 factus:
1251 3155 82 36 nam
1298 3155 94 36 quum
1356 3155 82 36 sit
1403 3155 82 36 Deo
1450 3155 105 36 Patri
1520 3155 152 36 aequalis,
1637 3155 105 36 ultro
1707 3155 70 36 ad
1731 3155 152 36 humilitatem

1080 3187 131 47 ultimam
1175 3187 131 47 propter
1270 3187 83 47 nos
1318 3187 166 47 descendit,
1448 3187 119 47 Filius
1532 3187 95 47 ergo
1591 3187 83 47 Dei
1639 3187 143 47 postquam
1745 3187 119 47 factus
1817 3187 71 47 est,
