2063 3484
182 180 100 58 quam
245 180 125 58 Pater:
333 180 163 58 propterea
458 180 88 58 tam
509 180 88 58 est
559 180 113 58 causa
634 180 113 58 vitae
709 180 151 58 aeternae
822 180 125 58 nobis,
910 180 100 58 quam
960 180 63 58 Pa-

188 223 92 52 ter.
246 223 127 52 Proinde
338 223 138 52 aequalis
442 223 81 52 est
488 223 115 52 Patri,
568 223 81 52 non
614 223 104 52 autem
672 223 138 52 inaequalis

218 246 179 55 REPLICANT:
359 246 89 55 Qui
410 246 115 55 vivit
486 246 102 55 vita
550 246 64 55 a
576 246 115 55 Patre
652 246 115 55 data,
729 246 77 55 is
767 246 115 55 aliam
844 246 102 55 vita
895 246 102 55 vivit.

186 296 99 49 quam
248 296 124 49 Pater:
334 296 74 49 At
372 296 124 49 Filius
458 296 112 49 vivit
533 296 99 49 vita
595 296 62 49 a
620 296 112 49 Patre
694 296 112 49 data:
768 296 99 49 Ergo
830 296 99 49 alia
892 296 99 49 vita
942 296 62 49 vi-

194 331 105 48 vit,
259 331 105 48 quam
312 331 91 48 Pater

220 341 112 65 RESP.
294 341 199 65 Distinctione
456 341 149 65 utendum.
568 341 87 65 Qui
618 341 112 65 vivit
693 341 100 65 vita
755 341 62 65 a
780 341 112 65 Patre
855 341 112 65 data,
917 341 87 65 nempe

187 386 123 48 piumero
276 386 157 48 differente
399 386 56 48 a
422 386 89 48 vita
478 386 123 48 Patris,
567 386 67 48 is
601 386 89 48 alia
657 386 89 48 vita
712 386 101 48 vivit
780 386 89 48 quam
835 386 112 48 Pater.
914 386 67 48 At
936 386 56 48 Fi-

180 424 93 43 dius
239 424 105 43 vivit
308 424 93 43 vita
367 424 58 43 a
390 424 105 43 Patre
460 424 105 43 data,
529 424 81 43 sed
576 424 116 43 numero
658 424 81 43 non
704 424 163 43 differente
832 424 58 43 a
855 424 93 43 vita
902 424 93 43 Patris

194 453 91 46 Qam
246 453 104 46 enim
311 453 117 46 vitam
389 453 117 46 Pater
466 453 78 46 in
505 453 130 46 seipso
596 453 130 46 habet,
687 453 130 46 eandem
778 453 130 46 numero
868 453 117 46 Filio
933 453 65 46 de-

182 497 78 43 dit
227 497 112 43 habere
305 497 67 43 in
339 497 123 43 seipso:
428 497 90 43 quia
484 497 90 43 vita
540 497 90 43 quae
596 497 67 43 in
630 497 101 43 Patre
697 497 90 43 est,
753 497 134 43 infinita
854 497 78 43 est
899 497 56 43 &
910 497 112 43 essentia

189 520 120 51 divina
273 520 132 51 ipsamet
369 520 96 51 est.
429 520 120 51 Eandem
513 520 120 51 vitam,
597 520 84 51 hoc
644 520 96 51 est,
704 520 132 51 divinam
800 520 156 51 essentiam
920 520 72 51 ab
944 520 48 51 a-

201 555 108 49 terno
273 555 72 49 in
309 555 143 49 aeternum
416 555 143 49 viventem
524 555 60 49 &
548 555 132 49 electos
643 555 108 49 omnes
715 555 203 49 vivificantem,
882 555 108 49 dedit
942 555 60 49 Pa-

194 596 79 40 ter
239 596 101 40 Filio
306 596 79 40 non
351 596 67 40 ex
385 596 112 40 parte,
464 596 79 40 sed
509 596 112 40 totam;
587 596 79 40 nec
632 596 191 40 similitudine,
790 596 79 40 sed
835 596 169 40 identitate:
958 596 34 40 a

192 629 170 41 lioquinmin
326 629 110 41 esset
399 629 146 41 proprius
508 629 61 41 &
532 629 170 41 unigenitus
666 629 122 41 Filius
752 629 85 41 Dei
800 629 134 41 Patris.
898 629 97 41 Quod
946 629 61 41 au-

191 655 89 47 tem
242 655 114 47 Pater
318 655 127 47 eandem
407 655 127 47 numero
496 655 114 47 vitam
572 655 102 47 quam
636 655 76 47 in
674 655 127 47 seipso
763 655 127 47 habet,
852 655 140 47 dederit
941 655 63 47 Fi-

200 685 89 51 lio,
255 685 78 51 non
300 685 111 51 tantum
377 685 89 51 inde
433 685 111 51 paret,
511 685 89 51 quod
566 685 89 51 vita
622 685 89 51 illa
677 685 67 51 in
710 685 100 51 Patre
777 685 67 51 ac
810 685 122 51 proinde
899 685 67 51 in
921 685 78 51 Filis

197 722 76 48 sit
241 722 130 48 infinita
338 722 54 48 &
360 722 87 48 ipsa
414 722 108 48 divina
490 722 141 48 essentia;
598 722 76 48 sed
641 722 98 48 etiam
706 722 87 48 quia
761 722 98 48 eadem
826 722 119 48 effecta
912 722 65 48 in
934 722 65 48 eset

205 753 88 51 ctis
260 753 132 51 operatur
359 753 88 51 vita
414 753 99 51 Filij
480 753 88 51 quae
535 753 88 51 vita
590 753 121 51 Patris:
679 753 77 51 non
723 753 88 51 enim
778 753 99 51 alios
844 753 143 51 vivificat
943 753 55 51 Pa-

200 787 87 48 ter,
255 787 98 48 alios
320 787 120 48 Filius,
407 787 76 48 sed
451 787 109 48 eosdem
527 787 131 48 electos:
625 787 76 48 nec
669 787 87 48 alia
723 787 87 48 vita
778 787 142 48 vivificat
887 787 98 48 Pater
941 787 55 48 ele

199 829 98 39 ctos,
264 829 87 39 alia
318 829 119 39 Filius;
405 829 76 39 sed
448 829 108 39 eadem.
524 829 76 39 Ita
568 829 98 39 vitae
633 829 163 39 spiritualis
763 829 87 39 quae
817 829 98 39 nobis
871 829 130 39 conmunica-

195 857 93 42 tur,
253 857 104 42 autor
323 857 81 42 est
369 857 93 42 pari
427 857 128 42 virtute
520 857 104 42 Pater
590 857 58 42 &
613 857 128 42 Filius:
706 857 93 42 unde
764 857 104 42 etiam
833 857 81 42 eam
879 857 70 42 in
903 857 104 42 seipsis

201 892 118 45 habent,
287 892 65 45 ut
320 892 129 45 effectum
417 892 65 45 in
449 892 97 45 causa
513 892 162 45 efficiente,
643 892 65 45 id
675 892 86 45 est,
729 892 151 45 causative,
847 892 75 45 non
880 892 118 45 subjectiv

237 925 146 44 Instant:
346 925 85 44 Qui
395 925 110 44 vivit
468 925 134 44 propter
566 925 134 44 Patrem,
663 925 61 44 &
687 925 122 44 quidem
773 925 97 44 vita
834 925 122 44 creata
919 925 73 44 ut
943 925 61 44 ho-

194 962 113 48 mines
270 962 100 48 fide
332 962 151 48 Christum
445 962 201 48 manducantes,
609 962 75 48 is
646 962 88 48 non
696 962 113 48 habet
772 962 75 48 in
809 962 75 48 se
847 962 113 48 vitam
910 962 100 48 numero

195 988 119 46 eandem
279 988 84 46 cum
326 988 96 46 vita
386 988 96 46 quam
446 988 107 46 Pater
517 988 72 46 in
553 988 72 46 se
589 988 119 46 habet,
673 988 84 46 nec
720 988 84 46 est
768 988 143 46 aequalis
876 988 119 46 Patri,
959 988 84 46 sed

205 1030 75 38 eo
242 1030 124 38 minor.
329 1030 75 38 At
366 1030 137 38 Filius,
465 1030 124 38 ajunt,
552 1030 112 38 vivit
627 1030 137 38 propter
726 1030 137 38 Patrem,
826 1030 62 38 &
851 1030 124 38 quidem
925 1030 87 38 vita.

211 1054 131 42 creata,
307 1054 72 42 ut
342 1054 131 42 homines
438 1054 96 42 fide
498 1054 143 42 Christum
605 1054 191 42 manducantes:
760 1054 96 42 Ergo
820 1054 119 42 Filius
903 1054 84 42 non
939 1054 60 42 ho-

208 1092 84 42 bet
256 1092 72 42 in
292 1092 72 42 se
329 1092 109 42 vitam
401 1092 121 42 numero
485 1092 121 42 eandem
570 1092 84 42 cum
618 1092 96 42 vita
678 1092 96 42 quam
739 1092 109 42 Pater
811 1092 72 42 in
847 1092 72 42 se
883 1092 121 42 habet,
956 1092 60 42 nec

206 1120 80 44 est
251 1120 137 44 aequalis
354 1120 114 44 Patri,
435 1120 80 44 sed
480 1120 69 44 eo
515 1120 114 44 minor.
595 1120 172 44 Assumtionem
732 1120 126 44 probare
824 1120 137 44 nituntur
915 1120 92 44 testi-

210 1160 104 41 monio
280 1160 128 41 Christi
373 1160 116 41 Johan.
454 1160 70 41 6.
489 1160 70 41 v.
524 1160 81 41 57.
570 1160 104 41 Sicut
640 1160 104 41 misit
709 1160 70 41 me
744 1160 116 41 vivens
825 1160 93 41 ille
883 1160 116 41 Pater,
964 1160 58 41 &
976 1160 58 41 ego

216 1197 99 37 vivo
340 1197 137 37 ,
439 1197 137 37 propter
539 1197 137 37 Patrem:
638 1197 87 37 ita
688 1197 112 37 etiam
762 1197 87 37 qui
812 1197 124 37 ederit
899 1197 87 37 me,
936 1197 75 37 vive

216 1225 83 52 ipse
268 1225 104 52 quoque
340 1225 62 52 &e
371 1225 83 52 i,
423 1225 114 52 propter
496 1225 52 52 me-

269 1254 115 44 RESP.
346 1254 141 44 Negamus
449 1254 231 44 consequentiam,
641 1254 103 44 quia
705 1254 167 44 fallaciam
833 1254 141 44 struunt
923 1254 90 44 adver

208 1290 107 43 sarij
279 1290 71 43 ex
315 1290 143 43 ambiguo.
422 1290 119 43 Aliter
505 1290 119 43 quippe
588 1290 119 43 Filius
671 1290 107 43 vivit
743 1290 131 43 propter
838 1290 131 43 Patrem:
921 1290 95 43 aliter

211 1321 85 46 nos
260 1321 146 46 Christum
369 1321 98 46 fide
430 1321 183 46 manducantes
577 1321 134 46 vivimus
674 1321 134 46 propter
772 1321 122 46 ipsum.
857 1321 122 46 Filius
931 1321 85 46 vivi-

226 1354 128 44 propter
319 1354 128 44 Patrem,
412 1354 128 44 quoniam
505 1354 70 44 ex
540 1354 105 44 Patre
610 1354 81 44 qui
656 1354 174 44 naturaliter
795 1354 93 44 vita
853 1354 81 44 est
900 1354 128 44 aeterna
981 1354 35 44 &

226 1384 77 43 nos
270 1384 164 43 vivificans,
401 1384 99 43 natus
467 1384 77 43 est
511 1384 88 43 ipse
566 1384 110 43 itidem
642 1384 164 43 naturaliter
774 1384 88 43 vita
829 1384 121 43 aeterna
905 1384 121 43 exsistens

212 1425 55 36 &
234 1425 77 36 nos
278 1425 164 36 vivificans.
409 1425 98 36 Sicut
474 1425 87 36 enim
529 1425 98 36 Pater
595 1425 77 36 est
638 1425 87 36 vita
693 1425 131 36 aeterna:
791 1425 77 36 ita
835 1425 55 36 &
857 1425 109 36 Filius
933 1425 77 36 est
966 1425 44 36 vi

227 1452 63 45 ta
259 1452 84 45 illa
312 1452 105 45 aterna
385 1452 84 45 quae
438 1452 84 45 erat
490 1452 84 45 apud
543 1452 116 45 Patrem,
627 1452 63 45 ut
659 1452 116 45 dicitur
743 1452 63 45 I.
774 1452 84 45 Joh.
827 1452 63 45 1.
858 1452 63 45 v.
890 1452 63 45 2.
921 1452 74 45 Hic
953 1452 63 45 (hi-

215 1489 103 36 lius)
283 1489 80 36 est
329 1489 103 36 verus
397 1489 91 36 ille
454 1489 91 36 Deus
511 1489 57 36 &
534 1489 91 36 vita
591 1489 91 36 illa
648 1489 125 36 aterna,
739 1489 68 36 I.
773 1489 91 36 Joh.
830 1489 68 36 5.
864 1489 68 36 v.
898 1489 80 36 20.
932 1489 103 36 Quoniam

223 1519 96 43 Deus
283 1519 108 43 Pater
355 1519 96 43 vita
415 1519 84 43 est
463 1519 144 43 secundum
571 1519 144 43 naturam,
678 1519 84 43 non
726 1519 108 43 autem
798 1519 84 43 per
846 1519 204 43 participatio

224 1557 90 38 nem;
280 1557 112 38 Filius
358 1557 123 38 quoque,
448 1557 90 38 quia
504 1557 168 38 naturaliter
638 1557 90 38 ejus
694 1557 112 38 Filius
773 1557 90 38 est,
829 1557 90 38 hanc
885 1557 123 38 naturae
963 1557 56 38 sua

242 1583 170 45 roprietatem,
381 1583 64 45 id
413 1583 85 45 est,
466 1583 96 45 vitam
530 1583 160 45 naturaliter
658 1583 64 45 in
690 1583 64 45 se
722 1583 107 45 habet,
796 1583 107 45 Filius
871 1583 96 45 vivit
924 1583 96 45 propter

229 1618 127 41 Patrem,
322 1618 93 41 quia
380 1618 104 41 unius
449 1618 174 41 substantiae
588 1618 81 41 est
634 1618 81 41 cum
681 1618 116 41 Patre.
762 1618 127 41 Proinde
854 1618 104 41 eadem
923 1618 81 41 est
958 1618 58 41 nu-

226 1653 93 40 mero
284 1653 116 40 Patris
365 1653 58 40 &
388 1653 104 40 Filij
458 1653 104 40 vita:
527 1653 58 40 &
550 1653 208 40 exquisitissima
724 1653 150 40 utriusque
840 1653 174 40 aequalitas.
967 1653 58 40 Nos

232 1687 106 40 autem
303 1687 94 40 fide
361 1687 176 40 manducantes
502 1687 152 40 Christum,
619 1687 129 40 vivimus
713 1687 129 40 propter
807 1687 117 40 ipsum;
889 1687 94 40 quia
936 1687 82 40 ipsie

220 1724 141 37 Christus
326 1724 70 37 ex
361 1724 117 37 gratia
443 1724 106 37 donat
514 1724 106 37 nobis
584 1724 106 37 vitam
655 1724 141 37 aeternam
761 1724 129 37 propter
855 1724 141 37 seipsum,
949 1724 70 37 pro-

227 1752 96 37 ter
282 1752 178 37 justitiam
419 1752 123 37 suam:
501 1752 82 37 ut
542 1752 206 37 quemadmodum
707 1752 192 37 regnaverat
858 1752 164 37 peccatum
967 1752 55 37 ad

226 1786 133 33 mortem,
322 1786 84 33 ita
371 1786 109 33 etiam
443 1786 121 33 gratia
527 1786 145 33 regnaret
636 1786 193 33 perjustitiam
793 1786 72 33 ad
829 1786 109 33 vitam
889 1786 133 33 aeternam.

217 1819 88 39 per
268 1819 113 39 Iesum
343 1819 151 39 Christum
456 1819 138 39 Dominum
556 1819 151 39 nostrum,
669 1819 75 39 ut
707 1819 126 39 Paulus
795 1819 88 39 ait
845 1819 100 39 Rom.
908 1819 75 39 5.
946 1819 75 39 v.
971 1819 50 39 21

279 1849 148 38 DBIECTIO
390 1849 99 38 XXV.
451 1849 86 38 Cui
501 1849 111 38 Pater
575 1849 136 38 gloriam
674 1849 123 38 dedit,
760 1849 74 38 is
797 1849 86 38 non
846 1849 86 38 est
896 1849 148 38 aequalis

210 1882 116 43 Patri:
292 1882 104 43 Filio
361 1882 104 43 Pater
431 1882 128 43 gloriam
523 1882 116 43 dedit:
605 1882 93 43 Ergo
663 1882 116 43 Filius
744 1882 81 43 non
790 1882 81 43 est
836 1882 139 43 aequalis
929 1882 93 43 Patri.

220 1913 132 39 Majorem
316 1913 84 39 sic
364 1913 144 39 probant;
471 1913 84 39 Qui
519 1913 132 39 gloriam
615 1913 84 39 non
663 1913 108 39 habet
735 1913 72 39 ex
771 1913 120 39 seipso
854 1913 192 39 naturaliter,

212 1948 66 38 is
245 1948 77 38 non
289 1948 77 38 est
333 1948 133 38 aequalis
433 1948 110 38 Patri:
510 1948 66 38 At
543 1948 77 38 cui
587 1948 99 38 Pater
654 1948 121 38 glortam
742 1948 110 38 dedit,
819 1948 66 38 is
852 1948 77 38 eam
897 1948 77 38 non
930 1948 77 38 habo-

218 1985 67 36 ex
251 1985 112 36 seipso
330 1985 179 36 naturaliter:
475 1985 90 36 Ergo
531 1985 78 36 cui
576 1985 101 36 Pater
643 1985 123 36 gloriam
733 1985 112 36 dedit,
811 1985 67 36 is
845 1985 78 36 non
890 1985 78 36 est
923 1985 90 36 aequa-

224 2012 80 39 lis
269 2012 114 39 Patri.
349 2012 125 39 Minorem
440 2012 125 39 probant
530 2012 114 39 verbis
610 2012 125 39 Christi
701 2012 114 39 Johan.
780 2012 80 39 17.
826 2012 91 39 ver.
883 2012 80 39 24.
928 2012 114 39 Pater,

217 2053 89 38 quos
272 2053 122 38 dedisti
361 2053 100 38 mihi,
428 2053 100 38 velim
494 2053 67 38 ut
528 2053 78 38 ubi
572 2053 78 38 sum
616 2053 89 38 ego,
672 2053 55 38 &
694 2053 89 38 illi
750 2053 89 38 sint
805 2053 111 38 mecum:
883 2053 67 38 ut
905 2053 111 38 spectent

213 2078 149 45 gloriam
322 2078 122 45 illam
404 2078 109 45 meam
472 2078 109 45 quam
539 2078 149 45 DEDISTI
635 2078 82 45 mihi

246 2110 114 45 RESP.
322 2110 114 45 Primo
398 2110 164 45 Homonymia
524 2110 88 45 est
575 2110 76 45 in
613 2110 126 45 nomine
701 2110 152 45 gloriae.
815 2110 88 45 Cui
865 2110 114 45 Pater
928 2110 76 45 glo-

211 2148 98 37 riam
272 2148 123 37 dedit,
358 2148 111 37 nempe
432 2148 86 37 non
481 2148 74 37 ab
518 2148 148 37 aeterno,
629 2148 86 37 sed
678 2148 74 37 in
715 2148 148 37 tempore,
825 2148 123 37 eamque
899 2148 123 37 creatam;

214 2183 68 31 is
248 2183 79 31 non
293 2183 79 31 est
338 2183 135 31 aequalis
439 2183 113 31 Patri,
518 2183 135 31 quatenus
619 2183 113 31 gloria
698 2183 113 31 creata
777 2183 135 31 potitur.
878 2183 101 31 Filio
934 2183 79 31 autem

201 2210 115 37 Pater
278 2210 140 37 gloriam
380 2210 115 37 dedit
456 2210 89 37 non
507 2210 115 37 solum
584 2210 76 37 in
622 2210 153 37 tempore,
737 2210 140 37 gloriam
839 2210 153 37 creatam,
941 2210 76 37 qua-

200 2239 113 39 tenus
276 2239 125 39 Filius
363 2239 88 39 est
414 2239 150 39 Mediator
526 2239 63 39 &
552 2239 113 39 Caput
627 2239 176 39 Dominusque
765 2239 163 39 Ecclesiae
878 2239 125 39 constitu

212 2282 91 41 tus,
268 2282 79 41 quo
314 2282 136 41 respectu
416 2282 102 41 Patre
484 2282 136 41 inferior
586 2282 91 41 est:
643 2282 79 41 sed
688 2282 102 41 etiam
756 2282 147 41 increatam
870 2282 102 41 atque
926 2282 91 41 essen-

210 2310 120 38 tialem
294 2310 132 38 gloriam
390 2310 72 38 ab
427 2310 132 38 aeterno
523 2310 84 38 per
571 2310 144 38 aeternam
679 2310 205 38 generationem,
848 2310 108 38 cujus
908 2310 96 38 essem-

207 2343 115 37 tialis
287 2343 126 37 gloriae
379 2343 138 37 respectu
482 2343 103 37 Patri
551 2343 138 37 aequalis
654 2343 92 37 est.
711 2343 115 37 Eamque
792 2343 172 37 essentialem
918 2343 103 37 gloriam

206 2377 55 43 a
228 2377 99 43 Patre
294 2377 110 43 habet,
371 2377 66 43 ut
404 2377 110 43 Filius
480 2377 165 43 naturaliter
612 2377 66 43 ex
645 2377 66 43 eo
678 2377 110 43 natus:
755 2377 165 43 naturaliter
886 2377 110 43 igitur
952 2377 55 43 il-

204 2411 83 46 lam
252 2411 107 46 habet

251 2434 114 46 Deinde
330 2434 91 46 quod
387 2434 125 46 attinet
479 2434 103 46 locum
547 2434 114 46 Johan.
627 2434 80 46 17.
672 2434 103 46 vers.
741 2434 80 46 24.
786 2434 182 46 intelligitur
935 2434 68 46 in
957 2434 46 46 e-

208 2476 132 51 gloria,
304 2476 84 51 non
352 2476 96 51 quam
412 2476 108 51 Pater
484 2476 108 51 dedit
556 2476 108 51 Filio
628 2476 132 51 aequali
724 2476 84 51 eum
772 2476 72 51 ab
808 2476 132 51 aeterno
892 2476 120 51 gignens:

204 2514 84 33 sed
252 2514 96 33 quam
312 2514 108 33 Filio
384 2514 120 33 homini
468 2514 108 33 facto
540 2514 108 33 dedit
612 2514 72 33 ab
649 2514 132 33 aeterno
745 2514 120 33 quidem
829 2514 144 33 secundum
925 2514 84 33 prae-

197 2544 232 42 destinationem,
391 2544 77 42 in
429 2544 142 42 tempore
533 2544 103 42 vero
597 2544 103 42 post
662 2544 129 42 mortem
752 2544 129 42 crucis
842 2544 116 42 quoad
907 2544 103 42 realem

196 2574 123 45 illius
269 2574 172 45 collationem.

259 2605 151 45 OBIECTIO
372 2605 113 45 XXVI.
448 2605 88 45 Qui
498 2605 113 45 solus
573 2605 88 45 est
624 2605 151 45 sapiens,
737 2605 75 45 ei
774 2605 100 45 nemo
837 2605 88 45 est
875 2605 138 45 aequalis:

203 2644 89 38 Deus
259 2644 101 38 Pater
326 2644 101 38 solus
393 2644 78 38 est
437 2644 134 38 sapiens:
538 2644 89 38 Ergo
594 2644 78 38 Deo
638 2644 101 38 Patri
705 2644 89 38 nemo
761 2644 78 38 est
806 2644 145 38 aequalis,
918 2644 67 38 ac
940 2644 67 38 pro-

208 2680 96 36 inde
268 2680 84 36 nec
316 2680 132 36 Filius,
412 2680 84 36 nec
460 2680 144 36 Spiritus
568 2680 144 36 Sanctus.
677 2680 144 36 Assumtio
785 2680 144 36 probatur
893 2680 120 36 verbis
965 2680 48 36 A-

206 2711 126 40 postoli
297 2711 114 40 Pauli,
377 2711 80 40 qui
422 2711 114 40 Roman.
502 2711 80 40 16.
548 2711 68 40 v.
582 2711 80 40 27.
628 2711 91 40 ait:
685 2711 91 40 Soli
742 2711 137 40 sapienti
845 2711 80 40 Deo
890 2711 114 40 gloria
959 2711 57 40 per

202 2742 108 41 Iesum
274 2742 144 41 Christum
382 2742 72 41 in
419 2742 132 41 secula,
515 2742 108 41 Amen.
587 2742 84 41 Hic
635 2742 108 41 ajunt
707 2742 180 41 adversarij.
852 2742 120 41 Patrem
936 2742 60 41 a
948 2742 60 41 Fi-

204 2773 83 45 lio
251 2773 83 45 ita
299 2773 165 45 distingui,
429 2773 71 45 ut
464 2773 94 45 loco
523 2773 118 45 Patris
606 2773 130 45 ponatur
700 2773 213 45 citcumscriptio
877 2773 94 45 ejus
936 2773 71 45 ex
960 2773 47 45 eo

208 2807 99 53 quod
269 2807 123 53 Patris
356 2807 86 53 est
405 2807 161 53 proprium,
529 2807 111 53 nempe
603 2807 111 53 Solus
677 2807 136 53 sapiens
776 2807 111 53 Deus:
850 2807 99 53 quia
912 2807 111 53 solus
973 2807 62 53 Pa-

214 2838 73 49 ter
255 2838 73 49 est
297 2838 115 49 sapiens
381 2838 136 49 sapientia
476 2838 115 49 increata.

267 2866 139 48 RESPON.
368 2866 126 48 Ludunt
456 2866 176 48 adversarij
595 2866 164 48 homonymia
721 2866 176 48 particulae
860 2866 126 48 solus,
935 2866 76 48 quae

198 2909 73 40 in
234 2909 169 40 assumtione
367 2909 61 40 &
392 2909 73 40 in
428 2909 109 40 dicto
501 2909 109 40 Pauli
573 2909 85 40 non
622 2909 145 40 absolute
731 2909 169 40 usurpatur,
864 2909 73 40 ad
888 2909 121 40 excluden

210 2942 82 44 das
257 2942 105 44 etiam
327 2942 140 44 personas
432 2942 105 44 alias
503 2942 140 44 Deitatis
608 2942 129 44 praeter
701 2942 129 44 Patrem:
795 2942 82 44 sed
842 2942 140 44 secundum
947 2942 94 44 quid

216 2972 77 39 ad
255 2972 193 39 excludendos
409 2972 116 39 omnes
486 2972 90 39 qui
537 2972 116 39 merae
615 2972 103 39 sunt
679 2972 180 39 creaturae.
820 2972 90 39 Nam
872 2972 129 39 Filium
949 2972 64 39 non

213 3006 145 35 excludi,
322 3006 170 35 manifestum
455 3006 85 35 est
503 3006 73 35 ex
540 3006 85 35 eo,
588 3006 97 35 quod
649 3006 85 35 non
697 3006 121 35 tantum
782 3006 145 35 sapiens,
891 3006 85 35 sed
927 3006 85 35 etiam

212 3036 150 47 sapientia
328 3036 127 47 proprie
420 3036 173 47 appellatur,
558 3036 58 47 &
581 3036 92 47 quod
639 3036 104 47 alios
708 3036 150 47 sapientia
824 3036 115 47 donat:
904 3036 92 47 quod
950 3036 58 47 mi-

220 3072 89 42 nime
275 3072 122 42 fieret,
364 3072 89 42 nisi
419 3072 89 42 ipse
475 3072 133 42 increata
575 3072 144 42 sapientia
685 3072 111 42 esset.
763 3072 89 42 Idem
818 3072 67 42 de
852 3072 122 42 Spiritu
929 3072 89 42 Sancto

219 3103 186 43 sentiendum:
367 3103 149 43 Spiritus
479 3103 99 43 enim
541 3103 149 43 Sanctus,
652 3103 99 43 quia
714 3103 161 43 sapientia
838 3103 136 43 Angelos
938 3103 62 43 &
950 3103 62 43 ho-

211 3137 99 36 mines
277 3137 110 36 ornat,
355 3137 77 36 non
399 3137 110 36 potest
476 3137 88 36 nisi
531 3137 133 36 increata
631 3137 144 36 sapientia
741 3137 88 36 esse
786 3137 110 36 sapiens.

248 3166 161 48 OEIECTIO
368 3166 134 48 XXVII.
462 3166 94 48 Qui
516 3166 94 48 est
570 3166 161 48 Mediator
691 3166 134 48 noster
785 3166 107 48 apud
852 3166 148 48 Patrem,
946 3166 67 48 non

207 3205 83 52 est
255 3205 143 52 aequalis
362 3205 119 52 Patri:
445 3205 155 52 Filius:si
564 3205 143 52 Mediator
671 3205 167 52 nosterapud
802 3205 131 52 Patrem:
897 3205 107 52 Ergo,
957 3205 59 52 &c.

1087 166 151 57 RESPON.
1197 166 233 57 Distinguendum
1389 166 110 57 est.
1458 166 96 57 Qui
1513 166 96 57 est
1568 166 165 57 Mediator
1691 166 137 57 noster
1774 166 82 57 apu-

1043 213 138 40 Patrem,
1144 213 88 40 non
1194 213 88 40 est
1244 213 150 40 aequalis
1356 213 125 40 Patri,
1444 213 138 40 nimirum
1544 213 150 40 quatenus
1656 213 88 40 est
1706 213 100 40 homo
1769 213 113 40 verus
1831 213 38 40 &

1053 254 137 40 quatenus
1155 254 205 40 dispensationem
1326 254 171 40 mediationis
1463 254 68 40 in
1497 254 68 40 se
1531 254 148 40 suscepit.
1645 254 68 40 At
1679 254 125 40 Filius,
1770 254 80 40 qui
1804 254 57 40 est

1040 285 151 38 Mediator
1154 285 126 38 noster
1242 285 101 38 apud
1305 285 139 38 Patrem,
1406 285 88 38 est
1457 285 88 38 non
1507 285 126 38 tantum
1595 285 126 38 natura
1683 285 113 38 Deus,
1759 285 88 38 sed
1797 285 63 38 et-

1045 317 86 44 iam
1094 317 110 44 verus
1167 317 98 44 homo
1229 317 61 44 &
1253 317 86 44 qui
1302 317 184 44 mediationis
1450 317 147 44 officium
1560 317 172 44 voluntatia
1695 317 196 44 dispensatio

1042 353 69 48 ne
1076 353 69 48 in
1110 353 69 48 se
1145 353 149 48 fuscepit.
1259 353 92 48 Hinc
1317 353 92 48 ergo
1374 353 80 48 non
1420 353 149 48 sequitur,
1535 353 92 48 quod
1592 353 80 48 sit
1638 353 115 48 natura
1718 353 115 48 divina
1787 353 80 48 inae-

1045 383 113 49 qualis
1113 383 79 49 Patri

1080 411 288 50 OEIECTIOXXVIII.
1322 411 136 50 Cujus
1413 411 136 50 minor
1504 411 106 50 est
1564 411 167 50 notitia
1685 411 121 50 quam
1746 411 121 50 Patri-

1054 445 55 48 &
1076 445 109 48 Filij,
1152 445 65 48 is
1185 445 98 48 Patri
1250 445 55 48 &
1272 445 98 48 Filio
1338 445 76 48 non
1381 445 76 48 est
1425 445 142 48 aequalis:
1534 445 131 48 Spiritus
1632 445 109 48 Sancti
1708 445 98 48 minor
1774 445 76 48 est
1806 445 55 48 no-

1050 488 125 36 titia,
1138 488 100 36 quam
1201 488 125 36 Patris
1288 488 63 36 &
1313 488 125 36 Filij:
1401 488 100 36 Ergo
1463 488 150 36 Spiritus
1576 488 138 36 Sanctus
1676 488 88 36 non
1726 488 88 36 est
1776 488 113 36 Patri
1838 488 38 36 &

1045 520 115 34 Filio
1122 520 166 34 aequalis.
1250 520 192 34 Assumtionem
1404 520 141 34 probare
1506 520 141 34 student
1608 520 115 34 dicto
1685 520 141 34 Christi
1775 520 102 34 Matth.

1055 552 84 41 II.
1103 552 108 41 vers.
1175 552 84 41 27.
1223 552 96 41 Nemo
1283 552 108 41 novit
1355 552 132 41 Filium,
1451 552 96 41 nisi
1511 552 120 41 Pater,
1595 552 108 41 neque
1667 552 120 41 Patrem
1751 552 144 41 quisquam

1051 589 117 38 novit,
1133 589 93 38 nisi
1191 589 128 38 Filius,
1284 589 58 38 &
1308 589 152 38 cuicunque
1424 589 140 38 voluerit
1529 589 117 38 Filius
1611 589 152 38 retegere.
1727 589 93 38 Hic,
1786 589 117 38 ajunt,

1052 625 103 46 nulla
1120 625 80 46 sit
1166 625 115 46 mentio
1247 625 138 46 Spiritus
1350 625 126 46 Sancti;
1442 625 80 46 sed
1488 625 115 46 solius
1568 625 115 46 Patris
1648 625 57 46 &
1671 625 115 46 Filij,
1752 625 115 46 quibus
1821 625 57 46 so-

1043 651 78 41 lis
1088 651 123 41 notitia
1177 651 101 41 mutua
1245 651 157 41 tribuitur.

1073 685 144 39 RESPON.
1178 685 144 39 Negatur
1283 685 171 39 assumtio;
1414 685 118 39 eaque
1493 685 79 39 ex
1532 685 118 39 dicto
1611 685 144 39 Christi
1716 685 144 39 probari
1807 685 66 39 ne-

1065 720 93 33 uit.
1123 720 93 33 Etsi
1181 720 93 33 enim
1239 720 69 33 in
1274 720 93 33 illo
1332 720 81 33 non
1378 720 81 33 sit
1424 720 139 33 expressa
1529 720 116 33 mentio
1610 720 139 33 Spiritus
1714 720 127 33 Sancti,
1795 720 81 33 tamen

1049 755 76 45 is
1087 755 63 45 a
1113 755 114 45 mutua
1189 755 140 45 notitia
1290 755 127 45 Patris
1379 755 63 45 &
1405 755 114 45 Filij
1481 755 127 45 minime
1570 755 190 45 excluditur.
1722 755 89 45 Nam
1773 755 102 45 quum
1823 755 51 45 in

1057 787 159 45 Scriptura
1179 787 122 45 Sacra,
1265 787 86 45 una
1314 787 147 45 Deitatis
1424 787 135 45 persona
1522 787 159 45 creaturis
1644 787 86 45 aut
1693 787 147 45 fictitus
1791 787 86 45 numi-

1048 824 111 34 nibus
1122 824 173 34 opponitur,
1257 824 62 34 &
1282 824 74 34 ab
1319 824 86 34 his
1368 824 197 34 discernitur,
1529 824 86 34 non
1578 824 185 34 excluduntur
1726 824 74 34 ab
1763 824 74 34 ea
1800 824 99 34 alis

1063 853 142 37 Deitatis
1170 853 154 37 personae,
1288 853 83 37 sed
1335 853 118 37 tantum
1418 853 154 37 creaturae
1536 853 59 37 &
1560 853 118 37 numina
1643 853 154 37 fictitia.
1761 853 71 37 Ut
1796 853 71 37 in
1820 853 59 37 his

1065 884 105 42 ipsis
1135 884 128 42 verbis,
1229 884 93 42 quum
1287 884 140 42 Christus
1392 884 117 42 dicit,
1474 884 93 42 Nemo
1532 884 105 42 novit
1602 884 128 42 Filium,
1695 884 93 42 nisi
1754 884 117 42 Pater,
1824 884 58 42 non

1062 925 173 35 excluduntur
1201 925 104 35 aliae
1270 925 138 35 personae
1373 925 150 35 Deitatis,
1489 925 81 35 sic
1535 925 92 35 enim
1592 925 69 35 ne
1627 925 115 35 Filius
1707 925 115 35 quidem
1776 925 104 35 seipsum

1064 954 141 38 nosset:
1166 954 64 38 &
1192 954 102 38 quum
1256 954 128 38 dicit,
1345 954 115 38 Neque
1422 954 128 38 Patrem
1511 954 115 38 novit
1588 954 166 38 quisquam,
1716 954 102 38 nisi
1767 954 115 38 Filius,

1059 984 85 40 non
1107 984 182 40 excluduntur
1253 984 109 40 aliae
1326 984 146 40 Deitatis
1435 984 158 40 personae,
1557 984 146 40 alioquin
1666 984 85 40 nec
1715 984 109 40 Pater
1776 984 109 40 seipsum

1059 1018 131 40 nosset.
1154 1018 83 40 Sed
1202 1018 95 40 haec
1261 1018 119 40 tantum
1344 1018 154 40 sententia
1463 1018 95 40 est,
1523 1018 119 40 nullam
1606 1018 154 40 creaturam
1725 1018 107 40 posse
1796 1018 71 40 ad
1820 1018 59 40 non

1058 1052 114 38 titiam
1137 1052 80 38 Dei
1183 1052 159 38 penetrare,
1308 1052 91 38 nisi
1365 1052 102 38 ipsum
1433 1052 80 38 per
1479 1052 114 38 Filium
1558 1052 68 38 se
1592 1052 91 38 illi
1649 1052 171 38 patefaciat.
1786 1052 80 38 Nec
1820 1052 57 38 ta-

1053 1086 83 36 men
1101 1086 95 36 hinc
1160 1086 167 36 excluditur
1292 1086 143 36 Spiritus
1399 1086 143 36 Sanctus,
1506 1086 83 36 cum
1554 1086 95 36 ipse
1614 1086 143 36 Christus
1721 1086 72 36 de
1757 1086 72 36 eo
1793 1086 119 36 dicat,

1073 1116 99 38 ohan.
1139 1116 77 38 15.
1183 1116 99 38 vers.
1249 1116 77 38 26.
1293 1116 132 38 Spiritus
1392 1116 88 38 ille
1447 1116 154 38 veritatis,
1567 1116 77 38 qui
1611 1116 55 38 a
1633 1116 99 38 Patre
1699 1116 121 38 emanat,
1787 1116 88 38 ille
1831 1116 55 38 te-

1065 1152 145 38 stabitur
1174 1152 72 38 de
1210 1152 85 38 me.
1258 1152 72 38 Et
1294 1152 121 38 Paulus
1379 1152 72 38 1.
1415 1152 145 38 Corinth.
1524 1152 72 38 2.
1560 1152 109 38 vers.
1632 1152 85 38 10.
1681 1152 109 38 Nobis
1753 1152 109 38 autem
1814 1152 72 38 Deus

1056 1192 74 39 ea
1093 1192 136 39 retexit
1191 1192 86 39 per
1241 1192 148 39 Spiritum
1352 1192 111 39 suum.
1426 1192 148 39 Spiritus
1537 1192 99 39 enim
1598 1192 111 39 omnia
1672 1192 173 39 scrutatur,
1796 1192 86 39 etiam

1059 1218 201 45 profunditates
1225 1218 94 45 Dei:
1284 1218 59 45 &
1307 1218 106 45 vers.
1378 1218 83 45 11.
1425 1218 71 45 Ea
1461 1218 94 45 quae
1520 1218 94 45 sunt
1579 1218 94 45 Dei,
1638 1218 94 45 nemo
1697 1218 106 45 novit
1768 1218 94 45 nisi
1815 1218 71 45 Spi-

1068 1254 93 36 ritus
1119 1254 62 36 Dei.

1112 1278 72 46 Ex
1148 1278 84 46 his
1196 1278 95 46 quae
1255 1278 72 46 ad
1291 1278 179 46 objectiones
1434 1278 119 46 contra
1518 1278 191 46 aequalitatem
1673 1278 167 46 personarum
1792 1278 84 46 divi-

1068 1318 110 36 narum
1141 1318 195 36 respondimus,
1300 1318 122 36 planum
1385 1318 85 36 est
1434 1318 183 36 firmissimam
1581 1318 98 36 esse
1642 1318 159 36 Ecclesiae
1764 1318 147 36 orthodo

1068 1352 85 35 xae
1116 1352 170 35 doctrinam,
1250 1352 133 35 Patrem,
1347 1352 121 35 Filium
1432 1352 61 35 &
1456 1352 145 35 Spiritum
1565 1352 133 35 Sanctum
1662 1352 97 35 esse
1722 1352 145 35 aequales
1819 1352 61 35 se-

1061 1385 137 39 cundum
1157 1385 164 39 Deitatem
1280 1385 68 39 &
1307 1385 123 39 omnes
1389 1385 164 39 Deitatis
1512 1385 219 39 perfectiones
1676 1385 219 39 operationesque

1050 1417 153 42 essentiales.

1231 1467 388 56 CAPTI

1109 1517 89 60 In
1154 1517 104 60 quo
1213 1517 208 60 refutantur
1377 1517 223 60 obiectiones
1556 1517 149 60 contra
1645 1517 223 60 distinctionem

1365 1564 203 59 personarum.

1069 1618 222 80 CUPERIORIBUS
1250 1618 181 80 capitibus
1389 1618 139 80 duobus
1486 1618 195 80 defendimus
1764 1618 69 80 &
1778 1618 111 80 aequa-

1113 1653 148 42 litatem
1220 1653 188 42 personarum
1368 1653 188 42 divinarum:
1516 1653 94 42 hoc
1569 1653 188 42 defendenda
1717 1653 94 42 est
1758 1653 134 42 earundem

1116 1684 170 45 distinctio
1249 1684 121 45 realis
1334 1684 145 45 adversus
1443 1684 157 45 Sabellium
1564 1684 61 45 &
1588 1684 109 45 alios
1661 1684 182 45 haereticos,
1794 1684 97 45 quorum

1073 1710 175 52 objectiones
1213 1710 152 52 hujusmodi
1330 1710 105 52 sunt:

1118 1748 185 43 OBIECTIOI.
1263 1748 79 43 Si
1303 1748 132 43 videns
1396 1748 146 43 Filium,
1502 1748 119 43 videt
1581 1748 146 43 Patrem:
1687 1748 93 43 tum
1740 1748 119 43 eadem
1807 1748 79 43 est,

1062 1784 132 41 persona
1158 1784 120 41 Patris
1242 1784 60 41 &
1266 1784 120 41 Filij.
1350 1784 72 41 At
1386 1784 108 41 prius
1458 1784 96 41 est:
1517 1784 96 41 Ergo
1577 1784 60 41 &
1601 1784 168 41 posterius.
1733 1784 144 41 Assumtum
1829 1784 60 41 co-

1070 1821 113 40 nantur
1149 1821 124 40 probare
1239 1821 68 40 ex
1272 1821 68 40 eo
1306 1821 90 40 quod
1363 1821 90 40 Joh.
1419 1821 79 40 14.
1464 1821 68 40 v.
1498 1821 68 40 9.
1532 1821 101 40 dicit
1599 1821 101 40 Jesus
1667 1821 101 40 ipse:
1734 1821 135 40 Philippe
1836 1821 79 40 qui

1069 1852 105 38 vidit
1140 1852 82 38 me,
1186 1852 105 38 vidit
1257 1852 117 38 Patre:
1339 1852 129 38 quomodo
1432 1852 117 38 igitur
1514 1852 70 38 tu
1549 1852 117 38 dicis,
1631 1852 129 38 ostende
1725 1852 105 38 nobis
1784 1852 105 38 Patrem?

1112 1882 122 36 RESP.
1194 1882 149 36 Negatur
1302 1882 122 36 sumti
1383 1882 230 36 consequentia:
1572 1882 68 36 &
1599 1882 108 36 quod
1667 1882 81 36 ad
1707 1882 135 36 dictum
1788 1882 95 36 Chri-

1069 1909 74 47 sti
1112 1909 127 47 attinet,
1207 1909 74 47 non
1249 1909 85 47 vult
1302 1909 127 47 Christus
1397 1909 63 47 se
1429 1909 85 47 esse
1482 1909 106 47 Patre,
1556 1909 74 47 sed
1598 1909 63 47 se
1630 1909 127 47 doctrina
1725 1909 53 47 &
1746 1909 106 47 factis
1810 1909 63 47 per-

1063 1948 135 34 sonam,
1157 1948 203 34 sapientiam,
1319 1948 243 34 omnipotentiam,
1522 1948 176 34 bonitatem
1657 1948 68 34 &
1684 1948 189 34 voluntatem
1819 1948 68 34 Pa-

1068 1983 91 36 tris
1125 1983 171 36 manifestare
1262 1983 57 36 &
1285 1983 137 36 referre,
1388 1983 80 36 hoc
1433 1983 91 36 est,
1490 1983 103 36 docet
1559 1983 149 36 Christus,
1673 1983 69 36 ut
1708 1983 69 36 in
1730 1983 149 36 cogitatione

1070 2015 74 37 de
1107 2015 87 37 Deo
1156 2015 62 37 &
1181 2015 74 37 de
1218 2015 161 37 voluntate
1343 2015 99 37 Dei,
1405 2015 112 37 sese,
1479 2015 87 37 hoc
1529 2015 99 37 est,
1591 2015 149 37 Christum
1702 2015 174 37 Mediatorem
1826 2015 50 37 in

1054 2048 154 38 tueamur:
1170 2048 64 38 &
1195 2048 167 38 statuamus
1324 2048 103 38 hunc
1388 2048 103 38 esse
1452 2048 115 38 verum
1529 2048 64 38 &
1554 2048 154 38 aeternum
1670 2048 115 38 Deum,
1747 2048 90 38 qui
1798 2048 77 38 se
1824 2048 64 38 per

1064 2082 126 35 Filium
1153 2082 164 35 patefecit
1279 2082 114 35 mundo
1355 2082 63 35 &
1380 2082 88 35 per
1431 2082 88 35 eum
1482 2082 152 35 promisit
1595 2082 139 35 salutem
1696 2082 63 35 &
1722 2082 139 35 fiducia
1810 2082 76 35 ejus

1074 2115 86 33 ult
1123 2115 159 33 invocari.
1245 2115 123 33 Itaque
1331 2115 123 33 tantum
1417 2115 123 33 abest,
1503 2115 74 33 ut
1540 2115 86 33 hoc
1589 2115 98 33 loco
1650 2115 147 33 tollatur
1748 2115 135 33 discrimen

1068 2148 170 53 personarum
1202 2148 195 53 divinitatis,
1360 2148 73 53 ut
1396 2148 122 53 potius
1482 2148 195 53 confirmetur.
1640 2148 85 53 Non
1688 2148 97 53 enim
1749 2148 97 53 vult
1798 2148 85 53 Chri-

1060 2178 89 45 stus
1115 2178 67 45 se
1149 2178 89 45 esse
1193 2178 89 45 Patrem

1110 2215 186 46 OEIICTIOII.
1258 2215 74 46 Si
1295 2215 124 46 Filius
1382 2215 87 46 est
1431 2215 74 46 in
1469 2215 111 46 Patre
1543 2215 62 46 &
1568 2215 111 46 Pater
1642 2215 74 46 in
1679 2215 124 46 Filio:
1753 2215 124 46 sequitur

1056 2246 85 45 non
1105 2246 98 45 esse
1166 2246 171 45 distinctam
1300 2246 146 45 personam
1409 2246 110 45 Filij
1483 2246 61 45 a
1507 2246 122 45 Patre,
1592 2246 85 45 sed
1641 2246 98 45 unam
1702 2246 159 45 eandemque
1812 2246 73 45 est.

1059 2284 143 48 personam
1166 2284 119 48 Patris
1250 2284 60 48 &
1274 2284 119 48 Filij.
1357 2284 72 48 At
1393 2284 107 48 verum
1465 2284 83 48 est
1512 2284 167 48 antecedens
1643 2284 72 48 ex
1679 2284 72 48 v.
1715 2284 72 48 10
1751 2284 119 48 Johan.
1822 2284 60 48 14.

1062 2315 86 39 Non
1111 2315 123 39 credis
1197 2315 74 39 me
1234 2315 74 39 in
1271 2315 123 39 Patre,
1357 2315 62 39 &
1382 2315 123 39 Patrem
1468 2315 74 39 in
1505 2315 74 39 me
1541 2315 111 39 esse?
1615 2315 98 39 Ergo
1677 2315 62 39 &
1689 2315 160 39 consequens.

1117 2347 116 38 RESP.
1195 2347 142 38 Negatur
1298 2347 116 38 sumti
1376 2347 220 38 consequentia.
1557 2347 91 38 Nam
1608 2347 116 38 Pater
1686 2347 91 38 est
1738 2347 78 38 in
1777 2347 116 38 Filio
1841 2347 39 38 &

1060 2380 110 41 Filius
1137 2380 66 41 in
1170 2380 110 41 Patre.
1248 2380 66 41 1.
1281 2380 144 41 essentiae
1391 2380 132 41 unitate.
1491 2380 66 41 2.
1524 2380 88 41 quia
1579 2380 132 41 doctrina
1678 2380 99 41 Filij
1744 2380 77 41 est
1778 2380 110 41 doctrina

1057 2414 134 35 Patris
1151 2414 67 35 &
1177 2414 94 35 una
1231 2414 148 35 communi
1339 2414 175 35 voluntate
1473 2414 215 35 promulgatur:
1647 2414 107 35 ideo
1714 2414 161 35 Christus
1822 2414 67 35 mox

1066 2449 114 35 addit;
1145 2449 103 35 Verba
1214 2449 91 35 quae
1271 2449 80 35 ego
1316 2449 114 35 loquor
1396 2449 114 35 vobis,
1476 2449 57 35 a
1499 2449 114 35 meipso
1578 2449 80 35 non
1624 2449 125 35 loquor;
1715 2449 80 35 sed
1761 2449 103 35 Pater
1829 2449 80 35 qui

1045 2488 68 34 in
1079 2488 68 34 me
1112 2488 113 34 manet,
1191 2488 90 34 ipse
1248 2488 102 34 facit
1316 2488 113 34 opera.
1395 2488 68 34 3.
1428 2488 90 34 quia
1485 2488 102 34 facta
1553 2488 102 34 Filij
1620 2488 90 34 sunt
1677 2488 102 34 facta
1745 2488 113 34 Patris
1824 2488 56 34 &
1835 2488 45 34 u-

1059 2520 70 38 na
1094 2520 140 38 potentia
1199 2520 116 38 patris
1281 2520 58 38 &
1304 2520 105 38 Filij
1374 2520 116 38 fiunt,
1455 2520 70 38 ut
1490 2520 82 38 mox
1537 2520 105 38 etiam
1607 2520 140 38 Christus
1711 2520 151 38 subjicir;
1828 2520 82 38 sed

1059 2546 107 43 Pater
1131 2546 84 43 qui
1178 2546 72 43 in
1214 2546 72 43 me
1250 2546 119 43 manet,
1334 2546 96 43 ipse
1393 2546 107 43 facit
1465 2546 119 43 opera.
1549 2546 72 43 4.
1584 2546 96 43 quia
1644 2546 84 43 qui
1692 2546 131 43 honorat
1776 2546 107 43 Filium,

1059 2579 138 36 honorat
1160 2579 138 36 Patrem:
1261 2579 88 36 qui
1311 2579 126 36 Filium
1399 2579 88 36 non
1449 2579 151 36 honorat,
1563 2579 88 36 nec
1613 2579 126 36 Patrem
1701 2579 151 36 honorat.
1802 2579 75 36 Cre-

1060 2614 116 35 dendus
1142 2614 81 35 est
1188 2614 93 35 ergo
1246 2614 104 35 Pater
1315 2614 70 35 in
1350 2614 116 35 Filio,
1431 2614 58 35 &
1454 2614 116 35 Filius
1535 2614 70 35 in
1570 2614 116 35 Patre,
1651 2614 81 35 per
1698 2614 127 35 naturae
1779 2614 104 35 identi-

1059 2647 120 36 tatem,
1143 2647 84 36 per
1191 2647 156 36 doctrinae
1311 2647 156 36 unitatem,
1431 2647 84 36 per
1480 2647 144 36 virtutis
1588 2647 180 36 potestatem,
1732 2647 84 36 per
1768 2647 108 36 honori-

1064 2684 190 41 aequalitatem.
1220 2684 67 41 5.
1254 2684 67 41 Si
1287 2684 67 41 ex
1321 2684 112 41 phrasi
1399 2684 89 41 ista
1455 2684 112 41 unitas
1533 2684 134 41 personae
1634 2684 157 41 colligenda
1757 2684 112 41 esset,
1824 2684 56 41 se-

1059 2714 155 40 queretur
1175 2714 155 40 Christum
1292 2714 65 40 &
1317 2714 90 40 nos
1369 2714 116 40 etiam
1447 2714 103 40 unam
1511 2714 155 40 personam
1628 2714 116 40 esse,
1705 2714 103 40 quia
1770 2714 103 40 Joh.
1821 2714 65 40 14.

1067 2747 68 38 v.
1101 2747 80 38 20.
1146 2747 137 38 dicitur;
1249 2747 68 38 In
1283 2747 91 38 illo
1340 2747 80 38 die
1385 2747 80 38 vos
1431 2747 171 38 cognoscetis
1567 2747 68 38 me
1601 2747 91 38 esse
1658 2747 68 38 in
1693 2747 102 38 Patre
1761 2747 91 38 meo,
1818 2747 57 38 &
1829 2747 57 38 vos

1065 2777 70 39 in
1100 2777 82 39 me,
1147 2777 59 39 &
1171 2777 70 39 me
1206 2777 70 39 in
1229 2777 94 39 vobis.

1110 2807 194 48 QEIECTIOIII.
1268 2807 97 48 Quod
1328 2807 85 48 est
1377 2807 73 48 in
1413 2807 109 48 alio,
1486 2807 73 48 id
1522 2807 85 48 non
1571 2807 85 48 est
1619 2807 133 48 persona
1716 2807 85 48 per
1765 2807 73 48 se
1789 2807 97 48 subsi-

1054 2840 111 44 stens,
1132 2840 78 44 sed
1176 2840 133 44 accidens
1276 2840 122 44 quoddam
1365 2840 144 44 alterius:
1475 2840 111 44 Filius
1553 2840 78 44 est
1598 2840 67 44 in
1631 2840 100 44 alio,
1697 2840 144 44 videlicet
1808 2840 67 44 in
1831 2840 55 44 Pa-

1064 2875 86 39 tre,
1118 2875 64 39 ut
1150 2875 118 39 dicitur
1236 2875 86 39 Joh.
1289 2875 75 39 14.
1332 2875 64 39 v.
1364 2875 75 39 20.
1407 2875 96 39 Ergo,
1460 2875 54 39 &c.

1084 2908 109 38 RESP.
1157 2908 85 38 Est
1205 2908 109 38 primo
1278 2908 170 38 amphibolia
1412 2908 73 38 in
1448 2908 121 38 phrasi
1533 2908 97 38 esse
1594 2908 73 38 in
1630 2908 109 38 alio.
1703 2908 85 38 Nam
1751 2908 73 38 ea
1788 2908 73 38 in
1812 2908 73 38 pro-

1056 2941 156 40 positione
1176 2941 168 40 significat
1308 2941 168 40 subsistere
1440 2941 72 40 in
1477 2941 108 40 alio,
1549 2941 180 40 quemadmodum
1693 2941 144 40 accidens
1789 2941 84 40 subsi

1053 2979 95 32 stit
1112 2979 71 32 in
1148 2979 154 32 subjecto.
1266 2979 71 32 At
1302 2979 71 32 in
1337 2979 166 32 assumtione
1468 2979 59 32 &
1491 2979 107 32 dicto
1562 2979 130 32 Christi
1657 2979 166 32 significat
1775 2979 107 32 ejusdem

1054 3010 91 40 esse
1110 3010 147 40 essentiae
1224 3010 79 40 cum
1269 3010 113 40 Patre,
1348 3010 113 40 eandem
1428 3010 91 40 esse
1485 3010 147 40 doctrinam
1598 3010 113 40 Filij,
1677 3010 91 40 quae
1734 3010 125 40 Patris:
1813 3010 57 40 fa-

1061 3042 79 43 cta
1106 3042 101 43 Filij
1173 3042 90 43 esse
1229 3042 101 43 facta
1296 3042 123 43 Patris.
1386 3042 90 43 Haec
1442 3042 157 43 explicatio
1566 3042 67 43 ni
1599 3042 168 43 admittatur,
1734 3042 168 43 sequeretur,

1065 3083 106 38 neque
1136 3083 118 38 Patrem
1219 3083 95 38 esse
1278 3083 142 38 personam
1384 3083 83 38 per
1432 3083 71 38 se
1467 3083 189 38 subsistente,
1621 3083 83 38 sed
1668 3083 142 38 accidens
1763 3083 118 38 quoddam;

1060 3113 89 42 quia
1115 3113 100 42 Pater
1182 3113 111 42 quoque
1260 3113 78 42 est
1304 3113 67 42 in
1338 3113 111 42 Filio,
1415 3113 67 42 ut
1449 3113 133 42 expresse
1549 3113 122 42 dicitur
1637 3113 100 42 versu
1704 3113 78 42 10,
1737 3113 56 42 11.

1090 3144 119 42 Deinde
1173 3144 107 42 major
1245 3144 166 42 propositio
1376 3144 95 42 vera
1435 3144 83 42 est
1483 3144 71 42 de
1518 3144 131 42 natura,
1613 3144 107 42 cujus
1685 3144 107 42 signa
1756 3144 95 42 sunt
1804 3144 71 42 pro-

1056 3176 120 36 nomina
1140 3176 144 36 neutrius
1248 3176 132 36 generis
1343 3176 108 36 Quod,
1415 3176 84 36 id:
1463 3176 72 36 at
1499 3176 72 36 si
1535 3176 72 36 de
1571 3176 132 36 persona
1667 3176 204 36 intelligatur,
1822 3176 60 36 est

1057 3207 109 44 falsa.
1134 3207 77 44 Nam
1177 3207 109 44 Filius
1254 3207 77 44 non
1298 3207 77 44 est
1341 3207 66 44 in
1374 3207 98 44 Patre
1440 3207 66 44 ut
1473 3207 98 44 aliud
1538 3207 66 44 in
1571 3207 98 44 alio,
1636 3207 77 44 sed
1680 3207 66 44 ut
1713 3207 98 44 alius
1779 3207 66 44 in
1800 3207 77 44 alios
