2063 3450
229 189 202 46 OBIECTIOIV.
390 189 134 46 Quorum
484 189 94 46 est
538 189 94 46 una
591 189 175 46 essentia,
726 189 121 46 eorum
806 189 94 46 una
860 189 94 46 est
900 189 108 46 perso-

187 226 83 48 ma:
235 226 130 48 Patris,
329 226 107 48 Filij
400 226 59 48 &
424 226 142 48 Spiritus
530 226 118 48 Sancti
613 226 83 48 est
661 226 83 48 una
708 226 154 48 essentia:
826 226 95 48 Ergo
874 226 130 48 eorundem.

208 263 75 44 ena
251 263 75 44 est
283 263 107 44 persona.

227 277 155 54 RESPON.
340 277 127 54 Major
424 277 198 54 propositio
580 277 169 54 negatur:
707 277 113 54 quia
777 277 141 54 omnium
862 277 127 54 hominum

195 324 83 44 est
243 324 83 44 una
290 324 154 44 essentia,
409 324 142 44 personae
516 324 107 44 autem
587 324 142 44 totidem,
694 324 95 44 quot
741 324 119 44 homines.

238 356 142 40 Instant:
345 356 119 40 Quorum
428 356 83 40 est
476 356 83 40 una
523 356 119 40 numero
606 356 154 40 essentia,
725 356 107 40 eorum
796 356 83 40 una
844 356 83 40 est
879 356 119 40 persona:

189 398 129 44 Patris,
283 398 105 44 Filij
353 398 58 44 &
376 398 140 44 Spiritus
482 398 117 44 Sancti
564 398 82 44 est
610 398 82 44 una
657 398 117 44 numero
727 398 129 44 essentia:

232 428 107 41 Ergo:
292 428 59 41 &c.

237 452 118 46 RESP.
316 452 79 46 Et
355 452 105 46 ista
421 452 118 46 major
500 452 158 46 negatur:
618 452 105 46 quia
684 452 132 46 omnium
776 452 145 46 hominum
882 452 92 46 est
921 452 79 46 una;

195 489 130 41 numero
286 489 169 41 essentia,
415 489 156 41 personae
532 489 117 41 autem
610 489 104 41 quam
675 489 143 41 multae?
779 489 91 41 Una
830 489 130 41 numero
921 489 91 41 est
960 489 52 41 o-

205 522 106 40 mnium
276 522 130 40 hominum
370 522 153 40 essentia,
488 522 94 40 quia
547 522 130 40 homines
641 522 83 40 non
689 522 153 40 differunt
806 522 130 40 specie,
901 522 71 40 id
924 522 71 40 est;

196 562 116 32 natura
278 562 58 32 &
301 562 151 32 essentia:
418 562 93 32 etsi
476 562 82 32 non
522 562 82 32 sit
569 562 82 32 una
616 562 151 32 individua
732 562 58 32 &
755 562 175 32 singularis.
895 562 82 32 Nam
930 562 70 32 unum

198 594 124 34 numero
284 594 87 34 non
334 594 136 34 dicitur
432 594 124 34 tantum
519 594 99 34 quod
581 594 87 34 est
630 594 185 34 individuum:
779 594 87 34 sed
828 594 111 34 etiam
890 594 111 34 secunda

204 619 178 36 substantia,
347 619 71 36 ut
382 619 131 36 corpus,
477 619 83 36 vel
525 619 119 36 animal
608 619 119 36 potest
691 619 95 36 dici
751 619 95 36 unum
810 619 131 36 numero.
905 619 107 36 Ensis
964 619 36 36 &

210 656 127 42 gladius
303 656 81 42 est
349 656 104 42 nomen
419 656 139 42 speciei,
523 656 58 42 &
546 656 174 42 nihilominus
685 656 81 42 est
732 656 93 42 unum
790 656 127 42 numero:
882 656 81 42 sic
917 656 81 42 defi-

209 686 103 37 nitio
277 686 57 37 &
300 686 160 37 definitum,
426 686 69 37 ut
460 686 92 37 homo
517 686 57 37 &
540 686 114 37 animal
620 686 160 37 rationale.
746 686 92 37 Etsi
804 686 114 37 Patris
884 686 57 37 &
906 686 103 37 Filii
964 686 34 37 &

208 718 138 42 Spiritus
312 718 115 42 Sancti
393 718 81 42 sit
439 718 81 42 una
485 718 115 42 numero
566 718 150 42 essentia:
681 718 81 42 non
727 718 81 42 est
773 718 104 42 tamen
842 718 81 42 una
877 718 115 42 persona.

230 748 120 44 Instant
317 748 120 44 rursus.
404 748 131 44 Essentia
502 748 98 44 unica
568 748 54 44 &
589 748 152 44 singularis
709 748 76 44 non
753 748 109 44 potest
829 748 87 44 esse
883 748 87 44 nisi
927 748 65 44 uni-

212 786 64 39 ca
244 786 128 39 persona.
340 786 117 39 Patris,
425 786 96 39 Filij
489 786 53 39 &
510 786 128 39 Spiritus
606 786 106 39 Sancti
680 786 128 39 essentia
776 786 74 39 est
819 786 96 39 unica
883 786 64 39 ac
904 786 85 39 singu-

199 819 110 43 laris:
276 819 88 43 Ergo
331 819 121 43 Patris,
420 819 99 43 Filij
486 819 55 43 &
508 819 133 43 Spiritus
608 819 110 43 Sancti
685 819 77 43 non
729 819 110 43 potest
806 819 88 43 esse
861 819 88 43 nisi
906 819 88 43 unica.

181 849 130 54 persona.

233 869 157 47 RESPONP.
351 869 118 47 Major
429 869 183 47 propositio
573 869 144 47 negatur
677 869 157 47 universe
795 869 196 47 intellecta.
939 869 65 47 Nam

203 917 90 41 vera
259 917 79 41 est
304 917 112 41 tantum
382 917 67 41 de
416 917 135 41 essentia
517 917 124 41 finita,
607 917 112 41 qualis
686 917 79 41 est
731 917 135 41 cujusque
832 917 124 41 hominis
910 917 90 41 essen-

206 949 72 37 tia
247 949 62 37 in
278 949 144 37 individuo:
390 949 62 37 at
421 949 123 37 essentia
513 949 133 37 infinita,
616 949 103 37 qualis
688 949 72 37 est
729 949 113 37 divina,
811 949 103 37 potest
882 949 82 37 esse
923 949 72 37 trium

201 981 170 45 personarum:
337 981 79 45 imo
382 981 113 45 revera
461 981 91 45 est,
518 981 102 45 sicut
586 981 147 45 Scriptura
699 981 102 45 Sacra
755 981 125 45 testatur.

238 1013 137 38 OBIECTIO
340 1013 69 38 V.
375 1013 80 38 Si,
420 1013 91 38 quae
478 1013 103 38 Pater
546 1013 114 38 habet,
626 1013 103 38 Filij
695 1013 103 38 sunt;
763 1013 57 38 &
786 1013 91 38 quae
843 1013 103 38 Filij
912 1013 103 38 sunt,

203 1045 114 42 Patris
283 1045 103 42 sunt:
351 1045 80 42 tum
397 1045 149 42 sequitur,
511 1045 114 42 Patrem
592 1045 92 42 esse
649 1045 126 42 Filium,
740 1045 57 42 &
763 1045 114 42 Filium
843 1045 92 42 esse
889 1045 103 42 Patrem.

203 1072 160 41 Antecedens
328 1072 103 41 verum
397 1072 103 41 esse,
466 1072 114 41 firmat
546 1072 172 41 testimonium
683 1072 137 41 Christi,
786 1072 114 41 Johan.
866 1072 80 41 16.
912 1072 69 41 v.
935 1072 57 41 15.

202 1113 109 33 Omnia
275 1113 85 33 qua
323 1113 109 33 Pater
396 1113 122 33 habet,
481 1113 85 33 mea
530 1113 109 33 sunt.
603 1113 73 33 Et
639 1113 97 33 cap.
700 1113 85 33 17.
749 1113 73 33 v.
785 1113 85 33 10.
834 1113 73 33 Et
870 1113 85 33 mea
907 1113 85 33 omnia

205 1148 83 36 tua
253 1148 107 36 sunt:
324 1148 60 36 &
348 1148 95 36 tua,
408 1148 83 36 mea
455 1148 107 36 sunt.
527 1148 107 36 Verum
598 1148 119 36 igitur
682 1148 83 36 est
729 1148 60 36 &
741 1148 155 36 consequens.

232 1177 122 33 RESP.
314 1177 149 33 Negatur
422 1177 149 33 connexi
531 1177 231 33 consequentia.
721 1177 95 33 Tum
775 1177 122 33 demum
856 1177 81 33 ea
883 1177 109 33 conce-

206 1204 134 38 deretur,
306 1204 67 38 si
340 1204 100 38 eadem
407 1204 100 38 esset
474 1204 123 38 persona
563 1204 89 38 dans
619 1204 56 38 &
641 1204 156 38 accipiens.
764 1204 89 38 Etsi
819 1204 112 38 igitur
898 1204 89 38 quae
942 1204 56 38 Pa-

196 1237 78 38 ter
240 1237 112 38 habet,
319 1237 100 38 Filii
386 1237 100 38 sunt:
452 1237 100 38 tamen
519 1237 100 38 Pater
586 1237 67 38 ea
620 1237 100 38 Filio
687 1237 112 38 dedit,
765 1237 56 38 &
787 1237 112 38 Filius
865 1237 56 38 a
888 1237 100 38 Patre
943 1237 45 38 ac

199 1270 113 42 cepit;
278 1270 56 42 &
300 1270 90 42 quia
356 1270 113 42 Filius
435 1270 90 42 est,
491 1270 90 42 ideo
548 1270 135 42 perpetuo
649 1270 68 42 ex
683 1270 101 42 Patre
750 1270 113 42 habet,
829 1270 158 42 quaecunque
942 1270 56 42 ha-

203 1302 85 52 bet.
257 1302 117 52 Proinde
342 1302 85 52 alia
395 1302 75 52 est
438 1302 117 52 persona
523 1302 117 52 Patris,
609 1302 85 52 alia
651 1302 75 52 Filis

233 1334 210 44 OBIECTIOVI.
401 1334 140 44 Filius
499 1334 70 44 &
527 1334 126 44 Pater
611 1334 112 44 sunt
681 1334 126 44 unum:
765 1334 112 44 Ergo
835 1334 112 44 sunt
905 1334 98 44 una
947 1334 42 44 &

211 1378 111 41 tadem
285 1378 148 41 persona.
396 1378 185 41 Assumtionem
544 1378 136 41 probant
643 1378 74 41 eo
680 1378 99 41 quod
741 1378 123 41 Filius
828 1378 111 41 dicit
889 1378 99 41 Johar-

211 1411 87 40 10.
260 1411 74 40 v.
297 1411 87 40 30.
347 1411 87 40 Ego
397 1411 62 40 &
421 1411 112 40 Pater
496 1411 99 40 unum
545 1411 87 40 sumus

232 1421 108 54 RESP.
304 1421 168 54 Propositio
435 1421 120 54 major,
519 1421 96 54 quae
579 1421 156 54 insidiose
699 1421 203 54 dissimulatur,
866 1421 108 54 falsa
926 1421 72 54 est;

200 1473 152 32 nimirum,
314 1473 165 32 Quicunque
441 1473 101 32 sunt
504 1473 114 32 unum,
580 1473 101 32 illi
643 1473 101 32 sunt
707 1473 89 32 una
757 1473 152 32 persona.
871 1473 89 32 Nam
909 1473 89 32 omnes

205 1499 119 37 homines
292 1499 87 37 sunt
346 1499 87 37 unum
400 1499 119 37 specie,
487 1499 65 37 id
519 1499 87 37 est,
574 1499 119 37 essetia
660 1499 65 37 ac
693 1499 119 37 natura:
779 1499 130 37 personae
877 1499 87 37 vero
931 1499 98 37 sunt:

207 1534 161 43 infinitae.
334 1534 81 43 Ita
380 1534 115 43 Filius
461 1534 58 43 &
484 1534 104 43 Pater
553 1534 92 43 sunt
611 1534 104 43 unum,
680 1534 127 43 nimirum
772 1534 138 43 essentia
876 1534 69 43 ac
899 1534 104 43 natura;

202 1565 137 51 personis
304 1565 103 51 autem
373 1565 91 51 sunt
430 1565 137 51 realiter
521 1565 125 51 distincti

242 1589 222 44 OBIECTIOVII.
422 1589 83 44 Si
464 1589 111 44 homo
533 1589 97 44 cum
588 1589 97 44 sua
644 1589 152 44 ratione
755 1589 166 44 verboque
879 1589 83 44 in
907 1589 97 44 anima

210 1629 139 37 concepto
315 1629 81 37 est
361 1629 81 37 una
407 1629 139 37 persona,
512 1629 81 37 non
558 1629 116 37 multae
639 1629 151 37 personae:
755 1629 81 37 tum
801 1629 58 37 &
824 1629 93 37 Deus
882 1629 104 37 Pater
940 1629 58 37 cum

210 1665 104 41 Verbo
280 1665 81 41 suo
326 1665 81 41 est
373 1665 81 41 una
419 1665 139 41 persona.
523 1665 162 41 Antecedens
651 1665 104 41 verum
720 1665 93 41 est:
778 1665 93 41 Ergo
836 1665 58 41 &
847 1665 151 41 consequens.

241 1699 105 39 RESP.
311 1699 140 39 Elenchus
417 1699 82 39 est
685 1699 105 39 .
756 1699 82 39 Non
802 1699 82 39 est
849 1699 94 39 enim
908 1699 82 39 par
943 1699 58 39 ra-

201 1726 85 42 tio
249 1726 109 42 verbi
322 1726 72 42 in
358 1726 109 42 anima
430 1726 133 42 humana,
527 1726 60 42 &
551 1726 109 42 Verbi
624 1726 72 42 in
660 1726 121 42 divina
744 1726 145 42 essentia
853 1726 133 42 geniti.
938 1726 60 42 Nam

210 1762 119 41 verbum
294 1762 72 41 in
329 1762 107 41 mente
401 1762 131 41 hominis
497 1762 167 41 conceptum,
628 1762 84 41 non
676 1762 84 41 est
723 1762 179 41 hypostasis,
867 1762 84 41 non
902 1762 96 41 hyphi-

212 1792 156 35 stamenon
329 1792 156 35 quiddam,
446 1792 91 35 non
498 1792 104 35 homo
563 1792 104 35 apud
627 1792 156 35 hominem,
744 1792 104 35 quum
809 1792 91 35 nec
861 1792 130 35 vivat,
939 1792 65 35 nec

201 1828 163 41 subsistat;
330 1828 117 41 Verbum
411 1828 105 41 autem
482 1828 58 41 a
505 1828 105 41 Patre
575 1828 70 41 in
610 1828 128 41 unitate
703 1828 152 41 essentiae
820 1828 128 41 divinae
902 1828 105 41 genitum

198 1858 81 48 est
245 1858 162 48 hypostasis
372 1858 81 48 seu
546 1858 93 48 apud
604 1858 127 48 Patrem:
696 1858 139 48 realiter
801 1858 93 48 ergo
858 1858 162 48 distinctum
974 1858 35 48 a

197 1892 93 38 Patre.

243 1916 143 49 OUIECTIO
350 1916 107 49 VIII.
422 1916 119 49 Virtus
506 1916 155 49 altissimi
625 1916 84 49 est
673 1916 95 49 ipse
732 1916 119 49 Pater:
816 1916 119 49 Filius
900 1916 84 49 est
935 1916 60 49 vir

207 1954 82 36 tus
254 1954 163 36 altiffimi;
382 1954 58 36 &
406 1954 140 36 Spiritus
511 1954 128 36 Sanctus
604 1954 117 36 itidem
686 1954 82 36 est
733 1954 117 36 virtus
814 1954 163 36 altissimi:
931 1954 70 36 Ergo

211 1985 105 42 Pater
282 1985 82 42 est
328 1985 94 42 ipse
387 1985 117 42 Filius
469 1985 59 42 &
492 1985 140 42 Spiritus
597 1985 140 42 Sanctus.
703 1985 176 42 Assumtionis
843 1985 105 42 prius
902 1985 105 42 membrum

208 2021 137 42 probatur
310 2021 159 42 testimonio
435 2021 102 42 Pauli
503 2021 148 42 Apostoli,
617 2021 80 42 qui
663 2021 68 42 1.
697 2021 114 42 Corin.
776 2021 68 42 1.
811 2021 80 42 24.
856 2021 114 42 vocat.
924 2021 80 42 Chri-

206 2059 101 36 stum
269 2059 88 36 Dei
320 2059 164 36 potentiam
446 2059 76 36 ac
484 2059 88 36 Dei
534 2059 189 36 sapientiam:
686 2059 164 36 posterius
812 2059 139 36 membrum
900 2059 101 36 proba-

208 2089 82 35 tur
255 2089 164 35 testimonio
384 2089 153 35 Gabrielis
502 2089 117 35 Angeli
584 2089 82 35 qui
631 2089 70 35 ad
666 2089 117 35 MARIAM
748 2089 82 35 ait
795 2089 94 35 Luc.
854 2089 70 35 1.
889 2089 82 35 35.
925 2089 70 35 Spi.

210 2122 108 34 ritus
282 2122 132 34 Sanctus
378 2122 180 34 superveniet
523 2122 108 34 inte,
595 2122 60 34 &
619 2122 120 34 virtus
703 2122 156 34 Altissimi
824 2122 168 34 inumbrabit
944 2122 60 34 te.

250 2149 137 36 RESRON.
349 2149 137 36 Negatur
449 2149 212 36 consequentia,
624 2149 100 36 quia
686 2149 100 36 sunt
749 2149 137 36 quatuor
848 2149 137 36 termini
936 2149 62 36 ol-

200 2188 201 37 ambiguitatem
364 2188 126 37 medii.
452 2188 88 37 Nam
502 2188 126 37 virtus
590 2188 163 37 Altissimi
715 2188 75 37 in
753 2188 126 37 majore
841 2188 188 37 propositio

205 2218 69 38 ne
240 2218 161 38 significat
367 2218 104 38 ipsam
436 2218 150 38 essentiam
551 2218 81 38 Dei
597 2218 81 38 seu
644 2218 173 38 essentialem
782 2218 184 38 proprietatem
920 2218 81 38 quae-

213 2240 113 45 reipsa
292 2240 79 45 non
337 2240 124 45 differt
427 2240 68 45 ab
460 2240 146 45 essentia.
573 2240 68 45 In
607 2240 113 45 minore
686 2240 101 45 autem
753 2240 124 45 sumitur
843 2240 180 45 personaliter

211 2277 60 45 &
235 2277 83 45 pro
283 2277 179 45 diversitate
426 2277 131 45 locorum
521 2277 167 45 Scripturae
652 2277 95 45 nunc
712 2277 119 45 Filium
795 2277 95 45 Dei,
855 2277 95 45 nunc
903 2277 95 45 Spiri-

216 2312 82 42 tum
263 2312 129 42 Sanctum
357 2312 176 42 significat,
497 2312 94 42 quia
556 2312 82 42 tum
603 2312 82 42 per
650 2312 129 42 Filium,
743 2312 82 42 tum
790 2312 82 42 per
837 2312 141 42 Spiritum
931 2312 70 42 San-

218 2341 98 46 ctum
279 2341 98 46 Deus
340 2341 110 46 Pater
414 2341 147 46 virtutem
524 2341 98 46 suam
574 2341 110 46 exserit

250 2368 145 49 QBIECTIO
359 2368 85 49 IX.
407 2368 109 49 Verus
480 2368 97 49 Deus
541 2368 85 49 est
589 2368 157 49 Trinitas,
710 2368 73 49 id
747 2368 97 49 est,
807 2368 121 49 Pater,
892 2368 121 49 Filius
965 2368 36 49 &

213 2405 139 46 Spiritus
318 2405 139 46 Sanctus:
422 2405 104 46 Pater
491 2405 81 46 est
538 2405 104 46 verus
607 2405 104 46 Deus:
677 2405 93 46 Ergo
735 2405 104 46 Pater
804 2405 81 46 est
850 2405 151 46 Trinitas,
955 2405 46 46 id

217 2438 89 59 est,
272 2438 111 59 Pater,
350 2438 111 59 Filius
428 2438 56 59 &
450 2438 133 59 Spiritus
539 2438 111 59 Sanctus.

246 2455 116 57 RESP.
323 2455 180 57 Propositio
465 2455 116 57 major
542 2455 218 57 universaliter
722 2455 141 57 accepta
824 2455 90 57 est
876 2455 128 57 falsa.
953 2455 64 57 Non

214 2507 92 40 enim
271 2507 138 40 quicquid
374 2507 80 40 est
420 2507 103 40 verus
489 2507 103 40 Deus,
558 2507 80 40 est
604 2507 149 40 Trinitas;
719 2507 103 40 neque
788 2507 103 40 etiam
857 2507 138 40 quisquis
949 2507 57 40 est

233 2537 98 49 verus
299 2537 98 49 Deus,
364 2537 76 49 est
408 2537 142 49 Trinitas:
517 2537 76 49 sed
560 2537 76 49 vel
604 2537 142 49 Trinitas,
713 2537 76 49 vel
756 2537 109 49 aliqua
833 2537 153 49 Trinitatis
942 2537 65 49 per

216 2575 77 39 sona.

253 2589 81 59 Sic
300 2589 116 59 igitur
381 2589 116 59 Pater,
461 2589 116 59 Filius
542 2589 58 59 &
565 2589 139 59 Spiritus
669 2589 127 59 Sanctus
762 2589 92 59 sunt
820 2589 92 59 unus
877 2589 92 59 Deus
924 2589 92 59 essen-

221 2635 86 45 tia:
275 2635 65 45 ut
308 2635 86 45 sint
362 2635 86 45 tres
416 2635 130 45 personae
513 2635 130 45 realiter
610 2635 97 45 inter
675 2635 65 45 se
707 2635 162 45 distinctae;
837 2635 86 45 quod
891 2635 97 45 nobis
945 2635 65 45 erat

198 2672 226 51 propugnandum.

373 2706 155 56 Conclusio
492 2706 60 56 &
516 2706 203 56 recapitulatio
683 2706 107 56 libri
743 2706 107 56 tertij.

256 2741 205 59 Confirmavimus
425 2741 84 59 hoc
473 2741 109 59 libro
545 2741 133 59 quantum
642 2741 121 59 gratia
726 2741 121 59 divina
811 2741 133 59 largita
907 2741 97 59 est,
956 2741 60 59 ve-

213 2787 80 39 rum
258 2787 103 39 Deum,
327 2787 80 39 qui
373 2787 92 39 unus
430 2787 80 39 est
476 2787 149 39 essentia,
590 2787 92 39 esse
648 2787 92 39 tres
705 2787 137 39 personas
808 2787 137 39 e
911 2787 57 39 &
922 2787 92 39 aequa-

222 2822 91 40 les,
279 2822 137 40 realiter
381 2822 102 40 tamen
449 2822 102 40 inter
518 2822 68 40 se
552 2822 171 40 distinctas,
688 2822 125 40 Patrem,
779 2822 114 40 Filium
859 2822 57 40 &
882 2822 137 40 Spiritum
973 2822 34 40 S

222 2851 97 45 Haec
283 2851 97 45 enim
343 2851 85 45 est
392 2851 109 45 fides
464 2851 170 45 Catholica,
598 2851 73 45 ut
634 2851 97 45 unum
695 2851 97 45 Deum
755 2851 73 45 in
792 2851 170 45 Trinitate;
925 2851 61 45 &
937 2851 73 45 Tri-

218 2889 134 36 nitatem
315 2889 73 36 in
351 2889 134 36 unitate
449 2889 170 36 veneremur,
582 2889 109 36 neque
655 2889 194 36 confundentes
813 2889 158 36 personas,
922 2889 85 36 neque

227 2920 173 37 substantiam
366 2920 173 37 separantes.
504 2920 104 37 Pater
573 2920 81 37 est
619 2920 69 37 id
653 2920 92 37 quod
711 2920 115 37 Filius
791 2920 58 37 &
814 2920 138 37 Spiritus
906 2920 104 37 Sanctus

226 2955 114 39 Filius
306 2955 80 39 est
351 2955 69 39 id
386 2955 92 39 quod
443 2955 103 39 Pater
512 2955 57 39 &
534 2955 137 39 Spiritus
637 2955 137 39 Sanctus,
740 2955 137 39 Spiritus
843 2955 126 39 Sanctus
935 2955 80 39 est
969 2955 46 39 id

225 2984 93 42 quod
283 2984 104 42 Pater
353 2984 58 42 &
376 2984 127 42 Filius:
468 2984 81 42 nec
515 2984 104 42 tamen
584 2984 104 42 Pater
653 2984 81 42 est
700 2984 69 42 is
734 2984 81 42 qui
781 2984 116 42 Filius
862 2984 81 42 aut
896 2984 116 42 Spiritur

230 3017 132 42 Sanctus,
329 3017 77 42 nec
373 3017 110 42 Filius
450 3017 77 42 est
494 3017 66 42 is
527 3017 77 42 qui
571 3017 99 42 Pater
636 3017 77 42 aut
680 3017 132 42 Spiritus
779 3017 132 42 Sanctus,
878 3017 77 42 nec
911 3017 110 42 Spiritus

1025 181 119 53 Sanctus
1111 181 75 53 est
1155 181 65 53 is
1187 181 75 53 qui
1230 181 97 53 Pater
1295 181 75 53 aut
1338 181 119 53 Filius.
1424 181 65 53 5.
1457 181 119 53 1.ilio:
1543 181 108 53 Pater,
1618 181 97 53 alius
1683 181 119 53 Filius,
1759 181 75 53 alius

1048 227 147 38 Spiritus
1158 227 147 38 Sanctus:
1268 227 61 38 &
1293 227 73 38 hi
1329 227 110 38 tamen
1403 227 98 38 tres
1464 227 98 38 sunt
1525 227 98 38 unum
1586 227 86 38 seu
1635 227 98 38 unus
1696 227 110 38 Deus,
1758 227 73 38 unus

1042 259 88 39 ehova.

1078 277 127 54 Proinde
1171 277 81 54 (ut
1217 277 116 54 verbis
1298 277 104 54 beati
1368 277 151 54 Fulgentii
1484 277 69 54 ex
1518 277 104 54 libro
1588 277 69 54 de
1623 277 93 54 fide
1680 277 151 54 orthodoxa
1785 277 46 54 ad

1035 324 127 42 Donatum
1127 324 196 42 recapitulatio
1288 324 92 42 haec
1345 324 184 42 illustretur)
1495 324 196 42 principaliter
1656 324 115 42 teneas
1725 324 104 42 sanctam

1044 358 190 38 Trinitatem,
1196 358 76 38 id
1234 358 101 38 est,
1297 358 126 38 Patrem
1386 358 63 38 &
1411 358 126 38 Filium
1499 358 63 38 &
1525 358 152 38 Spiritum
1638 358 152 38 Sanctum,
1740 358 88 38 natu-

1046 396 146 36 raliter
1152 396 120 36 verum
1232 396 106 36 esse
1299 396 120 36 Deum,
1378 396 133 36 sammum
1472 396 120 36 verum
1551 396 67 36 &
1578 396 133 36 bonum,
1671 396 120 36 unius
1738 396 93 36 natu-

1039 429 86 34 rae,
1093 429 97 34 unius
1158 429 151 34 essentiae,
1276 429 97 34 unius
1341 429 194 34 omnipotentiae,
1503 429 97 34 unius
1567 429 183 34 aeternitatis,
1718 429 97 34 unius
1772 429 54 34 im-

1044 457 196 36 mensitatis.
1201 457 79 36 Ac
1240 457 105 36 sic,
1306 457 105 36 quum
1371 457 105 36 unum
1436 457 105 36 Deum
1502 457 131 36 audis,
1593 457 131 36 Patrem
1685 457 65 36 &
1711 457 131 36 Filium
1790 457 39 36 &

1051 491 145 36 Spiritum
1159 491 145 36 Sanctum,
1268 491 96 36 unam
1328 491 133 36 naturam
1424 491 120 36 summae
1509 491 120 36 illius
1593 491 169 36 Trinitatis
1714 491 120 36 intelli-

1041 522 90 39 ge.
1092 522 77 39 Et
1131 522 102 39 quum
1195 522 179 39 Trinitatem
1336 522 128 39 audis,
1425 522 128 39 Patrem
1515 522 64 39 &
1541 522 128 39 Filium
1630 522 64 39 &
1656 522 154 39 Spiritum
1758 522 77 39 San-

1041 553 108 37 ctum,
1113 553 96 37 tres
1173 553 144 37 personas
1280 553 108 37 unius
1352 553 120 37 summae
1436 553 120 37 illius
1520 553 180 37 diuinitatis
1663 553 144 37 agnosce.
1759 553 72 37 Tres

1051 586 82 35 nim
1098 586 141 35 personae
1204 586 106 35 sunt,
1274 586 106 35 Pater
1344 586 59 35 &
1368 586 117 35 Filius
1450 586 59 35 &
1473 586 141 35 Spiritus
1579 586 141 35 Sanctus,
1684 586 94 35 ideo
1731 586 94 35 Trini-

1046 619 79 41 tas
1091 619 136 41 dicitur.
1193 619 79 41 Sed
1239 619 79 41 una
1284 619 159 41 substantia
1409 619 79 41 est
1454 619 114 41 Patris
1534 619 57 41 &
1557 619 102 41 Filij
1625 619 57 41 &
1647 619 136 41 Spiritus
1738 619 91 41 Sancti

1045 649 91 39 ideo
1102 649 91 39 ipsa
1159 649 137 39 Trinitas
1261 649 91 39 unus
1318 649 91 39 Deus
1375 649 148 39 veraciter
1489 649 57 39 a
1512 649 148 39 fidelibus
1626 649 182 39 praedicatur.
1763 649 68 39 Tres

1038 687 118 36 itaque
1121 687 141 36 personas
1226 687 94 36 esse
1285 687 118 36 Patrem
1368 687 59 36 &
1391 687 118 36 Filium
1473 687 59 36 &
1497 687 141 36 Spiritum
1603 687 141 36 Sanctum,
1709 687 153 36 ostendunt

1046 716 110 40 ipsius
1123 716 121 40 eloquia
1211 716 154 40 veritatis.
1331 716 88 40 Unde
1386 716 132 40 Salvator
1485 716 110 40 noster
1562 716 88 40 ait:
1617 716 77 40 Non
1660 716 77 40 sum
1704 716 110 40 solus,
1770 716 55 40 sed

1054 746 71 41 go
1090 746 59 41 &
1113 746 83 41 qui
1161 746 107 41 misit
1232 746 71 41 me
1267 746 118 41 Pater.
1350 746 71 41 De
1386 746 130 41 Spiritu
1480 746 118 41 Sancto
1563 746 118 41 quoque
1646 746 118 41 dicit:
1729 746 83 41 Ego
1764 746 83 41 roga-

1049 785 77 30 po
1088 785 141 30 Patrem,
1190 785 64 30 &
1216 785 116 30 alium
1293 785 180 30 Paracletum
1434 785 116 30 dabit
1511 785 116 30 vobis
1588 785 154 30 spiritum
1691 785 154 30 veritatis,

1040 815 147 33 Praecepit
1153 815 102 33 etiam
1221 815 147 33 baptizari
1334 815 113 33 gentes
1413 815 68 33 in
1447 815 113 33 nomine
1526 815 113 33 Patris
1605 815 57 33 &
1628 815 102 33 Filij
1695 815 57 33 &
1707 815 124 33 Spiritus.

1036 849 128 34 Sancti.
1129 849 81 34 His
1176 849 116 34 itaque
1258 849 151 34 hujusmodi
1374 849 163 34 testimonis
1502 849 175 34 ostenditur,
1642 849 116 34 Patrem
1723 849 58 34 &
1735 849 93 34 Filiis

1052 874 55 40 &
1074 874 132 40 Spiritum
1173 874 132 40 Sanctum,
1271 874 88 40 tres
1326 874 88 40 esse
1381 874 143 40 personas,
1491 874 77 40 sed
1535 874 77 40 non
1579 874 88 40 tres
1634 874 88 40 esse
1688 874 132 40 naturas.
1776 874 55 40 Un-

1039 912 70 35 de
1074 912 140 35 Trinitas
1180 912 93 35 illa
1238 912 117 35 sancta
1320 912 105 35 digne
1390 912 140 35 creditur
1495 912 70 35 in
1530 912 152 35 personis.
1647 912 93 35 Tres
1705 912 105 35 autem
1764 912 70 35 deos

1044 940 111 39 dici,
1118 940 135 39 Patrem,
1216 940 123 39 Filium
1302 940 62 39 &
1327 940 148 39 Spiritum
1437 940 74 39 S.
1474 940 86 39 non
1523 940 160 39 permittit
1646 940 123 39 unitas
1720 940 111 39 natura-

1045 974 85 39 lis.
1099 974 64 39 Et
1131 974 85 39 quia
1184 974 64 39 in
1216 974 75 39 una
1259 974 107 39 natura
1334 974 160 39 Trinitatis,
1462 974 96 39 nulla
1526 974 107 39 potest
1601 974 85 39 esse
1654 974 160 39 diversitas,
1772 974 53 39 ide

1041 1004 71 42 in
1077 1004 118 42 tribus
1159 1004 141 42 personis
1265 1004 106 42 manet
1335 1004 153 42 inconfusa
1453 1004 176 42 proprietas,
1594 1004 59 42 &
1617 1004 71 42 in
1653 1004 129 42 unitate
1735 1004 94 42 natura

1042 1044 113 37 regnat
1121 1044 226 37 incommutabiliter
1313 1044 192 37 substantialis
1471 1044 169 37 aequalitas.
1606 1044 90 37 Ideo
1663 1044 68 37 de
1697 1044 102 37 Filio
1753 1044 79 37 dici-

1036 1076 93 36 tur.
1095 1076 82 36 Qui
1141 1076 82 36 cum
1188 1076 70 36 in
1223 1076 105 36 forma
1293 1076 82 36 Dei
1340 1076 117 36 esset,
1422 1076 82 36 non
1469 1076 129 36 rapinam
1562 1076 164 36 arbitratus
1691 1076 82 36 est
1738 1076 93 36 esse
1784 1076 47 36 se

1041 1113 148 33 aequalem
1152 1113 99 33 Deo.
1214 1113 74 33 Et
1251 1113 99 33 quia
1313 1113 87 33 non
1362 1113 111 33 solum
1436 1113 148 33 solvebat
1548 1113 161 33 Sabbatum,
1671 1113 87 33 sed
1721 1113 62 33 &
1733 1113 99 33 Patrem

1045 1137 99 37 suum
1107 1137 136 37 dicebat
1206 1137 111 37 Deum,
1280 1137 149 37 aequalem
1391 1137 74 37 se
1428 1137 136 37 faciens
1527 1137 99 37 Deo.
1589 1137 124 37 Adhanc
1663 1137 186 37 aequalitatem?

1045 1172 126 38 naturae
1136 1172 172 38 virtutisque
1273 1172 103 38 etiam
1342 1172 103 38 illud
1411 1172 149 38 pertinet,
1525 1172 92 38 quod
1582 1172 92 38 ipse
1640 1172 114 38 Filius
1720 1172 92 38 ait:
1765 1172 69 38 Quid

1042 1208 156 34 quaecunque
1165 1208 101 34 Pater
1232 1208 112 34 facit,
1310 1208 89 34 haec
1366 1208 101 34 eadem
1433 1208 56 34 &
1455 1208 112 34 Filius
1533 1208 145 34 similiter
1645 1208 112 34 facit.
1723 1208 67 34 Et
1757 1208 101 34 sicut

1045 1239 105 39 Pater
1115 1239 140 39 suscitat
1220 1239 128 39 mortuos
1314 1239 58 39 &
1337 1239 163 39 vivificat,
1465 1239 82 39 sic
1512 1239 58 39 &
1535 1239 117 39 Filius
1617 1239 93 39 quos
1675 1239 93 39 vult
1722 1239 105 39 vivifi-

1042 1268 86 41 cat.
1096 1268 64 41 In
1128 1268 86 41 illa
1182 1268 150 41 Trinitatis
1300 1268 118 41 natura,
1385 1268 75 41 sic
1428 1268 97 41 totum
1493 1268 86 41 unum
1546 1268 86 41 est,
1600 1268 64 41 ut
1632 1268 97 41 nihil
1696 1268 150 41 ibipossit.

1037 1303 130 40 separari
1134 1303 76 40 vel
1178 1303 119 40 dividi:
1264 1303 76 40 sic
1307 1303 97 40 totum
1372 1303 119 40 aequale
1458 1303 86 40 est,
1512 1303 65 40 ut
1545 1303 97 40 nihil
1609 1303 76 40 ibi
1652 1303 97 40 majus
1717 1303 76 40 aut
1750 1303 86 40 minus.

1038 1338 117 36 valeat
1120 1338 152 36 inveniri.
1237 1338 140 36 Trinitas
1341 1338 82 36 est
1388 1338 117 36 itaque
1470 1338 93 36 unus
1528 1338 105 36 solus
1598 1338 128 36 creator
1691 1338 117 36 omnium
1761 1338 70 36 reri

1045 1366 108 44 Deus.
1117 1366 143 44 Trinitas
1224 1366 84 44 est
1272 1366 96 44 unus
1332 1366 108 44 solus
1404 1366 143 44 immensus
1511 1366 179 44 naturaliter
1655 1366 108 44 Deus.
1726 1366 72 44 Ad
1750 1366 84 44 hujus

1054 1401 134 40 maginem
1151 1401 182 40 Trinitatis,
1297 1401 97 40 homo
1357 1401 121 40 factus
1442 1401 182 40 agnoscitur,
1588 1401 73 40 in
1625 1401 109 40 cujus
1697 1401 121 40 nomine
1770 1401 61 40 ba-

1045 1432 158 37 ptizatus,
1166 1432 109 37 denuo
1239 1432 170 37 renovatur.
1373 1432 158 37 Baptizari
1495 1432 109 37 autem
1568 1432 134 37 gentes,
1665 1432 73 37 in
1701 1432 122 37 nomine
1774 1432 61 37 Pa-

1036 1469 89 35 tris
1092 1469 56 35 &
1114 1469 101 35 Filij
1181 1469 56 35 &
1203 1469 134 35 Spiritus
1304 1469 123 35 Sancti,
1393 1469 134 35 Salvator
1494 1469 112 35 noster
1572 1469 134 35 edocuit,
1673 1469 67 35 ut
1706 1469 101 35 sicut
1762 1469 67 35 Tri-

1054 1498 126 37 nitatis
1145 1498 103 37 opere
1214 1498 126 37 initium
1305 1498 171 37 conditionis
1442 1498 160 37 accepimus,
1568 1498 80 37 sic
1614 1498 69 37 in
1648 1498 114 37 nomine
1717 1498 114 37 Trinita-

1054 1528 92 39 eis,
1112 1528 127 39 divinae
1204 1528 161 39 adoptionis
1331 1528 115 39 gratia
1411 1528 92 39 frui
1469 1528 161 39 mereremur.
1596 1528 92 39 Unus
1653 1528 81 39 est
1699 1528 92 39 ergo
1745 1528 81 39 verus

1050 1561 98 38 Deus
1111 1561 110 38 Pater
1184 1561 61 38 &
1208 1561 122 38 Filius
1294 1561 61 38 &
1318 1561 146 38 Spiritus
1428 1561 73 38 S.
1465 1561 85 38 qui
1514 1561 244 38 omnipotentissima
1709 1561 122 38 bonitate

1051 1596 104 27 creat
1121 1596 139 27 homines,
1225 1596 58 27 &
1248 1596 139 27 gratuita
1352 1596 174 27 miseratione
1491 1596 162 27 justificat
1619 1596 174 27 peccatores.
1746 1596 104 27 Praeter

1049 1623 101 44 hunc
1113 1623 101 44 unum
1176 1623 101 44 Deum
1239 1623 114 44 verum
1315 1623 127 44 nullus
1404 1623 89 44 est
1455 1623 114 44 Deus,
1531 1623 101 44 quia
1594 1623 89 44 dum
1645 1623 127 44 dicit:
1721 1623 114 44 Videte.

1050 1660 92 39 quia
1108 1660 81 39 ego
1154 1660 81 39 sum
1200 1660 104 39 Deus,
1270 1660 58 39 &
1293 1660 81 39 non
1339 1660 81 39 est
1385 1660 104 39 alius
1454 1660 127 39 praeter
1547 1660 81 39 me:
1593 1660 104 39 Docet
1662 1660 81 39 nos
1708 1660 58 39 &
1720 1660 115 39 admonet.

1041 1690 111 38 grave
1115 1690 99 38 esse
1177 1690 161 38 peccatum,
1300 1690 74 38 si
1337 1690 99 38 quis
1399 1690 111 38 extra
1473 1690 99 38 unum
1535 1690 99 38 Deum
1597 1690 111 38 alium
1671 1690 136 38 credat.
1757 1690 87 38 Alium

1049 1724 92 35 sine
1106 1724 103 35 dubio
1175 1724 126 35 credit,
1266 1724 138 35 quisquis
1370 1724 69 35 in
1404 1724 103 35 Patre
1473 1724 57 35 &
1496 1724 103 35 Filio
1565 1724 57 35 &
1588 1724 126 35 Spiritu
1679 1724 69 35 S:
1702 1724 138 35 diversitu-

1052 1759 80 35 tem
1097 1759 183 35 diuvinitatis
1246 1759 160 35 existimat,
1372 1759 91 35 quum
1429 1759 91 35 ille
1486 1759 91 35 Deus
1543 1759 80 35 qui
1589 1759 103 35 solus
1657 1759 103 35 habet
1726 1759 103 35 veram
1783 1759 57 35 di-

1050 1789 164 38 vinitatem,
1179 1789 129 38 colendi
1273 1789 141 38 alterius
1378 1789 82 38 Dei
1425 1789 164 38 nullatenus
1554 1789 129 38 tribuat
1648 1789 176 38 facultatem:
1776 1789 59 38 ne-

1056 1823 171 37 Sacramento
1190 1823 183 37 redemtionis
1337 1823 85 37 sit
1385 1823 183 37 aliquatenus
1532 1823 183 37 nominandus,
1678 1823 146 37 quisquis
1776 1823 61 37 at-

1047 1853 113 37 unius
1123 1853 100 37 veri
1185 1853 88 37 Dei
1235 1853 125 37 natura
1323 1853 163 37 invenitur
1449 1853 175 37 extraneus.
1586 1853 163 37 Mysterium
1712 1853 113 37 autem
1774 1853 63 37 re-

1051 1889 148 39 demtionis
1164 1889 125 39 humanae
1255 1889 102 39 nulla
1323 1889 125 39 ratione
1414 1889 170 39 perficitur,
1551 1889 68 39 si
1585 1889 68 39 in
1619 1889 136 39 baptismo
1721 1889 80 39 vel
1755 1889 91 39 Filij.

1053 1921 85 37 vel
1101 1921 145 37 Spiritus
1210 1921 73 37 S.
1246 1921 157 37 vocabulum
1367 1921 181 37 subtrahitur
1512 1921 97 37 Vnus
1573 1921 97 37 Deus
1633 1921 85 37 est
1682 1921 121 37 sancta
1754 1921 97 37 Prini-

1050 1949 93 43 tas,
1109 1949 105 43 Pater
1179 1949 58 43 &
1202 1949 117 43 Filius
1283 1949 58 43 &
1307 1949 140 43 Spiritus
1412 1949 70 43 S.
1447 1949 82 43 Una
1493 1949 82 43 est
1540 1949 117 43 Patris
1622 1949 58 43 &
1645 1949 105 43 Filij
1715 1949 58 43 &
1726 1949 117 43 Spiritus

1056 1982 120 41 Sancti
1140 1982 132 41 natura,
1236 1982 84 41 sed
1284 1982 84 41 non
1332 1982 84 41 una
1380 1982 144 41 persona.
1487 1982 144 41 Proinde,
1595 1982 72 41 ut
1631 1982 132 41 retenta
1715 1982 132 41 veritate.

1055 2017 106 34 possis
1130 2017 149 34 refellere,
1247 2017 75 34 vel
1290 2017 96 34 certe
1353 2017 128 34 respuere
1449 2017 160 34 falsitatem,
1577 2017 64 34 si
1609 2017 85 34 quem
1662 2017 128 34 videris,
1758 2017 75 34 ita
1790 2017 53 34 Pa-

1047 2049 98 36 tris
1108 2049 61 36 &
1133 2049 110 36 Filij
1206 2049 61 36 &
1231 2049 147 36 Spiritus
1341 2049 74 36 S.
1378 2049 98 36 unam
1439 2049 159 36 confiteri
1561 2049 147 36 naturam,
1672 2049 74 36 ut
1708 2049 110 36 velit
1770 2049 74 36 unam

1057 2080 139 36 isserere
1161 2080 150 36 personam,
1277 2080 92 36 noli
1335 2080 173 36 Christianum
1473 2080 162 36 Catholicum
1600 2080 127 36 putare,
1693 2080 81 36 sed
1727 2080 116 36 haereti-

1048 2114 83 35 cum
1095 2114 177 35 Sabellianum
1237 2114 141 35 agnosce.
1343 2114 71 35 Si
1378 2114 94 35 quem
1437 2114 94 35 vero
1496 2114 153 35 audieris,
1614 2114 83 35 ita
1661 2114 94 35 tres
1708 2114 130 35 personas.

1050 2142 118 40 Patris
1133 2142 59 40 &
1156 2142 106 40 Filij
1227 2142 59 40 &
1251 2142 141 40 Spiritus
1357 2142 71 40 S.
1392 2142 130 40 dicere,
1486 2142 71 40 ut
1522 2142 106 40 velit
1592 2142 94 40 tres
1651 2142 130 40 naturas
1734 2142 106 40 istarum

1056 2175 110 37 trium
1129 2175 172 37 personarum
1264 2175 159 37 asserere,
1387 2175 147 37 Arrianum
1497 2175 172 37 haereticum
1632 2175 98 37 sine
1681 2175 159 37 dubitations

1051 2207 163 44 intellige.
1179 2207 105 44 Verum
1249 2207 81 44 est
1295 2207 93 44 enim
1353 2207 93 44 quod
1411 2207 163 44 Sabelliani
1539 2207 70 44 de
1574 2207 116 44 natura
1655 2207 116 44 Patris
1736 2207 58 44 &
1748 2207 93 44 Filij&

1051 2238 128 37 Spiritus
1148 2238 64 37 S.
1180 2238 128 37 credunt,
1276 2238 75 37 sed
1319 2238 107 37 falsum
1394 2238 86 37 est,
1447 2238 86 37 quod
1501 2238 86 37 tres
1554 2238 128 37 personas
1650 2238 86 37 esse
1704 2238 75 37 non
1736 2238 107 37 credunt.

1050 2274 106 34 Verum
1121 2274 82 34 est
1168 2274 117 34 etiam,
1250 2274 94 34 quod
1309 2274 129 34 Arriani
1403 2274 94 34 tres
1461 2274 141 34 personas
1567 2274 117 34 Patris
1649 2274 59 34 &
1673 2274 106 34 Filij
1743 2274 59 34 &
1755 2274 94 34 Spiri-

1056 2302 84 43 tus
1104 2302 72 43 S.
1140 2302 132 43 dicunt,
1236 2302 84 43 sed
1284 2302 120 43 falsum
1368 2302 96 43 est,
1428 2302 96 43 quod
1489 2302 132 43 istarum
1585 2302 108 43 trium
1657 2302 168 43 personarum
1777 2302 72 43 tres

1056 2338 138 39 naturas
1156 2338 175 39 persuadere
1293 2338 188 39 contendunt.
1443 2338 150 39 Perverse
1556 2338 125 39 itaque
1643 2338 138 39 Arriani
1731 2338 113 39 naturam

1059 2368 164 36 Trinitatis
1188 2368 153 36 dividunt,
1306 2368 141 36 personas
1411 2368 164 36 Sabelliani
1541 2368 176 36 confundunt:
1681 2368 82 36 Cum
1728 2368 82 36 ita
1764 2368 70 36 sit.

1053 2405 162 37 unanatura
1177 2405 125 37 Patris
1264 2405 62 37 &
1289 2405 112 37 Filij
1364 2405 62 37 &
1389 2405 150 37 Spiritus
1501 2405 137 37 Sancti,
1601 2405 75 37 ut
1638 2405 87 37 non
1688 2405 87 37 una
1725 2405 125 37 persona:

1054 2435 88 43 quia
1109 2435 88 43 alia
1164 2435 77 43 est
1208 2435 121 43 persona
1296 2435 121 43 Patris,
1384 2435 88 43 alia
1439 2435 110 43 Filij,
1517 2435 88 43 alia
1572 2435 132 43 Spiritus
1671 2435 121 43 Sancti.
1748 2435 99 43 Siquem,

1053 2462 97 37 vero
1113 2462 145 37 videris,
1222 2462 121 37 Patris
1307 2462 121 37 quidem
1392 2462 61 37 &
1416 2462 109 37 Filij
1489 2462 97 37 unam
1549 2462 157 37 confiteri
1670 2462 145 37 nuturam,
1779 2462 85 37 sed

1062 2499 141 38 Spiritus
1168 2499 71 38 S.
1203 2499 129 38 alteram
1297 2499 165 38 praedicare
1427 2499 188 38 substantiam,
1580 2499 71 38 ut
1615 2499 141 38 aequalem
1721 2499 118 38 quidem
1791 2499 59 38 di-

1063 2531 84 39 cat
1111 2531 108 39 Patri
1183 2531 133 39 Filium,
1280 2531 60 39 &
1304 2531 108 39 solum
1376 2531 133 39 minorem
1473 2531 133 39 asserat
1569 2531 145 39 Spiritum
1677 2531 145 39 Sanctum,
1774 2531 72 39 iste

1054 2563 78 33 non
1099 2563 101 33 tenet
1166 2563 146 33 Catholica
1278 2563 101 33 fidei
1345 2563 157 33 veritatem,
1468 2563 78 33 sed
1513 2563 168 33 Macedoniana
1648 2563 146 33 perfidiae
1748 2563 90 33 secta-

1056 2592 82 41 tur
1103 2592 140 41 errorem.
1208 2592 128 41 Proinde
1301 2592 93 41 quia
1360 2592 82 41 non
1406 2592 82 41 est
1453 2592 163 41 Catholicus
1582 2592 187 41 Christianus,
1733 2592 82 41 sed
1768 2592 82 41 Mace-

1059 2626 125 40 donianus
1153 2626 146 40 haereticus
1267 2626 84 40 est,
1320 2626 63 40 ab
1351 2626 115 40 omnibus
1434 2626 73 40 est
1466 2626 125 40 fidelibus.

1079 2653 90 45 Sed
1131 2653 180 45 Trinitatem
1272 2653 206 45 Omnipotentem
1439 2653 103 45 quis
1504 2653 193 45 intelligit?
1658 2653 64 45 O
1671 2653 167 45 ineffabilis

1056 2685 140 45 Trinitas
1161 2685 70 45 (o
1196 2685 198 45 indivisibilis
1360 2685 128 45 Unitas!
1453 2685 70 45 Tu
1488 2685 82 45 nos
1535 2685 93 45 doce
1593 2685 70 45 de
1628 2685 82 45 re,
1675 2685 70 45 ut
1698 2685 152 45 cognoscamus

1060 2725 65 37 te
1093 2725 76 37 per
1136 2725 76 37 te,
1180 2725 76 37 qui
1223 2725 76 37 non
1267 2725 98 37 potes
1332 2725 130 37 cognosci
1430 2725 87 37 nisi
1484 2725 120 37 docente
1571 2725 76 37 te,
1615 2725 87 37 Tibi
1669 2725 120 37 gratias
1745 2725 87 37 agimus

1053 2756 96 38 tibi
1113 2756 120 38 laudes
1197 2756 132 38 dicimus
1292 2756 96 38 vera
1352 2756 60 38 &
1376 2756 84 38 una
1424 2756 156 38 Trinitas;
1544 2756 84 38 una
1592 2756 60 38 &
1616 2756 108 38 summa
1687 2756 132 38 Deitas,
1771 2756 72 38 san-

1063 2787 78 37 cta
1107 2787 56 37 &
1130 2787 78 37 una
1174 2787 122 37 unitas.
1263 2787 122 37 Laudant
1352 2787 67 37 te
1385 2787 111 37 Sancti
1463 2787 122 37 Angeli,
1551 2787 144 37 celebrant
1662 2787 67 37 te
1685 2787 155 37 Patriarchaer

1066 2819 161 39 Prophetae,
1193 2819 150 39 Apostoli;
1308 2819 196 39 Evangelistae;
1470 2819 138 39 Martyres
1573 2819 58 39 &
1597 2819 173 39 Confessores
1735 2819 104 39 beati
1792 2819 58 39 jam

1056 2851 70 37 in
1091 2851 106 37 coelo
1162 2851 200 37 triumphantes;
1326 2851 82 37 cum
1373 2851 117 37 quibus
1455 2851 59 37 &
1479 2851 94 37 nos,
1538 2851 106 37 adhuc
1608 2851 70 37 in
1643 2851 106 37 terra
1714 2851 106 37 bonam
1772 2851 59 37 mi-

1053 2885 118 43 ditiam
1136 2885 176 43 militantes,
1277 2885 141 43 fidemque
1382 2885 59 43 &
1406 2885 106 43 bonam
1477 2885 188 43 conscientiam
1629 2885 165 43 retinentes
1747 2885 94 43 gratis

1099 2913 114 47 animis
1178 2913 137 47 canimus;
1281 2913 137 47 Sanctus,
1383 2913 137 47 sanctus,
1486 2913 125 47 sanctus
1577 2913 80 47 est
1622 2913 114 47 Jehova
1691 2913 102 47 exerci-

1224 2950 107 44 tuum:
1295 2950 119 44 implet
1379 2950 107 44 totam
1450 2950 119 44 terram
1533 2950 119 44 gloria
1605 2950 83 44 ejus,

1339 2981 173 37 AMEN
