2063 3484
634 262 749 70 SYNTAGMATIS

227 329 987 111 THEOLOGIAE
932 329 917 111 CHRISLIANAE

679 407 422 74 LIBER
914 407 469 74 QVARTUS,

980 475 145 67 Qui
1042 475 104 67 est

358 523 323 78 DE
520 523 646 78 OPERIBVS
1004 523 377 78 DEI
1166 523 538 78 INTERNIS

796 594 332 49 CAPUT
980 594 295 49 PRIMUM

757 635 107 60 In
811 635 124 60 quo
882 635 107 60 de
935 635 213 60 operibus
1095 635 124 60 Dei
1166 635 107 60 in
1201 635 160 60 genere:

611 691 179 66 Hactenus
746 691 120 66 fuit
820 691 90 66 de
865 691 179 66 essentia
1000 691 120 66 Dei:
1074 691 179 66 sequitur
1209 691 90 66 de
1254 691 179 66 operibus
1373 691 135 66 ipsius.

525 747 100 63 PUS
582 747 114 63 DEI,
653 747 100 63 est
710 747 171 63 quicquid
838 747 114 63 Deus
895 747 156 63 operatur:

536 792 141 57 propter
639 792 103 57 suam
690 792 116 57 gloriam

558 814 181 58 Definitum
697 814 111 58 Opus
767 814 111 58 Dei,
836 814 97 58 est
878 814 153 58 ambiguum.

535 859 90 43 Nam
586 859 154 43 interdum
702 859 141 43 dicitur
804 859 103 43 opus
868 859 103 43 Dei,
932 859 77 43 id
958 859 77 43 quod

541 887 99 56 Deus
603 887 124 56 exigit
689 887 62 56 a
714 887 111 56 nobis
788 887 74 56 eo
825 887 99 56 quod
887 887 99 56 ipsi
937 887 99 56 gratum

534 929 91 41 sit:
591 929 103 41 velut
659 929 114 41 Johan.
739 929 68 41 6.
773 929 80 41 28.
818 929 137 41 Dixerunt
921 929 114 41 Iudaei
989 929 46 41 ad

543 960 163 42 Christum:
668 960 100 42 quid
730 960 150 42 faciemus
843 960 75 42 ut
880 960 150 42 operemur
980 960 50 42 o-

539 998 92 41 pera
596 998 92 41 Dei?
653 998 149 41 Respondit
768 998 103 41 Iesus
837 998 57 41 &
860 998 103 41 dixit
929 998 92 41 eis:
975 998 57 41 Hoc

534 1021 102 46 illud
602 1021 79 46 est
647 1021 90 46 opus
703 1021 90 46 Dei,
760 1021 68 46 ut
794 1021 136 46 credatis
895 1021 68 46 in
929 1021 79 46 eum
963 1021 68 46 quem

530 1058 110 44 ille
599 1058 138 44 misit.
696 1058 96 44 Hoc
751 1058 110 44 enim
820 1058 110 44 loco
888 1058 110 44 opus
957 1058 96 44 Dei
999 1058 41 44 a

230 1095 133 42 Christo
327 1095 133 42 vocatur
424 1095 97 42 quod
484 1095 97 42 Deus
545 1095 61 42 a
569 1095 109 42 nobis
642 1095 158 42 flagitat.
763 1095 85 42 Sic
812 1095 97 42 Joh.
872 1095 73 42 4.
909 1095 85 42 30.
945 1095 97 42 JESUS:

237 1129 92 42 Esca
294 1129 80 42 mea
340 1129 80 42 est
386 1129 126 42 exsequi
477 1129 160 42 voluntatem
603 1129 92 42 ejus
661 1129 80 42 qui
707 1129 103 42 misit
775 1129 80 42 me,
821 1129 57 42 &
844 1129 149 42 perficere
947 1129 92 42 ipsius

243 1163 106 49 opus,
314 1163 83 49 hoc
361 1163 95 49 est,
420 1163 71 49 ab
456 1163 95 49 ipso
515 1163 95 49 mihi
574 1163 154 49 mandatum;
692 1163 95 49 quod
751 1163 95 49 opus
810 1163 95 49 erat
870 1163 154 49 promovere
976 1163 59 49 re-

238 1198 97 48 gnum
298 1198 97 48 Dei,
359 1198 121 48 animas
444 1198 145 48 perditas
553 1198 73 48 in
589 1198 109 48 vitam
662 1198 182 48 restituere,
808 1198 145 48 spargere
917 1198 109 48 lucem
977 1198 61 48 Ev-

240 1230 140 40 angelii,
345 1230 128 40 salutem
438 1230 128 40 afferre
532 1230 116 40 mundo.
613 1230 82 40 Sic
660 1230 93 40 opus
718 1230 116 40 Domini
799 1230 175 40 appellatur,
928 1230 116 40 ministe-

239 1258 90 47 rium
295 1258 90 47 quod
352 1258 57 47 a
374 1258 113 47 Domino
453 1258 79 47 est
499 1258 113 47 servis
578 1258 113 47 ipsius
657 1258 158 47 injunctum.
781 1258 68 47 1.
815 1258 136 47 Corinth.
917 1258 79 47 15.
962 1258 102 47 vers.

236 1296 78 48 58.
280 1296 122 48 Fratres
369 1296 78 48 mei
414 1296 122 48 dilecti
503 1296 134 48 stabiles
603 1296 122 48 estote,
692 1296 122 48 immoti,
781 1296 145 48 eminentes
892 1296 67 48 in
926 1296 100 48 opere
981 1296 56 48 Do-

239 1320 99 52 mini
301 1320 137 52 semper,
400 1320 99 52 quum
462 1320 137 52 sciatis
562 1320 137 52 laborem
661 1320 137 52 vestrum
760 1320 87 52 non
810 1320 99 52 esse
872 1320 124 52 inanem
959 1320 75 52 in
984 1320 62 52 Do-

242 1362 102 40 mino.
310 1362 68 40 Et
344 1362 91 40 cap.
401 1362 79 40 16.
446 1362 79 40 10.
491 1362 91 40 Quod
548 1362 68 40 si
582 1362 125 40 venerit
673 1362 159 40 Timotheus,
798 1362 113 40 videte
877 1362 68 40 ut
911 1362 91 40 sine
957 1362 79 40 metis

238 1391 85 49 sit
286 1391 97 49 apud
347 1391 97 49 vos,
407 1391 97 49 opus
468 1391 97 49 enim
528 1391 121 49 Domini
613 1391 145 49 operatur
722 1391 73 49 ut
759 1391 61 49 &
783 1391 97 49 ego.
843 1391 145 49 Interdum
952 1391 97 49 vero
1001 1391 36 49 &

242 1428 120 47 quidem
326 1428 217 47 frequentissime
507 1428 96 47 opus
567 1428 84 47 Dei
615 1428 145 47 dicitur,
724 1428 96 47 quod
784 1428 96 47 Deus
844 1428 96 47 ipse
904 1428 157 47 operatur.

238 1463 75 46 Ac
276 1463 75 46 de
314 1463 88 46 hoc
364 1463 101 46 jam,
427 1463 88 46 Deo
477 1463 201 46 benedicente,
641 1463 88 46 est
678 1463 126 46 agendum.

280 1481 141 53 Caeterum
386 1481 71 53 in
421 1481 176 53 definitione
563 1481 118 53 operis
645 1481 94 53 Dei,
704 1481 106 53 primo
774 1481 106 53 genus
845 1481 82 53 non
892 1481 82 53 est
927 1481 118 53 positum:

248 1524 91 49 quia
305 1524 114 49 nullum
384 1524 91 49 est.
441 1524 68 49 Ut
475 1524 91 49 enim
532 1524 80 49 Dei
578 1524 102 49 genus
646 1524 91 49 dari
703 1524 114 49 nullum
782 1524 125 49 potest;
873 1524 80 49 ita
919 1524 80 49 nec
953 1524 91 49 operis

247 1562 102 40 ejus:
315 1562 79 40 sed
360 1562 91 40 loco
417 1562 125 40 generis
508 1562 113 40 posita
587 1562 79 40 est
632 1562 79 40 vox
678 1562 148 40 quicquid:
791 1562 91 40 quam
848 1562 182 40 intelligitur
984 1562 57 40 tum

245 1591 104 41 omnis
315 1591 104 41 actio
384 1591 93 41 seum
442 1591 139 41 operatio
546 1591 127 41 interna
639 1591 81 41 vel
685 1591 139 41 externa;
789 1591 81 41 tum
836 1591 104 41 omnis
905 1591 81 41 res
940 1591 104 41 actione

248 1629 61 45 &
272 1629 170 45 operatione
405 1629 158 45 producta.
527 1629 121 45 Deinde
612 1629 158 45 definitio
733 1629 133 45 ostedit
830 1629 121 45 operis
915 1629 85 45 Dei
951 1629 97 45 causam

244 1655 187 52 efficientem
393 1655 62 52 &
405 1655 100 52 finem.

286 1675 99 65 Causa
352 1675 143 65 efficiens
462 1675 110 65 operis
539 1675 88 65 Dei,
594 1675 77 65 est
638 1675 99 65 Deus,
704 1675 77 65 qui
748 1675 66 65 id
781 1675 132 65 operatus
880 1675 77 65 est
924 1675 77 65 aut
957 1675 77 65 opera

248 1728 99 44 tur.
310 1728 112 44 Finis
384 1728 112 44 autem
459 1728 124 44 summus
546 1728 62 44 &
571 1728 224 44 o
757 1728 87 44 est
807 1728 124 44 gloria
894 1728 99 44 Dei,
956 1728 75 44 ad
980 1728 75 44 quam

250 1764 102 39 omnia
318 1764 148 39 pertinent
431 1764 57 39 &
454 1764 170 39 diriguntur,
590 1764 68 39 ut
624 1764 136 39 subjecta
726 1764 159 39 testimonia
851 1764 125 39 docent.
942 1764 102 39 Psal.
999 1764 45 39 8.

247 1797 99 37 2,3.
309 1797 124 37 Iehova
395 1797 124 37 Domine
482 1797 136 37 noster,
581 1797 99 37 quam
643 1797 174 37 magnificum
780 1797 87 37 est
829 1797 112 37 nomen
904 1797 99 37 tuum
966 1797 74 37 in
990 1797 50 37 u-

241 1830 133 37 niversa
338 1830 121 37 terra,
422 1830 85 37 cui
470 1830 133 37 exponis
567 1830 217 37 supercoelestem
748 1830 133 37 decorem
845 1830 109 37 tuum.
917 1830 109 37 Abore
978 1830 60 37 in-

236 1863 135 41 fantium
334 1863 61 41 &
358 1863 171 41 lactentium
493 1863 147 41 fundatam
603 1863 184 41 disposuisti
750 1863 135 41 laudem;
848 1863 135 41 propter
934 1863 110 41 hostes.

242 1892 103 42 tuos,
310 1892 69 42 ad
345 1892 183 42 compescendum
494 1892 138 42 inimicum
597 1892 57 42 &
620 1892 126 42 ultorem
712 1892 92 42 sui,
769 1892 80 42 hoc
815 1892 92 42 est,
872 1892 92 42 inde
929 1892 57 42 a
941 1892 103 42 tenuis-

234 1927 93 36 simo
293 1927 93 36 illo
351 1927 128 36 exordio
444 1927 128 36 humanae
537 1927 116 36 vitae,
619 1927 105 36 etiam
689 1927 70 36 in
724 1927 175 36 perpusillis
863 1927 58 36 &
887 1927 116 36 recens
956 1927 82 36 natis

233 1960 159 36 infantibus
357 1960 102 36 usque
425 1960 68 36 ad
460 1960 113 36 exitum
539 1960 102 36 hujus
607 1960 102 36 vitae
675 1960 113 36 gloria
754 1960 79 36 Dei
800 1960 113 36 semper
879 1960 181 36 illustratur,

230 1993 106 36 idque
301 1993 71 36 ad
336 1993 188 36 confundendos
489 1993 118 36 pudore
571 1993 118 36 hostes
654 1993 82 36 Dei
701 1993 59 36 &
724 1993 153 36 inimicos,
842 1993 82 36 qui
889 1993 94 36 suae
936 1993 106 36 gloriae

239 2025 152 42 studiosi,
356 2025 128 42 gloriam
449 2025 82 42 Dei
496 2025 152 42 impedire,
613 2025 128 42 quantum
706 2025 70 42 in
741 2025 105 42 ipsis
811 2025 93 42 est,
869 2025 152 42 conantur;
974 2025 70 42 quem

233 2058 130 37 admodum
328 2058 154 37 Pharisaei
446 2058 178 37 conabantur,
588 2058 107 37 aegre
659 2058 154 37 ferentes,
778 2058 95 37 quod
837 2058 154 37 discipuli
955 2058 59 37 &
967 2058 59 37 in-

237 2086 117 42 fantes
319 2086 128 42 Christo
412 2086 187 42 acclamarent,
564 2086 128 42 Hosanna
657 2086 105 42 filio
727 2086 117 42 David,
809 2086 163 42 Benedictus
937 2086 82 42 qui
972 2086 58 42 ve-

227 2125 76 43 nit
271 2125 65 43 in
303 2125 109 43 nomine
380 2125 120 43 Domini,
467 2125 65 43 ut
500 2125 120 43 legitur
587 2125 98 43 Matt.
652 2125 76 43 21.
696 2125 76 43 15,
740 2125 76 43 16.
783 2125 76 43 Ps.
827 2125 76 43 19.
870 2125 65 43 2.
903 2125 98 43 Coeli
958 2125 76 43 enar-

220 2158 100 41 rant
282 2158 138 41 gloriam
382 2158 88 41 Dei
432 2158 63 41 &
457 2158 100 41 opus
520 2158 125 41 manuum
607 2158 100 41 ejus
670 2158 138 41 indicat
770 2158 150 41 expansum
882 2158 125 41 eorum.
957 2158 75 41 Psa.

226 2190 100 44 104.
288 2190 138 44 Benedic
388 2190 113 44 anima
463 2190 88 44 mea
513 2190 150 44 Iehovae,
626 2190 125 44 Iehova
713 2190 100 44 Deus
776 2190 88 44 mi,
826 2190 125 44 magnus
913 2190 75 44 es
938 2190 100 44 valde;

225 2221 134 44 decorum
322 2221 61 44 &
346 2221 170 44 majestatem
480 2221 158 44 induisti.
602 2221 109 44 Prov.
674 2221 85 44 14.
723 2221 73 44 4.
760 2221 109 44 Omnes
832 2221 97 44 (uel
893 2221 122 44 omnia)
966 2221 73 44 ope-

223 2257 105 43 ratus
293 2257 82 43 est
340 2257 116 43 Iehova
421 2257 128 43 propter
515 2257 82 43 se,
561 2257 140 43 etiamque
666 2257 140 43 improbum
771 2257 70 43 ad
806 2257 93 43 diem
864 2257 105 43 mali.
922 2257 105 43 Propter

230 2286 83 46 se,
278 2286 83 46 hoc
325 2286 95 46 est,
385 2286 131 46 propter
480 2286 95 46 suam
539 2286 143 46 gloriam,
646 2286 107 46 Jesa.
718 2286 83 46 48.
765 2286 71 46 9.
801 2286 131 46 Propter
896 2286 107 46 nomen
956 2286 71 46 meum

214 2323 179 41 longanimis
355 2323 102 41 ero,
418 2323 64 41 &
444 2323 128 41 laudem
533 2323 102 41 meam
597 2323 179 41 obsignatam
737 2323 166 41 asservabo
865 2323 115 41 tibi,
942 2323 77 41 ut
967 2323 64 41 non

215 2352 146 45 exscindam
327 2352 79 45 te.
372 2352 67 45 Et
406 2352 67 45 v.
439 2352 79 45 11.
484 2352 124 45 Propter
574 2352 79 45 me,
619 2352 124 45 propter
709 2352 67 45 me
743 2352 124 45 faciam.
833 2352 79 45 Ro.
878 2352 67 45 1.
911 2352 67 45 v.
945 2352 79 45 20,
979 2352 56 45 21.

222 2391 117 37 Ipsius
304 2391 94 37 enim
363 2391 176 37 invisibilia
504 2391 82 37 jam
551 2391 94 37 inde
610 2391 59 37 a
633 2391 129 37 condito
727 2391 106 37 mundo
797 2391 70 37 ex
833 2391 106 37 rebus
903 2391 117 37 factis
973 2391 59 37 in-

218 2424 139 42 tellecta
323 2424 186 42 pervidentur,
474 2424 116 42 aterna
555 2424 151 42 videlicet
671 2424 105 42 ejus,
741 2424 81 42 tum
788 2424 151 42 potentia,
904 2424 81 42 tum
939 2424 81 42 divi-

227 2460 121 40 nitas:
311 2460 72 40 ad
348 2460 85 40 hoc
396 2460 72 40 ut
432 2460 97 40 sint
493 2460 217 40 inexcusabiles.
674 2460 157 40 Propterea
795 2460 97 40 quod
855 2460 97 40 quum
915 2460 97 40 Deum
964 2460 60 40 co-

226 2491 164 43 gnoverint,
355 2491 105 43 tamen
425 2491 70 43 ut
460 2491 93 43 Deum
518 2491 82 43 non
565 2491 234 43 glorificaverunt,
764 2491 105 43 neque
834 2491 129 43 gratias
928 2491 70 43 ei
951 2491 70 43 ege-

219 2526 111 42 runt.
292 2526 74 42 Ex
329 2526 123 42 quibus
415 2526 111 42 Pauli
489 2526 123 42 verbis
575 2526 135 42 promtum
674 2526 86 42 est
723 2526 172 42 colligere,
858 2526 98 42 Deum
920 2526 74 42 ex
944 2526 74 42 ope-

230 2555 102 55 ribus
298 2555 90 55 suis
354 2555 147 55 cognosci,
467 2555 68 55 ut
501 2555 192 55 glorificetur:
659 2555 124 55 Proinde
750 2555 113 55 operum
829 2555 79 55 Dei
874 2555 102 55 finis
931 2555 90 55 supre-

222 2587 93 45 mus,
280 2587 81 45 est
327 2587 116 45 gloria
396 2587 70 45 Dei.

257 2617 108 44 Quod
324 2617 108 44 vero
391 2617 162 44 dicitur,
512 2617 108 44 Deum
580 2617 108 44 esse
647 2617 121 44 finem
728 2617 135 44 operum
822 2617 135 44 suorum
903 2617 121 44 omnium.

210 2658 123 40 eodem
292 2658 137 40 redit.
388 2658 96 40 Nam
443 2658 96 40 non
497 2658 150 40 debemus
607 2658 123 40 animo
688 2658 164 40 fingere,
811 2658 109 40 Deum
880 2658 109 40 esse
934 2658 96 40 talem

209 2687 109 38 finem,
285 2687 76 38 qui
329 2687 65 38 ex
362 2687 76 38 iis
405 2687 109 38 rebus,
481 2687 87 38 quae
536 2687 65 38 ad
569 2687 98 38 finem
634 2687 142 38 spectant,
743 2687 174 38 perficiatur,
884 2687 98 38 sicut
939 2687 87 38 beati-

214 2721 93 40 tas,
273 2721 82 40 dum
319 2721 70 40 in
354 2721 105 40 nobis
425 2721 175 40 acquititur,
565 2721 164 40 quodammodo
693 2721 175 40 perficitur,
833 2721 82 40 hoc
880 2721 93 40 est,
927 2721 105 40 consit.

221 2753 72 40 in
257 2753 119 40 nobis,
340 2753 84 40 per
388 2753 119 40 debita
472 2753 96 40 illa
532 2753 119 40 media,
615 2753 96 40 quae
675 2753 72 40 ad
711 2753 107 40 illam
782 2753 143 40 habendam
878 2753 155 40 necessaria.

217 2786 106 40 sunt.
288 2786 165 40 Alimentum,
417 2786 129 40 somnus,
511 2786 59 40 &
535 2786 94 40 alia
594 2786 118 40 multa,
676 2786 94 40 quia
735 2786 94 40 sunt
794 2786 106 40 media
864 2786 71 40 ad
900 2786 94 40 vita
947 2786 82 40 prae-

219 2819 117 42 sentem
301 2819 198 42 conservandam:
464 2819 93 42 ideo
522 2819 93 42 haec
581 2819 163 42 perficitur
709 2819 70 42 in
744 2819 105 42 nobis
814 2819 82 42 per
860 2819 105 42 illa.
930 2819 82 42 Non
965 2819 70 42 ita-

214 2852 72 41 se
250 2852 108 41 habet
322 2852 84 41 res
370 2852 72 41 in
406 2852 96 41 Deo,
467 2852 84 41 sed
515 2852 132 41 contra;
611 2852 84 41 nam
659 2852 108 41 omnia
731 2852 108 41 media
803 2852 168 41 ordinantur
936 2852 72 41 ad
960 2852 72 41 hunc

217 2886 110 44 finem,
294 2886 66 44 ut
327 2886 88 44 ipsa
383 2886 55 44 a
405 2886 99 44 fine,
471 2886 77 44 hoc
515 2886 88 44 est,
570 2886 55 44 a
592 2886 77 44 Deo
637 2886 188 44 perficiantur.
791 2886 99 44 Quare
857 2886 88 44 Deus
913 2886 77 44 non
957 2886 99 44 vult.

220 2918 86 44 nec
269 2918 111 44 facit
343 2918 148 44 quicquam
454 2918 136 44 propter
553 2918 86 44 se,
603 2918 111 44 nempe
677 2918 198 44 perficiendum
837 2918 99 44 (sic
899 2918 99 44 enim
949 2918 86 44 haec-

227 2952 112 39 vellet
305 2952 56 39 &
327 2952 123 39 faceret
417 2952 101 39 egens
484 2952 56 39 &
506 2952 179 39 necessario,)
652 2952 78 39 sed
697 2952 78 39 iis
741 2952 134 39 omnibus,
842 2952 89 39 quae
898 2952 89 39 vult
954 2952 56 39 &
965 2952 56 39 fa-

221 2983 92 44 cit,
279 2983 196 44 communicandum
440 2983 58 44 &
463 2983 127 44 gloriam
555 2983 92 44 suae
613 2983 161 44 sapientiae
739 2983 58 44 &
762 2983 150 44 bonitatis
877 2983 69 44 in
912 2983 104 44 illis
969 2983 58 44 re-

221 3012 92 60 ipsa
278 3012 183 60 declarandam.
427 3012 92 60 Ideo
484 3012 92 60 quum
542 3012 92 60 Deus
599 3012 126 60 aliquid
691 3012 115 60 facit,
771 3012 103 60 nihil
840 3012 92 60 sibi
897 3012 149 60 acquirit,

215 3047 79 40 sed
260 3047 68 40 se
294 3047 56 40 &
316 3047 79 40 sua
361 3047 102 40 nobis
429 3047 113 40 donat:
508 3047 90 40 unde
564 3047 56 40 &
587 3047 102 40 solus
655 3047 90 40 vere
711 3047 147 40 liberalis
813 3047 56 40 est

255 3079 145 46 Operatio
364 3079 85 46 Dei
412 3079 85 46 non
461 3079 85 46 est
509 3079 121 46 motus:
594 3079 97 46 quia
655 3079 73 46 si
691 3079 109 46 esset
764 3079 121 46 motus,
848 3079 97 46 Deus
909 3079 85 46 non
945 3079 85 46 esset

218 3103 206 62 immutabilis.
385 3103 90 62 Nam
437 3103 103 62 quod
501 3103 154 62 movetur,
617 3103 90 62 non
668 3103 90 62 est
719 3103 193 62 immutabile.
874 3103 103 62 Unde
925 3103 90 62 Chry-

220 3143 154 52 sostomus
335 3143 102 52 ait,
399 3143 102 52 Deum
463 3143 77 52 ne
502 3143 128 52 moveri
591 3143 115 52 quide
668 3143 77 52 eo
707 3143 102 52 motu
771 3143 90 52 quo
822 3143 115 52 omnes
886 3143 128 52 moventur

221 3177 128 49 homilia
315 3177 117 49 quinta
396 3177 70 49 in
431 3177 105 49 caput
501 3177 140 49 secundum
607 3177 152 49 epistolae
723 3177 105 49 Pauli
793 3177 70 49 ad
817 3177 163 49 Colossenses.

260 3208 97 61 Opera
325 3208 75 61 Dei
368 3208 139 61 afficiunt
475 3208 86 61 pios
528 3208 139 61 laetitia,
636 3208 107 61 Psalm.
711 3208 75 61 92.
754 3208 64 61 5.
786 3208 86 61 Quid
840 3208 129 61 laetitia
925 3208 97 61 afficis

1064 739 83 57 me,
1112 739 130 57 Iehova,
1206 739 107 57 opere
1278 739 95 57 tuo,
1337 739 71 57 de
1372 739 119 57 factis
1455 739 119 57 manuum
1538 739 119 57 tuarum
1621 739 142 57 cantabo.
1728 739 107 57 Psal.
1799 739 95 57 111.
1847 739 47 57 2.

1070 795 101 34 Opera
1137 795 78 34 Dei
1182 795 146 34 quaesita,
1294 795 67 34 id
1328 795 90 34 est,
1384 795 134 34 exposita
1484 795 90 34 sunt
1540 795 134 34 omnibus,
1641 795 78 34 qui
1686 795 168 34 delectantur
1809 795 90 34 illis,

1067 821 69 39 id
1102 821 92 39 est,
1160 821 104 39 piis.
1229 821 138 39 Excitant
1332 821 150 39 afflictos
1447 821 69 39 ad
1482 821 161 39 invocandum
1608 821 104 39 Deum.
1677 821 92 39 Psa.
1735 821 92 39 143.
1792 821 69 39 v.
1827 821 69 39 5,
1850 821 46 39 6.

1075 855 163 39 Recordans
1201 855 125 39 dierum
1289 855 175 39 priscorum,
1426 855 150 39 meditans
1539 855 113 39 totum
1614 855 100 39 opus
1677 855 113 39 tuum,
1752 855 125 39 factum
1827 855 63 39 ma-

1071 891 102 40 nuum
1135 891 128 40 tuarum
1225 891 166 40 recolens,
1352 891 115 40 Pando
1429 891 115 40 manus
1506 891 102 40 meas
1570 891 77 40 ad
1608 891 89 40 te,
1659 891 115 40 anima
1736 891 102 40 mea,
1800 891 77 40 ut
1825 891 77 40 ter-

1114 925 110 42 fessa,
1191 925 132 42 sitiente
1291 925 77 42 tui
1324 925 88 42 maxime

1108 948 104 48 Sunt
1173 948 130 48 Magna,
1264 948 91 48 Ps.
1316 948 91 48 92.
1368 948 65 48 6
1394 948 104 48 Quam
1459 948 117 48 magna
1538 948 104 48 sunt
1603 948 117 48 facta
1681 948 104 48 tua,
1733 948 169 48 Iehovasval-

1076 983 68 51 de
1110 983 146 51 profundae
1222 983 90 51 sunt
1278 983 180 51 cogitationes
1425 983 101 51 tuae.
1492 983 68 51 Et
1526 983 79 51 Ps.
1571 983 90 51 111.
1627 983 68 51 2.
1661 983 101 51 Magna
1728 983 101 51 opera
1785 983 113 51 Iehovae.

1112 1025 94 36 Sunt
1171 1025 165 36 constantia
1301 1025 83 36 seu
1348 1025 118 36 firma,
1431 1025 106 36 Psal.
1502 1025 83 36 33.
1549 1025 71 36 4.
1584 1025 94 36 Quia
1643 1025 118 36 rectum
1726 1025 83 36 est
1773 1025 118 36 verbum
1844 1025 59 36 Ie-

1068 1050 113 49 hovae,
1147 1050 56 49 &
1169 1050 90 49 omne
1225 1050 90 49 opus
1282 1050 90 49 ejus
1338 1050 146 49 constans.
1450 1050 101 49 Fiunt
1518 1050 101 49 suine
1585 1050 124 49 labore,
1675 1050 90 49 sine
1732 1050 180 49 defatigatio

1078 1097 72 33 ne
1114 1097 96 33 Dei,
1174 1097 96 33 Jes.
1234 1097 84 33 40.
1282 1097 84 33 28.
1331 1097 108 33 Annon
1403 1097 144 33 novisti?
1511 1097 108 33 nonne
1583 1097 168 33 audivisti?
1716 1097 96 33 Deum
1764 1097 132 33 aeternum.

1080 1124 145 42 Iehovam,
1188 1124 157 42 creatorem
1309 1124 193 42 extremitatum
1465 1124 120 42 terrae
1550 1124 84 42 non
1598 1124 169 42 defetisci,
1730 1124 108 42 neque
1791 1124 108 42 defati-

1080 1155 101 51 gari?
1147 1155 101 51 nulla
1215 1155 79 51 est
1260 1155 191 51 pervestigatio
1417 1155 157 51 prudentiae
1529 1155 79 51 ejus.

1114 1188 94 41 Non
1167 1188 201 41 agnoscuntur
1328 1188 67 41 &
1355 1188 254 41 animadvertuntur
1569 1188 80 41 ab
1609 1188 134 41 homine
1703 1188 147 41 animali
1810 1188 67 41 &
1823 1188 67 41 non

1080 1222 158 40 regenito,
1201 1222 109 40 Psal.
1274 1222 85 40 92.
1323 1222 73 40 6,
1359 1222 73 40 7.
1396 1222 97 40 Quam
1457 1222 109 40 magna
1529 1222 97 40 sunt
1590 1222 109 40 facta
1663 1222 97 40 tua,
1724 1222 134 40 Iehovas
1809 1222 85 40 valde

1082 1253 155 47 profundae
1201 1253 96 47 sunt
1261 1253 191 47 cogitationes
1416 1253 107 47 tuae.
1488 1253 84 47 Vir
1536 1253 119 47 brutus
1619 1253 84 47 non
1667 1253 155 47 agnoscit,
1787 1253 60 47 &
1799 1253 107 47 stultus

1081 1290 90 36 non
1133 1290 207 36 animadvertit
1288 1290 90 36 istud

1290 1320 379 67 CAPU
1479 1320 142 67 I

1222 1377 88 57 In
1266 1377 102 57 quo
1325 1377 88 57 de
1368 1377 233 57 personalibus
1558 1377 175 57 operibus
1675 1377 88 57 Dei.

1152 1413 108 64 PERA
1219 1413 95 64 DEI
1273 1413 122 64 PRIMo
1354 1413 95 64 vel
1408 1413 189 64 personalia
1557 1413 122 64 sunt,
1638 1413 95 64 vel
1678 1413 189 64 essentialia.

1175 1459 176 44 Distributio
1316 1459 94 44 haec
1375 1459 106 44 sumta
1445 1459 82 44 est
1492 1459 70 44 ex
1527 1459 117 44 causis
1610 1459 211 44 efficientibus:
1786 1459 82 44 Nam
1821 1459 82 44 alio-

1151 1498 86 41 rum
1200 1498 124 41 operum
1287 1498 86 41 Dei
1336 1498 161 41 singulare
1459 1498 86 41 est
1509 1498 173 41 principia,
1645 1498 173 41 singularis
1768 1498 136 41 terminus,

1085 1529 115 36 nempe
1162 1529 154 36 persona:
1277 1529 141 36 aliorum
1380 1529 115 36 autem
1457 1529 141 36 commune
1559 1529 192 36 principium,
1713 1529 154 36 communis
1815 1529 77 36 ter-

1082 1564 113 36 minus,
1161 1564 248 36 videlicetessentia.
1375 1564 90 36 Unde
1431 1564 158 36 unaquaeque
1555 1564 124 36 persona
1645 1564 135 36 Deitatis
1747 1564 79 36 aut
1780 1564 113 36 seorsim.

1086 1597 90 35 aut
1137 1597 179 35 conjunctim
1278 1597 167 35 operatur.
1406 1597 102 35 Quod
1470 1597 141 35 Jeorsim
1573 1597 115 35 facit
1650 1597 179 35 unaquaeque
1778 1597 128 35 secundum

1086 1630 137 40 rationem
1189 1630 160 40 personalem
1315 1630 115 40 facit:
1395 1630 92 40 quod
1452 1630 92 40 vero
1509 1630 160 40 conjunctim
1635 1630 92 40 tres
1693 1630 137 40 personae
1784 1630 115 40 faciunt,

1091 1659 145 47 secundum
1199 1659 181 47 essentialem
1344 1659 145 47 rationem
1452 1659 145 47 faciunt.
1561 1659 96 47 Unde
1621 1659 96 47 alia
1681 1659 96 47 sunt
1741 1659 108 47 opera
1802 1659 96 47 perso-

1079 1694 80 36 nae
1124 1694 149 36 cujusque,
1239 1694 91 36 alia
1296 1694 160 36 essentiae.
1422 1694 103 36 Omnia
1490 1694 103 36 autem
1559 1694 103 36 opera
1628 1694 80 36 tum
1673 1694 172 36 personalia,
1811 1694 80 36 tum
1845 1694 57 36 es-

1094 1725 153 44 sentialia
1212 1725 106 44 binis
1282 1725 141 44 terminis
1388 1725 176 44 circumclusa
1529 1725 106 44 sunt,
1599 1725 59 44 a
1623 1725 117 44 quibus
1705 1725 200 44 distinguuntur
1858 1725 35 44 o

1093 1760 174 44 divisionem
1230 1760 137 44 habent:
1329 1760 112 44 nempe
1404 1760 137 44 termino
1504 1760 62 44 a
1529 1760 125 44 quo(ut
1616 1760 137 44 vocant)
1716 1760 62 44 &
1740 1760 137 44 termino
1828 1760 62 44 at-

1088 1795 108 45 quem.
1160 1795 84 45 Duo
1208 1795 96 45 enim
1268 1795 96 45 sunt
1328 1795 120 45 natura
1412 1795 132 45 termini
1508 1795 120 45 operis
1592 1795 60 45 &
1616 1795 144 45 actionis
1724 1795 156 45 cujusque:
1832 1795 72 45 unus

1092 1825 109 47 prior,
1169 1825 87 47 unde
1223 1825 131 47 procedit
1322 1825 98 47 actio
1387 1825 76 47 seu
1431 1825 98 47 opus:
1496 1825 98 47 alter
1562 1825 153 47 posterior,
1682 1825 66 47 in
1715 1825 87 47 quem
1759 1825 98 47 fertur.

1108 1860 169 44 Personalia
1241 1860 109 44 opera
1313 1860 97 44 Dei,
1374 1860 97 44 sunt
1434 1860 97 44 quae
1494 1860 133 44 propria
1591 1860 97 44 sunt
1651 1860 169 44 singularum
1772 1860 121 44 persona.

1087 1892 83 39 rum
1135 1892 155 39 Deitatis,
1254 1892 83 39 una
1301 1892 131 39 persona
1397 1892 119 39 agente
1480 1892 202 39 personalitate
1647 1892 95 39 sua,
1706 1892 83 39 seu
1754 1892 83 39 pro
1790 1892 107 39 ratione

1085 1922 142 39 personae
1192 1922 95 39 suae
1251 1922 118 39 tanqua
1334 1922 130 39 formali
1428 1922 166 39 principio.
1559 1922 83 39 Nam
1606 1922 71 39 ut
1642 1922 142 39 personae
1748 1922 107 39 inter
1819 1922 71 39 se
1843 1922 59 39 di-

1081 1955 143 48 stinctae
1189 1955 107 48 sunt:
1260 1955 84 48 ita
1308 1955 107 48 etiam
1380 1955 107 48 earum
1451 1955 119 48 opera.
1535 1955 167 48 Petsonalia
1666 1955 107 48 opera
1738 1955 143 48 dicuntur
1833 1955 60 48 et-

1072 1990 88 38 iam
1123 1990 63 38 a
1148 1990 151 38 Patribus
1261 1990 176 38 orthodoxis
1399 1990 113 38 opera
1475 1990 88 38 Dei
1525 1990 176 38 Oeconomica
1663 1990 88 38 seu
1713 1990 151 38 actiones
1814 1990 88 38 Oeco-

1076 2027 163 42 nomicae:
1199 2027 204 42 quemadmodum
1362 2027 68 42 &
1389 2027 122 42 modus
1470 2027 204 42 operationis
1633 2027 149 42 dicitur
1728 2027 163 42 Oeconomia.

1076 2059 185 44 dispositio,
1224 2059 62 44 &
1248 2059 62 44 a
1273 2059 160 44 nonnullis
1396 2059 185 44 dispensatio
1544 2059 136 44 divina.
1642 2059 111 44 Opera
1716 2059 86 44 Dei
1753 2059 148 44 personalia

1076 2089 87 51 seu
1125 2089 173 51 Oeconomica
1261 2089 99 51 sunt
1323 2089 99 51 duum
1385 2089 148 51 generum:
1496 2089 99 51 alia
1558 2089 186 51 simpliciter
1706 2089 186 51 personalia,
1843 2089 49 51 a-

1076 2122 83 46 lia
1124 2122 107 46 certo
1195 2122 107 46 modo.
1266 2122 107 46 Opera
1338 2122 83 46 Dei
1385 2122 178 46 simpliciter
1528 2122 178 46 personalia,
1670 2122 95 46 sunt
1730 2122 95 46 quae
1777 2122 119 46 terminum

1078 2159 150 35 utrumque
1191 2159 113 35 nempe
1266 2159 63 35 a
1292 2159 88 35 quo
1342 2159 63 35 &
1367 2159 75 35 ad
1404 2159 113 35 quem,
1479 2159 175 35 singularem
1617 2159 138 35 habent,
1718 2159 163 35 Iterminus
1830 2159 63 35 au-

1071 2191 80 38 tem
1116 2191 161 38 singularis
1243 2191 80 38 est
1289 2191 126 38 persona
1381 2191 103 38 una;)
1450 2191 92 38 seu,
1507 2191 92 38 quae
1564 2191 126 38 persona
1656 2191 80 38 una
1702 2191 138 38 Deitatis
1806 2191 69 38 in
1829 2191 57 38 est

1068 2223 128 46 sentia
1158 2223 128 46 divina
1247 2223 154 46 operatur
1362 2223 77 46 in
1401 2223 141 46 alteram
1503 2223 154 46 secundum
1618 2223 192 46 relationem,
1772 2223 102 46 quae
1823 2223 64 46 est

1069 2256 112 49 inter
1143 2256 125 49 ipsas,
1230 2256 112 49 nullo
1305 2256 112 49 foris
1380 2256 212 49 interveniente
1554 2256 125 49 medio.
1641 2256 149 49 Vocantur
1754 2256 112 49 etiam
1816 2256 87 49 opera

1079 2294 171 32 relationis.
1215 2294 80 32 Sic
1261 2294 103 32 Pater
1329 2294 114 32 gignit
1409 2294 125 32 Filium:
1500 2294 114 32 Filius
1580 2294 137 32 nascitur
1683 2294 80 32 seu
1728 2294 137 32 procedit
1819 2294 80 32 geni-

1081 2325 80 45 tus
1126 2325 69 45 ex
1161 2325 115 45 Patre:
1241 2325 103 45 Pater
1310 2325 57 45 &
1333 2325 115 45 Filius
1414 2325 80 45 una
1460 2325 126 45 spirant
1552 2325 138 45 Spiritum
1655 2325 69 45 S.
1690 2325 138 45 Spiritus
1793 2325 69 45 S.
1816 2325 69 45 pro-

1066 2363 106 38 cedit
1137 2363 82 38 seu
1184 2363 117 38 emanat
1266 2363 141 38 spiratus
1372 2363 59 38 a
1395 2363 106 38 Patre
1466 2363 59 38 &
1489 2363 117 38 Filio.
1571 2363 153 38 Nativitas
1689 2363 106 38 Filii
1759 2363 70 38 ex
1794 2363 117 38 Patre,
1865 2363 35 38 &

1078 2393 144 45 processio
1189 2393 133 45 Spiritus
1289 2393 67 45 S.
1322 2393 67 45 ex
1355 2393 100 45 Patre
1422 2393 55 45 &
1444 2393 100 45 Filio
1510 2393 78 45 non
1555 2393 89 45 sunt
1610 2393 155 45 passiones,
1732 2393 78 45 sed
1765 2393 122 45 actiones.

1072 2427 96 41 Haec
1132 2427 119 41 opera,
1215 2427 179 41 appellantur
1359 2427 131 41 usitate
1454 2427 107 41 opera
1526 2427 167 41 personarum
1657 2427 143 41 Deitatis
1765 2427 72 41 ab
1788 2427 96 41 intra.

1096 2459 113 39 Opera
1172 2459 113 39 certo
1248 2459 101 39 modo
1311 2459 189 39 personalia,
1462 2459 101 39 sunt
1525 2459 101 39 quae
1588 2459 126 39 quidem
1676 2459 76 39 in
1714 2459 151 39 terminum
1814 2459 76 39 com-

1064 2483 124 46 munem,
1151 2483 75 46 id
1188 2483 99 46 est,
1250 2483 162 46 creaturam
1374 2483 186 46 deferuntur,
1524 2483 62 46 &
1548 2483 75 46 in
1586 2483 124 46 quibus
1673 2483 174 46 principium
1797 2483 87 46 actus

1064 2527 86 39 est
1113 2527 123 39 virtus
1199 2527 123 39 divina
1285 2527 148 39 personis
1396 2527 136 39 omnibus
1495 2527 160 39 communis:
1618 2527 86 39 sed
1667 2527 111 39 tamen
1741 2527 111 39 fiunt
1803 2527 86 39 prin-

1070 2557 156 39 cipaliter
1190 2557 72 39 ab
1226 2557 84 39 una
1274 2557 132 39 persona
1369 2557 144 39 Deitatis
1477 2557 144 39 secundum
1585 2557 144 39 propriam
1692 2557 108 39 eique
1764 2557 96 39 soli
1812 2557 72 39 com-

1065 2592 167 41 petentem
1190 2592 209 41 Oeconomiam,
1358 2592 167 41 quatenus
1483 2592 153 41 nimirum
1594 2592 209 41 fundamentum
1762 2592 153 41 habent,

1064 2627 84 53 non
1112 2627 107 53 extra
1183 2627 155 53 personas,
1303 2627 84 53 sed
1351 2627 72 53 in
1386 2627 119 53 aliqua
1470 2627 107 53 trium
1542 2627 131 53 illarum
1637 2627 179 53 personarum,
1781 2627 96 53 actu
1828 2627 60 53 ni-

1060 2661 119 36 mirum
1139 2661 145 36 proximo
1244 2661 79 36 in
1284 2661 145 36 persona
1389 2661 92 36 una
1442 2661 105 36 sese
1495 2661 158 36 terminante

1100 2683 96 50 Hoc
1155 2683 123 50 pacto
1237 2683 68 50 &
1264 2683 164 50 respectu
1387 2683 96 50 non
1442 2683 109 50 sunt
1510 2683 164 50 communia
1633 2683 137 50 omnium
1715 2683 178 50 personarum.

1060 2716 83 46 sed
1108 2716 130 46 propria
1202 2716 118 46 illius
1285 2716 142 46 persone,
1392 2716 83 46 per
1439 2716 95 46 quam
1498 2716 201 46 principaliter
1664 2716 107 46 quasi
1735 2716 107 46 foras
1794 2716 95 46 proma-

1067 2761 98 42 nant
1128 2761 85 42 aut
1177 2761 73 42 in
1213 2761 85 42 qua
1262 2761 146 42 terminum
1372 2761 122 42 habent
1457 2761 61 42 &
1482 2761 159 42 resident.
1603 2761 98 42 Haec
1664 2761 110 42 opera
1738 2761 134 42 usitate
1823 2761 61 42 di-

1076 2792 120 38 cuntur
1160 2792 108 38 opera
1232 2792 168 38 personarum
1364 2792 144 38 Deitatis
1472 2792 72 38 ab
1507 2792 120 38 extra:
1591 2792 84 38 nam
1639 2792 132 38 externa
1735 2792 108 38 quide
1807 2792 108 38 sunt,

1072 2822 89 38 sed
1123 2822 114 38 tamen
1199 2822 102 38 suum
1263 2822 127 38 habent
1352 2822 152 38 terminum
1466 2822 190 38 operationis
1618 2822 76 38 ab
1656 2822 89 38 una
1707 2822 127 38 aliqua
1783 2822 102 38 perso-

1077 2857 72 37 na
1113 2857 132 37 Sanctae
1209 2857 168 37 Trinitatis
1341 2857 144 37 secundum
1449 2857 144 37 rationem
1557 2857 120 37 illius
1641 2857 180 37 Oeconomiae:
1785 2857 96 37 sive
1833 2857 48 37 in

1080 2893 122 37 quibus
1165 2893 171 37 principium
1300 2893 122 37 actus,
1386 2893 86 37 est
1435 2893 122 37 virtus
1521 2893 122 37 divina
1606 2893 61 37 &
1631 2893 147 37 operatio
1741 2893 147 37 communis
1839 2893 49 37 o-

1061 2924 124 37 mnibus
1147 2924 161 37 personis,
1272 2924 149 37 terminus
1383 2924 112 37 autem
1458 2924 87 37 est
1508 2924 137 37 persona
1607 2924 74 37 in
1644 2924 87 37 qua
1694 2924 112 37 actus
1756 2924 124 37 proximus

1064 2961 104 40 omnis
1134 2961 163 40 subsistit.
1262 2961 139 40 Communis
1366 2961 116 40 igitur
1447 2961 81 40 est
1494 2961 70 40 in
1529 2961 104 40 illis
1598 2961 128 40 Sanctae
1691 2961 163 40 Trinitatis
1807 2961 70 40 ope-

1071 2990 119 44 ratio:
1154 2990 95 44 etsi
1214 2990 107 44 actus
1285 2990 143 44 proximus
1392 2990 131 44 Sanctae
1487 2990 166 44 Trinitatis
1618 2990 71 44 in
1653 2990 107 44 rebus
1725 2990 143 44 externis
1820 2990 71 44 pro-

1068 3023 144 48 ratione
1172 3023 209 48 operationis,
1342 3023 105 48 modo
1408 3023 131 48 Patri,
1499 3023 157 48 interdum
1617 3023 131 48 Filio,
1708 3023 157 48 interdum
1813 3023 78 48 vero

1068 3055 134 46 Spiritui
1168 3055 111 46 Sancto
1246 3055 156 46 tribuitur.

1099 3083 104 48 Talia
1169 3083 104 48 opera
1238 3083 104 48 sunt:
1307 3083 116 48 Patris
1388 3083 81 48 vox
1434 3083 81 48 seu
1481 3083 127 48 locutio
1573 3083 69 48 in
1608 3083 139 48 Baptismo
1712 3083 116 48 Filii;
1793 3083 81 48 Hic
1827 3083 58 48 est

1068 3113 108 42 Filius
1144 3113 87 42 ille
1198 3113 98 42 meus,
1263 3113 130 42 dilectus
1361 3113 98 42 ille:
1426 3113 87 42 quae
1480 3113 130 42 loquutio
1578 3113 76 42 seu
1621 3113 76 42 vox
1664 3113 76 42 non
1708 3113 108 42 potuit
1783 3113 87 42 esse
1827 3113 54 42 Fi-

1055 3154 74 37 lii
1098 3154 74 37 seu
1140 3154 127 37 Spiritus
1236 3154 64 37 S.
1268 3154 117 37 fuisset
1352 3154 85 37 enim
1406 3154 106 37 falsa:
1480 3154 74 37 sed
1522 3154 117 37 propria
1607 3154 85 37 fuit
1660 3154 117 37 Patris,
1745 3154 85 37 quia
1798 3154 64 37 in
1819 3154 64 37 ipsa

1054 3188 118 34 Patris
1137 3188 130 34 persona
1231 3188 165 34 residebat.
1361 3188 83 34 Sic
1408 3188 106 34 Filij
1479 3188 177 34 incarnatio,
1620 3188 153 34 mediatio,
1727 3188 153 34 satisfactio

1054 3223 78 46 pro
1098 3223 134 46 electis,
1199 3223 89 46 sunt
1255 3223 100 46 opera
1321 3223 156 46 personalia
1444 3223 111 46 Filii.
1522 3223 89 46 Etsi
1578 3223 89 46 enim
1634 3223 78 46 (ut
1678 3223 123 46 exempli
1767 3223 111 46 gratia
1834 3223 56 46 de
