2063 3421
182 157 176 53 tbijunctim
321 157 176 53 usurpatur,
459 157 176 53 significat
598 157 239 53 praecognitionem
800 157 126 53 rerum,
875 157 126 53 volunta-

178 201 87 42 xem
227 201 62 42 &
252 201 111 42 curam
326 201 210 42 prospiciendi,
499 201 62 42 &
524 201 149 42 actionem
636 201 111 42 ipsam
710 201 87 42 qua
759 201 87 42 res
809 201 161 42 sapienter
920 201 62 42 cu-

181 237 120 48 rantur
265 237 60 48 &
289 237 156 48 reguntur.

224 262 113 46 Graeci
303 262 136 46 ωρονοιαν
405 262 102 46 etiam
473 262 136 46 vocarunt
575 262 170 46 ἀδραστειαν,
712 262 68 46 ab
746 262 57 46 a
768 262 148 46 privativa
871 262 113 46 particu-

177 299 70 45 Ia
212 299 58 45 &
236 299 151 45 διδρασκῳ,
352 299 93 45 quod
410 299 82 45 est
457 299 116 45 fugio:
538 299 70 45 eo
573 299 93 45 quod
632 299 186 45 providentiam
783 299 105 45 nihil
853 299 151 45 effugiat,

189 334 186 42 Appellarunt
337 334 124 42 eandem
424 334 198 42 πυπσυμενλιν,
585 334 99 42 quam
647 334 111 42 vocem
721 334 173 42 Chrysippus
845 334 136 42 interpre-

177 370 108 41 tatur
249 370 192 41 πεπερασμδυlν
404 370 72 41 κι
440 370 215 41 σαυτετελεσμδυν
620 370 168 41 δενίκκσιν,
752 370 84 41 hoc
799 370 96 41 est,
847 370 132 41 perfectam

182 399 218 43 transactamque
361 399 115 43 rerum
438 399 243 43 guhbernationem,
643 399 77 43 ut
682 399 128 43 refert
771 399 192 43 Theodoretus
912 399 64 43 Cy-

180 438 120 30 rensis
264 438 168 30 Episcopus,
396 438 72 30 de
432 438 156 30 curatione
552 438 156 30 Graecarum
673 438 192 30 affectionum,
829 438 132 30 sermone
913 438 60 30 se-

178 464 102 42 libro
246 464 113 42 sexto,
325 464 79 42 qui
370 464 79 42 est
416 464 68 42 de
450 464 170 42 Providentia
586 464 91 42 Dei:
642 464 79 42 ubi
688 464 102 42 simul
756 464 136 42 declarat
858 464 91 42 quid
903 464 68 42 Gen-

187 493 110 42 tilibs
264 493 77 42 sit
308 493 143 42 ἀμαρμδιη,
418 493 110 42 μσιρα,
495 493 121 42 χρδνος,
583 493 55 42 &
606 493 143 42 ternarius
716 493 132 42 Parcarum
815 493 132 42 ἀἀχεσις,
903 493 77 42 Aπξο.

188 529 91 39 πος,
244 529 113 39 Xλωθα,
324 529 91 39 quid
380 529 91 39 item
437 529 113 39 φυσις,
516 529 125 39 αυκγκη,
607 529 102 39 τυχη:
675 529 91 39 quae
732 529 79 39 ibi
777 529 181 39 requirantur.

220 561 84 38 Sic
268 561 180 38 providentia
412 561 96 38 Dei,
472 561 144 38 interdum
580 561 84 38 pro
627 561 132 38 interno
723 561 120 38 opere,
807 561 108 38 nempe
867 561 120 38 decreto-

188 594 103 40 Dei;
252 594 154 40 interdum
368 594 90 40 pro
420 594 142 40 externo
523 594 129 40 opere,
613 594 142 40 nimirum
716 594 206 40 exsequutione
870 594 116 40 decreti

190 628 95 42 Dei:
250 628 143 42 interdum
357 628 83 42 pro
404 628 131 42 utroque
500 628 107 42 simul
559 628 143 42 accipitur?

212 653 94 51 Hoc
265 653 121 51 loco,
346 653 108 51 quum
413 653 175 51 consilium
548 653 67 51 &
575 653 162 51 decretum
696 653 94 51 Dei
750 653 148 51 dicimus
844 653 135 51 appellar

192 691 202 45 providentiam,
358 691 71 45 de
394 691 131 45 interno
489 691 107 45 opere
560 691 190 45 providentiae
715 691 107 45 vocem
786 691 202 45 intelligimus,
940 691 36 45 &

186 724 73 46 ab
222 724 183 46 exsecutione
369 724 98 46 ejus
418 724 171 46 distinguimus

230 758 104 41 Quod
295 758 78 41 ad
334 758 117 41 vocem
412 758 143 41 Graecam
517 758 169 41 ωροορισμς
647 758 65 41 &
673 758 143 41 Latinam
764 758 222 41 Praedestinatio-

189 796 78 37 nis
234 796 134 37 attinet,
334 796 145 37 usurpatur
446 796 67 37 ea
480 796 112 37 duobus
558 796 112 37 modis:
636 796 168 37 generaliter
770 796 56 37 &
793 796 179 37 specialiter.
927 796 56 37 Ge-

188 826 154 39 neraliter
307 826 166 39 significat
437 826 131 39 quodvis
532 826 142 39 decretum
639 826 83 39 Dei
686 826 71 39 ad
722 826 166 39 quascunque
853 826 83 39 res
888 826 95 39 perti-

185 857 106 37 nens;
256 857 71 37 ut
291 857 118 37 Actor.
373 857 71 37 4.
409 857 106 37 vers.
479 857 82 37 27,
526 857 82 37 28.
573 857 141 37 legitur,
679 857 129 37 Herodem
773 857 59 37 &
797 857 129 37 Pontium
879 857 106 37 Pilatum

193 895 80 32 cum
238 895 138 32 Gentibus
342 895 57 32 &
365 895 126 32 populis
457 895 138 32 Israelis
560 895 138 32 fecisse,
663 895 92 32 quae
720 895 103 32 manus
789 895 80 32 Dei
835 895 57 32 &
847 895 126 32 consilium

192 919 87 45 ejus
246 919 130 45 ωροωρισε
344 919 119 45 γννεος,
431 919 76 45 hoc
474 919 87 45 est,
529 919 217 45 praedestinaverat
713 919 76 45 seu
757 919 98 45 prius
822 919 174 45 definiverat.

190 948 66 44 ut
223 948 133 44 fierent.
322 948 77 44 Sic
367 948 110 44 Paulus
444 948 77 44 ait
488 948 66 44 1.
521 948 133 44 Corinth.
621 948 66 44 2.
654 948 99 44 vers.
720 948 66 44 7.
753 948 88 44 quod
808 948 88 44 Deus
852 948 133 44 sapientiam

193 991 133 37 latentem
292 991 66 37 in
325 991 133 37 mysterio
425 991 155 37 ωροωρισεν,
546 991 77 37 hoc
590 991 88 37 est,
646 991 199 37 praedestinavit
811 991 77 37 seu
844 991 144 37 praefinivit

187 1025 91 33 ante
244 1025 114 33 secula
323 1025 68 33 ad
358 1025 125 33 gloriam
449 1025 137 33 nostram:
552 1025 171 33 specialiter
688 1025 91 33 vero
745 1025 160 33 significat
860 1025 125 33 decretum.

192 1050 71 40 ad
228 1050 154 40 creaturas
346 1050 166 40 rationales
477 1050 166 40 pertinens,
607 1050 71 40 de
642 1050 83 40 quo
690 1050 107 40 qaulo
761 1050 107 40 post.
832 1050 83 40 Hoc
879 1050 95 40 loco
927 1050 59 40 ge-

189 1092 115 30 nerali
270 1092 208 30 significatione
443 1092 161 30 accipitur,
570 1092 81 30 cum
616 1092 127 30 decreto
708 1092 81 30 Dei
754 1092 127 30 oμώσnμο
847 1092 161 30 statuitur.

220 1117 116 38 FATUM
297 1117 103 38 vero
362 1117 90 38 non
413 1117 129 38 tantum
503 1117 64 38 a
529 1117 193 38 Gentilibus,
683 1117 90 38 sed
735 1117 116 38 etiam
812 1117 64 38 a
825 1117 154 38 Christiani

214 1148 139 44 hibusdam
318 1148 139 44 decretum
422 1148 127 44 divinum
515 1148 196 44 intelligitur,
676 1148 81 44 sic
722 1148 115 44 dictum
803 1148 58 44 a
826 1148 115 44 fando:
907 1148 81 44 nec
942 1148 46 44 a-

185 1183 97 36 liud
246 1183 134 36 proprie
343 1183 85 36 est
391 1183 97 36 quam
452 1183 121 36 dictum
537 1183 85 36 aut
585 1183 121 36 jussum
670 1183 146 36 divinum.
780 1183 146 36 Gentiles
877 1183 109 36 omitto-

193 1211 74 42 M.
230 1211 124 42 Minucu
317 1211 136 42 Felicis
416 1211 149 42 Octavius
527 1211 198 42 Christianus,
688 1211 99 42 Quid
750 1211 112 42 aliud
825 1211 149 42 (inquit)
924 1211 62 42 est

190 1252 128 36 fatum,
280 1252 102 36 quam
344 1252 102 36 quod
408 1252 77 36 de
446 1252 166 36 unoquoque
574 1252 141 36 nostrum
676 1252 102 36 Deus
740 1252 115 36 fatus
817 1252 102 36 est?
881 1252 90 36 qui
919 1252 64 36 cum

187 1280 115 46 possit
267 1280 149 46 praescire
382 1280 149 46 materiam,
497 1280 80 46 pro
543 1280 126 46 meritis
634 1280 57 46 &
657 1280 184 46 qualitatibus
807 1280 161 46 singulorum
922 1280 57 46 et-

189 1314 91 41 iam
241 1314 104 41 fata
293 1314 169 41 determinat.

220 1333 171 56 Augustinus
354 1333 122 56 quinto
440 1333 110 56 libro
513 1333 73 56 de
549 1333 147 56 Civitate
659 1333 98 56 Dei,
720 1333 98 56 cap.
781 1333 134 56 octavo:
879 1333 85 56 Qui
916 1333 73 56 vero

188 1375 85 37 non
237 1375 146 37 astrorum
346 1375 231 37 constitutionem,
541 1375 122 37 sicuti
626 1375 85 37 est
675 1375 97 37 quum
736 1375 146 37 quicquid
833 1375 146 37 concipitus

192 1414 90 37 vel
244 1414 155 37 nascitur
360 1414 90 37 vel
411 1414 181 37 inchoatur,
553 1414 90 37 sed
605 1414 129 37 omnium
695 1414 194 37 connexionem
837 1414 142 37 seriemque

192 1444 156 36 rausarum,
312 1444 84 36 qua
360 1444 84 36 sit
407 1444 96 36 omne
467 1444 96 36 quod
527 1444 96 36 fit,
587 1444 96 36 fati
647 1444 120 36 nomine
731 1444 168 36 appellant:
862 1444 84 36 non
898 1444 96 36 multum

192 1475 90 39 cum
244 1475 90 39 eis
295 1475 77 39 de
334 1475 116 39 verbi
411 1475 206 39 controversia
579 1475 181 39 laborandum
721 1475 116 39 atque
798 1475 168 39 certandum
915 1475 77 39 est:

187 1508 219 45 Quandoquidem
365 1508 123 45 ipsum
448 1508 164 45 causarum
571 1508 164 45 ordinem,
694 1508 69 45 &
722 1508 151 45 quandam
831 1508 178 45 connexio¬

193 1541 99 43 nem,
255 1541 87 43 Dei
304 1541 111 43 summi
378 1541 149 43 tribuunt
490 1541 161 43 uoluntati
614 1541 62 43 &
638 1541 173 43 potestati,
775 1541 87 43 qui
824 1541 124 43 optime
911 1541 62 43 &
923 1541 62 43 ve-

195 1573 155 39 racissime
314 1573 155 39 creditur,
433 1573 59 39 &
457 1573 119 39 cuncta
540 1573 107 39 scire
611 1573 143 39 antequam
718 1573 119 39 fiant:
802 1573 59 39 &
825 1573 107 39 nihil
885 1573 107 39 inordi-

190 1612 107 34 natum
261 1612 178 34 relinquere,
404 1612 59 34 a
427 1612 83 34 quo
475 1612 95 34 sunt
534 1612 107 34 omnes
605 1612 178 34 potestates:
748 1612 131 34 quamvis
843 1612 71 34 ab
878 1612 95 34 illo
926 1612 59 34 non

194 1642 96 33 sint
254 1642 120 33 omnium
338 1642 180 33 voluntates.
483 1642 108 33 Ipsam
555 1642 120 33 itaque
639 1642 156 33 praecipue
759 1642 84 33 Dei
808 1642 108 33 summi
868 1642 120 33 volunta-

190 1676 88 43 tem,
245 1676 99 43 cujus
311 1676 132 43 potestas
411 1676 210 43 insuperabiliter
587 1676 77 43 per
631 1676 110 43 cuncta
708 1676 165 43 porrigitur,
841 1676 77 43 eos
874 1676 121 43 appellare

192 1708 100 45 fatum
259 1708 78 45 sic
303 1708 145 45 probatur.
415 1708 100 45 Annei
481 1708 122 45 Senecae
570 1708 100 45 sunt,
637 1708 67 45 ni
671 1708 122 45 fallor,
760 1708 67 45 hi
782 1708 89 45 versus

272 1735 89 36 Duc
323 1735 77 36 me
362 1735 115 36 Pater
438 1735 153 36 summique
553 1735 166 36 dominator
668 1735 77 36 poli

277 1764 149 53 Quocunque
391 1764 137 53 placuit,
494 1764 103 53 nulla
563 1764 126 53 parendi
654 1764 92 53 mora
700 1764 69 53 est.

274 1802 117 37 Adsum
352 1802 156 37 impiger,
469 1802 169 37 comitabor
585 1802 104 37 gemens

280 1832 135 37 Malusque
381 1832 112 37 patiar
460 1832 124 37 facere,
550 1832 90 37 quod
606 1832 112 37 licuit
673 1832 79 37 bono,

273 1868 133 35 Ducunt
366 1868 159 35 uolentem
485 1868 120 35 fata,
565 1868 159 35 nolentem
671 1868 120 35 trahunt

223 1894 102 48 Nempe
290 1894 192 48 evidentissime
448 1894 79 48 hoc
494 1894 113 48 ultimo
573 1894 113 48 versu,
652 1894 68 48 ea
686 1894 90 48 fata
742 1894 169 48 appellavit,
877 1894 90 48 quae
923 1894 56 48 sui

198 1930 87 40 pra
247 1930 137 40 dixerat
347 1930 112 40 summi
421 1930 124 40 Patris
508 1930 186 40 uoluntatem:
657 1930 87 40 Cui
707 1930 74 40 se
744 1930 137 40 paratum
843 1930 137 40 obedire
930 1930 62 40 di-

200 1966 91 36 cit,
257 1966 68 36 ut
291 1966 114 36 volens
370 1966 137 36 ducatur,
473 1966 80 36 nec
518 1966 114 36 nolens
598 1966 148 36 trahatur:
712 1966 125 36 quoniam
803 1966 137 36 scilicet
894 1966 91 36 ducunt

201 1993 140 44 volentem
306 1993 105 44 fata,
376 1993 140 44 nolentem
481 1993 140 44 trahunt.
586 1993 93 44 Illi
645 1993 117 44 quoque
727 1993 117 44 versus
808 1993 140 44 Homerici
913 1993 105 44 huic¬

188 2030 164 51 sententiae
317 2030 199 51 suffragantur,
481 2030 94 51 quos
540 2030 117 51 Cicero
622 2030 70 51 in
657 2030 129 51 Latinum
739 2030 106 51 vertit:

272 2066 111 38 Tales
346 2066 99 38 sunt
407 2066 136 38 hominum
506 2066 136 38 mentes,
604 2066 123 38 qualis
691 2066 111 38 Pater
752 2066 74 38 ipse

284 2093 134 37 suppiter
385 2093 157 37 auctiferas
508 2093 146 37 lustravit
620 2093 112 37 lumine
687 2093 101 37 terras.

228 2115 82 51 Nec
275 2115 70 51 in
310 2115 82 51 hac
357 2115 164 51 quaestione
485 2115 175 51 autoritatem
626 2115 129 51 haberet
719 2115 129 51 poitica
813 2115 164 51 sententia:
930 2115 58 51 Sed

203 2157 121 43 quoniam
291 2157 121 43 Stoicos
379 2157 110 43 dicit,
456 2157 77 43 vim
500 2157 88 43 fati
555 2157 165 43 asserentes,
686 2157 99 43 istos
752 2157 66 43 ex
785 2157 110 43 Homero
862 2157 110 43 versus
928 2157 55 43 so-

200 2194 89 39 lere
255 2194 144 39 usurpare,
366 2194 78 39 non
410 2194 66 39 de
444 2194 111 39 illius
521 2194 122 39 Poetae,
610 2194 78 39 sed
654 2194 122 39 istorum
742 2194 188 39 Philosophorum
886 2194 100 39 opinio-

201 2227 73 33 ne
237 2227 171 33 tractatur,
372 2227 98 33 quum
433 2227 85 33 per
482 2227 110 33 istos
555 2227 134 33 versus,
652 2227 98 33 quos
713 2227 195 33 disputationi
860 2227 122 33 adhibent

195 2259 94 41 quam
254 2259 71 41 de
289 2259 94 41 faro
348 2259 129 41 habent,
442 2259 94 41 quid
501 2259 141 41 sentiant
607 2259 94 41 esse
666 2259 106 41 fatum
736 2259 176 41 apertissime
865 2259 118 41 declava-

197 2292 104 36 tur,
262 2292 143 36 quoniam
366 2292 117 36 Iovem
444 2292 182 36 appellant,
587 2292 104 36 quem
651 2292 130 36 summum
742 2292 104 36 Deum
807 2292 143 36 putant,
911 2292 65 36 a
924 2292 65 36 quo

195 2324 199 38 connexionem
354 2324 132 38 dicunt
446 2324 146 38 pendere
552 2324 159 38 fatorum.
671 2324 79 38 Et
711 2324 132 38 capite
804 2324 119 38 nono:
870 2324 119 38 Ordinem

205 2352 148 40 causarum
315 2352 86 40 ubi
365 2352 148 40 voluntas
475 2352 86 40 Dei
525 2352 148 40 plurimum
635 2352 135 40 potest,
734 2352 111 40 neque
807 2352 148 40 negamus,
906 2352 86 40 neque

195 2386 98 48 fati
256 2386 147 48 vocabulo
366 2386 183 48 nuncupamus,
513 2386 98 48 nisi
574 2386 110 48 forte
647 2386 73 48 ut
684 2386 110 48 fatum
757 2386 61 48 a
781 2386 110 48 fando
855 2386 122 48 dictum
928 2386 49 48 in

206 2410 167 44 telligamus,
340 2410 67 44 id
373 2410 89 44 est,
429 2410 56 44 a
451 2410 145 44 loquendo.
562 2410 78 44 Non
607 2410 89 44 enim
663 2410 123 44 abnuere
752 2410 134 44 possumus
852 2410 89 44 esse
897 2410 111 44 scriptum

202 2453 67 38 in
235 2453 124 38 literis
325 2453 135 38 sanctis:
427 2453 101 38 Semel
494 2453 135 38 loquutus
595 2453 79 38 est
640 2453 101 38 Deus,
708 2453 79 38 duo
753 2453 90 38 haec
809 2453 124 38 audivi:
888 2453 101 38 quoniam

210 2483 135 40 potestas
311 2483 79 40 est
356 2483 90 40 Dei;
412 2483 56 40 &
435 2483 90 40 tibi
491 2483 113 40 Domine
570 2483 191 40 misericordia,
727 2483 90 40 quia
784 2483 68 40 tu
817 2483 113 40 reddes
896 2483 113 40 unicui

209 2516 83 47 que
257 2516 130 47 secudum
351 2516 107 47 opera
423 2516 107 47 ejus.
494 2516 95 47 Quod
553 2516 95 47 enim
612 2516 119 47 dictum
695 2516 95 47 est:
755 2516 107 47 Semel
826 2516 142 47 loquutus
921 2516 71 47 est;

204 2552 175 35 intelligitur
346 2552 175 35 immobiliter,
488 2552 77 35 hoc
532 2552 87 35 est,
587 2552 219 35 incommutabiliter
772 2552 77 35 est
816 2552 142 35 loquutus,
914 2552 77 35 sicut

194 2588 105 32 novit
265 2588 234 32 incommutabiliter
464 2588 105 32 omnia
534 2588 94 32 quae
593 2588 117 32 futura
675 2588 105 32 sunt,
745 2588 59 32 &
768 2588 94 32 quae
827 2588 94 32 ipse
874 2588 117 32 facturus

195 2619 96 33 est.
255 2619 84 33 Hac
303 2619 120 33 itaque
387 2619 132 33 ratione
483 2619 144 33 possemus
591 2619 60 33 a
616 2619 108 33 fando
688 2619 108 33 Fatum
760 2619 168 33 appellare,
892 2619 96 33 nisi
940 2619 60 33 hoc

199 2645 108 42 nomen
271 2645 84 42 jam
319 2645 72 42 in
355 2645 96 42 alia
416 2645 72 42 re
452 2645 132 42 soleret
548 2645 168 42 intelligi,
680 2645 84 42 quo
728 2645 108 42 corda
801 2645 132 42 hominum
885 2645 108 42 nolumus

214 2690 152 29 inclinari.
334 2690 142 29 Gregorius
443 2690 131 29 Nyssenus
541 2690 98 29 libro
606 2690 65 29 de
639 2690 98 29 Fato,
704 2690 87 29 cap.
758 2690 65 29 4.
791 2690 98 29 Neque
856 2690 131 29 (inquit)
944 2690 54 29 vo-

203 2703 130 44 luntatem
300 2703 76 44 Dei
344 2703 119 44 servire
430 2703 162 44 necessitati
559 2703 76 44 fas
603 2703 76 44 est
646 2703 119 44 dicere:
732 2703 108 44 etenim
808 2703 173 44 necessitatis
937 2703 65 44 est?

211 2741 150 46 conditor.
327 2741 81 46 Nam
373 2741 185 46 necessitatem
524 2741 93 46 sane
582 2741 139 46 imposuit
686 2741 127 46 astris;
778 2741 69 46 ut
813 2741 116 46 semper
882 2741 116 46 secundum

207 2773 107 45 idem
273 2773 187 45 moveantur,
420 2773 67 45 &
447 2773 107 45 mare
514 2773 281 45 circumterminavit:
754 2773 67 45 &
781 2773 227 45 universalibus
955 2773 40 45 &

206 2812 188 39 generalibus
357 2812 188 39 necessarium
508 2812 151 39 terminum
621 2812 163 39 imposuit.
747 2812 101 39 Quem
810 2812 75 39 si
847 2812 113 39 Fatum
910 2812 88 39 voca-

220 2848 68 33 re
254 2848 125 33 volunt:
345 2848 68 33 eo
379 2848 91 33 quod
435 2848 114 33 ubique
515 2848 57 33 &
538 2848 114 33 semper
617 2848 136 33 secundum
719 2848 182 33 necessitatem
867 2848 91 33 sit,
924 2848 68 33 ut
947 2848 45 33 o-

204 2874 98 42 mnia
265 2874 86 42 per
314 2874 196 42 fuccessionem
473 2874 98 42 sint
535 2874 74 42 in
571 2874 196 42 generatione,
731 2874 61 42 &
755 2874 208 42 corrumpantur,
914 2874 86 42 nihil

210 2907 149 38 curamus.
321 2907 75 38 De
359 2907 162 38 nominibus
483 2907 99 38 enim
545 2907 87 38 non
595 2907 162 38 velitamur
719 2907 149 38 adversus
818 2907 75 38 eos.

243 2940 148 41 Isidorus
354 2940 210 41 Etymologiarum
526 2940 86 41 seu
576 2940 148 41 Originum
687 2940 123 41 octavo
773 2940 99 41 lib.
835 2940 99 41 cap.
896 2940 99 41 ult,
946 2940 49 41 eo

210 2963 96 53 dem
265 2963 137 53 nomine
361 2963 150 53 utitur.
470 2963 109 53 Quin
538 2963 68 53 &
566 2963 137 53 Thomas
661 2963 150 53 Aquinas
771 2963 164 53 libellum
894 2963 82 53 de
921 2963 82 53 Fato

210 3002 119 48 scripsit
300 3002 50 48 &
320 3002 149 48 inscripsit.

244 3040 135 39 Attamen
342 3040 74 39 ut
379 3040 111 39 omnis
453 3040 172 39 ambiguitas
589 3040 135 39 nominis
687 3040 111 39 hujus
761 3040 160 39 evitetur,
872 3040 123 39 sciendum

234 3072 74 36 t,
271 3072 124 36 duplex
357 3072 99 36 esse
419 3072 124 36 Fatum:
506 3072 211 36 Philosophicum
680 3072 62 36 &
692 3072 161 36 Christianum

245 3102 213 36 Philosophicum
421 3102 88 36 est
471 3102 151 36 triplex:
584 3102 213 36 Mathemnticum.
760 3102 163 36 Physicum,
873 3102 125 36 Stoicum.

243 3133 107 47 Fatum
314 3133 190 47 Mathematicum
469 3133 131 47 dicitur
564 3133 95 47 quod
624 3133 107 47 ligat
695 3133 59 47 &
719 3133 119 47 nectit
802 3133 155 47 firnmiter
909 3133 95 47 actio

1008 168 90 42 nes
1060 168 116 42 omnes
1137 168 181 42 eventusque
1279 168 77 42 ad
1318 168 90 42 vim
1369 168 142 42 siderum
1473 168 65 42 &
1499 168 168 42 posituram
1628 168 181 42 stellarum:
1757 168 90 42 dici-

1023 204 83 36 tur
1071 204 95 36 esse
1130 204 179 36 necessitas,
1274 204 95 36 quae
1333 204 72 36 ex
1369 204 143 36 coelorum
1476 204 60 36 &
1500 204 131 36 siderum
1596 204 250 36 constellationibus
1798 204 48 36 o-

1023 237 135 37 riatur.
1121 237 111 37 Istud
1195 237 123 37 vocant
1281 237 185 37 Mathematici
1429 237 148 37 coeleste
1540 237 123 37 fatum:
1626 237 135 37 ejusque
1712 237 111 37 autores

1033 268 144 42 Chaldaei
1141 268 60 42 &
1165 268 156 42 Astrologi
1285 268 144 42 fuerunt,
1393 268 84 42 qui
1441 268 120 42 causam
1525 268 156 42 statumque
1645 268 60 42 &
1669 268 120 42 motus,
1741 268 84 42 muta-

1041 303 127 43 iones,
1130 303 203 43 interitumque
1295 303 140 43 hominum
1397 303 64 43 &
1422 303 152 43 regnorum
1537 303 76 43 in
1575 303 165 43 stellarum
1689 303 140 43 positione

1026 336 161 32 consistere
1153 336 92 32 sibi
1211 336 58 32 &
1234 336 104 32 aliis
1303 336 104 32 falso
1372 336 173 32 persuadent:
1510 336 92 32 quod
1567 336 104 32 fatum
1636 336 127 32 refutat
1717 336 115 32 Augusti-

1023 367 83 34 nus
1070 367 106 34 libro
1141 367 118 34 quinto
1224 367 71 34 de
1259 367 141 34 Civitate
1365 367 94 34 Dei,
1424 367 224 34 capitibrsprimis
1613 367 141 34 aliquot,
1719 367 59 34 &
1731 367 94 34 fatuum

1026 403 157 38 vanumque
1143 403 104 38 esse
1209 403 157 38 evincit:
1326 403 78 38 ut
1365 403 65 38 &
1391 403 157 38 Iohannes
1509 403 117 38 Picus
1587 403 117 38 Comes
1652 403 183 38 Mirandulanus

1030 432 68 42 in
1064 432 91 42 lib.
1120 432 79 42 12.
1166 432 91 42 quos
1222 432 136 42 adversus
1324 432 159 42 Astrologos
1449 432 147 42 scripsit:
1562 432 68 42 &,
1596 432 113 42 Thomas
1676 432 136 42 Erastus,
1766 432 57 42 Me-

1009 463 111 43 dicus
1070 463 234 43 excellentissimus.

1055 485 114 52 Fatum
1132 485 153 52 Physicum
1246 485 89 52 seu
1297 485 153 52 naturale
1411 485 140 52 vocatur
1513 485 102 52 ordo
1577 485 153 52 causarum
1679 485 165 52 naturalium,

1029 532 102 37 quae
1093 532 114 37 (nisi
1169 532 203 37 impediantur)
1334 532 76 37 vi
1372 532 63 37 &
1398 532 127 37 natura
1486 532 89 37 sua
1537 532 127 37 certum
1626 532 165 37 eundemque
1740 532 102 37 produ-

1032 564 95 37 cunt
1092 564 155 37 effectum.
1211 564 107 37 Quale
1282 564 107 37 fatum
1354 564 131 37 statuit
1449 564 179 37 Aristoteles
1592 564 60 37 &
1616 564 203 37 Theophrastus.
1771 564 48 37 E-

1024 591 122 40 hiorum
1109 591 122 40 mente,
1195 591 98 40 quod
1256 591 98 40 homo
1317 591 220 40 hominengignit,
1501 591 98 40 Fato
1562 591 98 40 sit:
1623 591 98 40 quod
1684 591 135 40 moritur
1770 591 61 40 ab-

1023 627 144 36 internis
1131 627 60 36 &
1155 627 96 36 sine
1215 627 120 36 aliena
1300 627 72 36 vi
1336 627 132 36 causis,
1432 627 108 36 Fato.
1504 627 96 36 Quod
1564 627 108 36 autem
1637 627 96 36 homo
1685 627 144 36 serpentem.

1047 663 107 37 ignit
1119 663 84 37 aut
1166 663 155 37 monstrum,
1286 663 131 37 praeter
1381 663 119 37 Fatum:
1465 663 131 37 itemque
1560 663 96 37 quod
1620 663 119 37 giadio
1692 663 131 37 occiditur

1030 695 80 43 aut
1075 695 103 43 igne.
1144 695 92 43 Ergo
1201 695 92 43 quod
1259 695 69 43 ex
1293 695 115 43 causis
1373 695 172 43 naturalibus
1511 695 149 43 definitis
1626 695 103 43 eoque
1683 695 149 43 necessariis

1044 724 128 36 rovenit
1137 724 70 36 in
1172 724 116 36 Natura
1253 724 174 36 necessario,
1393 724 70 36 id
1427 724 58 36 a
1451 724 93 36 Fato
1509 724 93 36 esse
1567 724 93 36 dici
1625 724 116 36 solet.
1706 724 81 36 Hoc
1741 724 81 36 Fatum

1038 758 144 36 Physicum
1146 758 156 36 improbari
1265 758 84 36 non
1313 758 132 36 potest:
1409 758 84 36 est
1457 758 96 36 enim
1517 758 168 36 necessitas
1648 758 60 36 &
1672 758 96 36 ordo
1720 758 108 36 natura-

1031 790 87 36 lis,
1085 790 65 36 ex
1118 790 163 36 naturalibus
1248 790 152 36 principiis
1356 790 152 36 proficiscens

1066 818 111 38 Fatum
1139 818 135 38 Stoicum
1238 818 86 38 seu
1287 818 160 38 violentum
1410 818 135 38 vocatur
1508 818 160 38 naturaiis
1631 818 172 38 necessitas
1766 818 61 38 &
1779 818 61 38 or-

1027 851 75 39 do
1064 851 113 39 rerum
1139 851 125 39 omnium
1227 851 200 39 actionumque,
1389 851 75 39 ab
1427 851 125 39 eterno
1514 851 113 39 aliis
1589 851 75 39 ad
1627 851 113 39 alias
1689 851 150 39 consequen-

1025 890 125 33 tibus,
1113 890 176 33 immutabili
1251 890 138 33 manente
1352 890 113 33 earum
1427 890 213 33 complicatione
1603 890 63 33 &
1628 890 113 33 serie
1703 890 100 33 quam
1753 890 63 33 nul

1038 925 58 31 a
1062 925 70 31 ac
1096 925 70 31 ne
1131 925 116 31 quidem
1212 925 116 31 divina
1294 925 81 31 vis
1340 925 128 31 rumpat.
1433 925 93 31 Inde
1491 925 186 31 concluserunt
1642 925 128 31 Stoici,
1723 925 93 31 natura

1029 953 106 41 liter
1100 953 106 41 omnia
1170 953 106 41 fieri
1241 953 164 41 necessario
1370 953 59 41 &
1393 953 176 41 inevitabili
1534 953 188 41 necessitate:
1687 953 94 41 quod
1734 953 82 41 Fatum

1029 990 130 39 neerito
1124 990 83 39 est
1171 990 142 39 rejectum
1277 990 59 39 &
1289 990 118 39 explosum

1058 1013 123 47 Fatum
1141 1013 219 47 Christianum,
1319 1013 110 47 quod
1387 1013 123 47 etiam
1470 1013 206 47 Theologicum
1634 1013 69 47 &
1662 1013 123 47 verum
1730 1013 110 47 Fatum:

1023 1052 173 36 appellant,
1159 1052 87 36 est
1208 1052 161 36 aeternum,
1332 1052 87 36 sed
1382 1052 173 36 liberrimum
1518 1052 87 36 Dei
1568 1052 161 36 decretum,
1691 1052 87 36 quo
1729 1052 111 36 singula

1035 1091 95 35 quae
1094 1091 107 35 fieri
1165 1091 154 35 debuerunt
1284 1091 59 35 &
1307 1091 130 35 debent,
1402 1091 83 35 suo
1449 1091 130 35 ordine,
1544 1091 107 35 loco,
1615 1091 142 35 tempores
1710 1091 130 35 firmiter:

1030 1117 97 35 iunt
1090 1117 181 35 praefinita.
1235 1117 85 35 Hoc
1284 1117 121 35 quidam
1368 1117 121 35 dicunt
1453 1117 97 35 idem
1514 1117 97 35 esse
1574 1117 97 35 quod
1634 1117 193 35 Providentiam
1780 1117 60 35 di-

1031 1149 114 33 vinam
1107 1149 76 33 ab
1145 1149 139 33 aeterno
1246 1149 114 33 omnia
1322 1149 190 33 providentem
1474 1149 240 33 disponentemque:
1676 1149 101 33 alii
1726 1149 114 33 distin-

1035 1189 105 34 guunt
1105 1189 58 34 a
1129 1189 175 34 Providentia
1269 1189 128 34 divina,
1362 1189 93 34 quam
1420 1189 82 34 non
1467 1189 117 34 aliter
1548 1189 128 34 capiunt
1642 1189 82 34 aut
1688 1189 175 34 considerat,

1032 1214 100 52 quam
1094 1214 75 52 ut
1131 1214 75 52 in
1168 1214 87 52 Deo
1218 1214 87 52 vis
1268 1214 87 52 sit
1318 1214 62 52 &
1343 1214 149 52 potestas
1454 1214 112 52 omnia
1529 1214 149 52 videndi,
1641 1214 149 52 sciendi,
1741 1214 100 52 guber

1011 1244 97 43 nandi.

1055 1277 118 33 Fatum
1134 1277 197 33 Christianum
1291 1277 66 33 a
1317 1277 131 33 Stoico
1409 1277 157 33 plurimum
1527 1277 144 33 distat.
1631 1277 92 33 Nam
1684 1277 118 33 primo
1749 1277 92 33 Stoi-

1022 1312 81 34 ci
1062 1312 107 34 Deum
1129 1312 107 34 Fato
1196 1312 202 34 subjiciunt,
1357 1312 94 34 nec
1411 1312 161 34 Juppiter
1532 1312 107 34 ipse
1599 1312 107 34 apud
1666 1312 161 34 Homerum,
1774 1312 67 34 cum

1036 1346 118 34 maxime
1119 1346 130 34 vellet,
1213 1346 165 34 Sarpedonem
1342 1346 94 34 suum
1401 1346 130 34 cripuit
1495 1346 94 34 ejus
1554 1346 141 34 vinclis:
1660 1346 71 34 at
1684 1346 141 34 Christiani

1027 1376 117 36 Fatum
1105 1376 182 36 subjiciunt
1248 1376 104 36 Deo,
1313 1376 91 36 qui
1365 1376 182 36 liberrimus
1507 1376 130 36 omnium
1598 1376 117 36 rerum
1676 1376 117 36 autor
1754 1376 65 36 &
1767 1376 52 36 a-

1035 1410 97 37 ctor
1095 1410 97 37 est,
1156 1410 60 37 &
1180 1410 157 37 naturalem
1301 1410 121 37 cursum
1385 1410 109 37 rerum
1458 1410 205 37 interrumpere,
1627 1410 133 37 sistere
1723 1410 60 37 &
1735 1410 97 37 mutare

1042 1444 123 36 potest
1128 1444 123 36 quando
1214 1444 111 36 vult.
1288 1444 86 36 Hoc
1337 1444 123 36 docuit
1423 1444 135 36 Phoenix
1521 1444 98 36 ille
1583 1444 172 36 Cermaniae,
1706 1444 123 36 bonorum.

1027 1478 131 36 amore
1115 1478 73 36 &
1144 1478 203 36 improborum
1303 1478 116 36 odio
1376 1478 218 36 clarissimus
1550 1478 189 36 PHILIPPUS
1681 1478 145 36 MELANCH-

1031 1504 97 42 THON
1091 1504 145 42 versibus
1188 1504 97 42 hisce-

1118 1533 91 48 Non
1170 1533 104 48 Deus
1235 1533 91 48 est
1287 1533 117 48 Numen
1365 1533 156 48 Parcarum
1482 1533 143 48 carcere
1573 1533 130 48 clausum,

1168 1570 108 44 Quale
1240 1570 156 44 putabatur
1360 1570 132 44 Stoicus
1457 1570 96 44 esse
1505 1570 84 44 Deus:

1121 1598 86 45 Ille
1175 1598 108 45 potest
1251 1598 97 45 Solis
1315 1598 108 45 currus
1391 1598 129 45 inhibere
1477 1598 108 45 volantes

1166 1639 88 36 Ille
1221 1639 99 36 velut
1287 1639 132 36 scopulos
1386 1639 121 36 flumina
1473 1639 99 36 stare
1528 1639 88 36 facit.

1068 1660 136 47 Secundo
1167 1660 124 47 Stoici
1253 1660 173 47 affirmant,
1389 1660 124 47 seriem
1476 1660 148 47 causarum
1587 1660 124 47 omnium
1673 1660 99 47 esse
1723 1660 111 47 natura-

1039 1699 90 40 lem,
1095 1699 101 40 quasi
1162 1699 79 40 sua
1207 1699 112 40 natura
1286 1699 101 40 simul
1354 1699 112 40 essent
1432 1699 169 40 connexaetat
1567 1699 157 40 Christiani
1691 1699 124 40 dicunt,
1770 1699 67 40 cau-

1038 1738 85 40 sas
1087 1738 110 40 rerum
1160 1738 61 40 a
1184 1738 122 40 divino
1269 1738 146 40 consilio
1379 1738 97 40 esse
1439 1738 170 40 conjunctas
1573 1738 61 40 &
1598 1738 73 40 ab
1634 1738 97 40 illo
1695 1738 122 40 semper
1768 1738 73 40 hanc

1028 1768 219 36 conjunctionem
1209 1768 65 36 &
1235 1768 129 36 seriem
1312 1768 129 36 pendere.

1073 1796 113 40 Tertio
1152 1796 113 40 Stoici
1231 1796 135 40 dicunit,
1332 1796 181 40 connexionem,
1479 1796 135 40 causarum
1581 1796 90 40 esse
1637 1796 113 40 reipsa
1705 1796 124 40 aeternam.

1035 1836 71 33 at
1071 1836 167 33 Christiani
1202 1836 119 33 docent
1285 1836 83 33 eam
1332 1836 119 33 factam
1416 1836 95 33 esse
1475 1836 59 33 &
1499 1836 107 33 sieri
1570 1836 131 33 tempore
1665 1836 155 33 divinitus
1773 1836 59 33 de-

1035 1867 141 38 stinato.
1141 1867 94 38 Etsi
1200 1867 94 38 enim
1259 1867 106 38 earum
1330 1867 118 38 series
1412 1867 71 38 ab
1448 1867 130 38 aeterno
1542 1867 83 38 est
1589 1867 59 38 a
1613 1867 83 38 Deo
1660 1867 177 38 praecognita
1790 1867 35 38 &

1046 1899 166 38 praefinita:
1179 1899 133 38 secundae
1278 1899 100 38 tamen
1344 1899 100 38 cause
1411 1899 77 38 non
1455 1899 88 38 sunt
1510 1899 144 38 aeternae;
1621 1899 100 38 origo
1687 1899 88 38 enim
1743 1899 66 38 us
1765 1899 66 38 cer-

1034 1930 81 40 te
1074 1930 94 40 cum
1114 1930 94 40 munde

1068 1957 120 48 Quarto
1152 1957 120 48 Stoici
1236 1957 180 48 contendunt,
1381 1957 108 48 omnes
1453 1957 120 48 causas
1537 1957 180 48 naturaliter
1682 1957 60 48 &
1694 1957 132 48 naturalis

1030 1997 85 37 bus
1079 1997 134 37 viribus
1176 1997 110 37 agere
1249 1997 61 37 &
1273 1997 158 37 producere
1395 1997 134 37 effecta
1492 1997 110 37 omnia
1565 1997 183 37 necessario,
1711 1997 110 37 atque
1772 1997 61 37 ita

1036 2033 130 32 tollunt
1131 2033 71 32 τὸ
1166 2033 189 32 ἐυδεχρμδνον,
1320 2033 213 32 Contingentiam:
1498 2033 166 32 Christiani
1628 2033 118 32 contra
1699 2033 130 32 statuunt,

1032 2065 115 37 multas
1113 2065 92 37 esse
1171 2065 127 37 causas,
1263 2065 92 37 quae
1321 2065 81 37 sua
1367 2065 115 37 natura
1448 2065 81 37 non
1494 2065 150 37 producunt
1609 2065 127 37 effecta
1690 2065 138 37 necessario

1029 2099 84 40 sed
1077 2099 192 40 contingenter
1233 2099 132 40 ipsarum
1329 2099 156 40 respectu,
1448 2099 132 40 etiamsi
1544 2099 144 40 respectu
1652 2099 120 40 divini
1724 2099 108 40 consili

1042 2124 152 45 necessario
1150 2124 87 45 agant.

1062 2149 124 52 Quinto
1148 2149 124 52 Stoici
1235 2149 86 52 vim
1284 2149 148 52 inferunt
1395 2149 161 52 voluntati
1519 2149 173 52 violentam:
1655 2149 173 52 Christiani
1778 2149 62 52 ne-

1038 2190 102 45 gant
1102 2190 179 45 voluntatem
1243 2190 115 45 cogi,
1320 2190 154 45 selumque
1435 2190 102 45 Deum
1499 2190 77 45 in
1538 2190 141 45 hominum
1640 2190 115 45 agere
1704 2190 128 45 volunta-

1031 2230 92 41 tes,
1088 2230 80 41 non
1134 2230 126 41 cogendo
1225 2230 114 41 tamen,
1305 2230 80 41 sed
1351 2230 114 41 absque
1431 2230 149 41 violentia
1545 2230 149 41 flectendo
1660 2230 80 41 quo
1705 2230 92 41 vult

1062 2256 119 37 Siquis
1145 2256 119 37 igitur
1229 2256 95 37 sana
1288 2256 59 37 &
1312 2256 95 37 vera
1371 2256 214 37 significatione
1550 2256 107 37 nomen
1621 2256 95 37 Fati
1680 2256 131 37 usurpet
1764 2256 71 37 pro-

1041 2283 133 42 decreto
1138 2283 85 42 Dei
1186 2283 170 42 liberrimo,
1319 2283 109 42 quale
1392 2283 157 42 Scriptura
1513 2283 73 42 S.
1549 2283 145 42 asserit,
1658 2283 109 42 mente
1731 2283 121 42 quidem
1804 2283 36 42 a

1046 2325 132 36 eritate
1142 2325 120 36 divina
1226 2325 84 36 non
1274 2325 144 36 aberrat;
1382 2325 132 36 nominis
1479 2325 108 36 tamen
1551 2325 168 36 periculum,
1683 2325 96 36 quum
1743 2325 72 36 de
1767 2325 60 36 re-

1042 2356 78 32 bus
1086 2356 122 32 divinis
1175 2356 100 32 sermo
1241 2356 89 32 est,
1297 2356 122 32 evitare
1385 2356 144 32 praestat,
1496 2356 111 32 saltem
1573 2356 89 32 apud
1629 2356 89 32 eos,
1684 2356 111 32 quorum
1751 2356 78 32 anime

1032 2388 87 32 vel
1081 2388 75 32 ad
1119 2388 200 32 Mathematicum
1281 2388 87 32 vel
1331 2388 75 32 ad
1369 2388 137 32 Stoicum
1469 2388 112 32 Fatum
1544 2388 175 32 inclinant,
1681 2388 75 32 ut
1719 2388 100 32 olim
1769 2388 62 32 in-

1029 2418 159 39 clinabant
1151 2418 171 39 Manichaei,
1285 2418 61 39 &
1309 2418 195 39 hodies(pudor
1468 2418 171 39 Christiani
1602 2418 134 39 nominis
1688 2418 134 39 PAstrolo-

1042 2450 101 48 gorum
1109 2450 90 48 fere
1165 2450 112 48 vulgus
1244 2450 101 48 atque
1311 2450 79 48 eis
1345 2450 90 48 dedit.

1257 2477 145 45 Tantum
1359 2477 87 45 de
1403 2477 145 45 nomine
1490 2477 102 45 Fati.

1071 2510 164 56 Sententia
1197 2510 101 56 vero
1260 2510 151 56 decretum
1374 2510 88 56 Dei
1424 2510 76 56 ab
1462 2510 139 56 Arnobio
1563 2510 139 56 dicitur
1663 2510 113 56 libro
1726 2510 101 56 prime-

1047 2556 141 40 adversus
1153 2556 129 40 Gentes,
1246 2556 94 40 pag.
1305 2556 117 40 viges.
1387 2556 129 40 quinta:
1481 2556 152 40 Dedidimus
1598 2556 82 40 nos
1645 2556 94 40 Deo,
1703 2556 105 40 cujus
1762 2556 70 40 nuta

1042 2588 56 39 &
1064 2588 134 39 arbitrio
1165 2588 90 39 omne
1221 2588 90 39 quod
1277 2588 90 39 est,
1333 2588 134 39 constat,
1434 2588 56 39 &
1456 2588 67 39 in
1490 2588 157 39 sententiae
1613 2588 90 39 suae
1658 2588 168 39 perpetuitate.

1051 2620 133 34 lefixum
1147 2620 96 34 est.
1208 2620 133 34 Attamen
1304 2620 157 34 Gregorius
1424 2620 120 34 Magnus
1509 2620 169 34 sententiam
1641 2620 60 34 a
1665 2620 145 34 consilio
1762 2620 60 34 di-

1041 2654 97 35 vino
1102 2654 183 35 distinguit,
1248 2654 97 35 quum
1309 2654 97 35 ait;
1369 2654 110 35 Novit
1443 2654 134 35 Dominus
1540 2654 122 35 mutare
1625 2654 183 35 sententiam,
1771 2654 85 35 sed

1040 2686 142 38 nunquam
1143 2686 116 38 novit
1220 2686 129 38 mutare
1310 2686 180 38 consilium.
1452 2686 116 38 Vocat
1529 2686 103 38 enim
1593 2686 167 38 Gregorins
1709 2686 116 38 senten-

1049 2718 108 39 tiam,
1121 2718 216 39 denunciationem
1301 2718 132 39 eventus
1397 2718 144 39 alicujus
1506 2718 108 39 juxta
1578 2718 132 39 hominum
1674 2718 132 39 merita,
1758 2718 72 39 ver-

1049 2753 102 32 uxta
1113 2753 153 32 rationem
1227 2753 153 32 causarum
1342 2753 178 32 secundarum
1482 2753 165 32 prolatam,
1609 2753 140 32 attamen
1711 2753 89 32 cum
1749 2753 76 32 con-

1042 2782 119 43 ditione
1129 2782 206 43 resipiscentiae:
1302 2782 76 43 vel
1345 2782 151 43 voluntatis
1464 2782 173 43 potentiaeque
1605 2782 130 43 divinae;
1702 2782 108 43 qualis
1767 2782 65 43 erat

1051 2814 151 36 sententia
1168 2814 151 36 Ninevitis
1284 2814 175 36 denunciata,
1424 2814 93 36 post
1482 2814 175 36 quadraginta
1622 2814 93 36 dies
1680 2814 128 36 Nineven
1761 2814 70 36 sub-

1042 2848 107 42 versum
1117 2848 86 42 iri,
1171 2848 86 42 Jon.
1224 2848 64 42 3.
1256 2848 64 42 5.
1288 2848 107 42 qualis
1363 2848 139 42 sententia
1470 2848 86 42 Regi
1524 2848 128 42 Ezechiae
1620 2848 150 42 aegrotanti
1727 2848 107 42 lethali-

1038 2878 84 37 ter
1086 2878 96 37 fuit
1146 2878 169 37 denunciata
1279 2878 84 37 per
1327 2878 133 37 Jesaiam
1424 2878 169 37 Prophetam,
1557 2878 133 37 futurum
1653 2878 72 37 ut
1689 2878 109 37 brevi
1750 2878 84 37 more-

1047 2908 93 43 vetur
1108 2908 62 43 ac
1139 2908 72 43 non
1181 2908 124 43 viveret,
1273 2908 62 43 2.
1304 2908 82 43 Reg.
1356 2908 72 43 20.
1397 2908 62 43 1.
1428 2908 51 43 &
1448 2908 93 43 Jesa.
1510 2908 72 43 38.
1541 2908 41 43 1.

1077 2939 87 46 His
1126 2939 62 46 &
1151 2939 162 46 similibus
1276 2939 162 46 nominibus
1401 2939 150 46 aeternum
1513 2939 162 46 consilium
1638 2939 62 46 &
1663 2939 150 46 decretum
1763 2939 75 46 Dei,

1057 2975 137 51 appellari
1151 2975 126 51 consuevit.

1139 3008 201 53 Definitioni
1299 3008 67 53 &
1326 3008 227 53 nomenclaturae
1513 3008 107 53 eius
1567 3008 187 53 subnectimus.

1329 3056 202 48 distributiones.

1074 3093 147 54 AEternum
1184 3093 147 54 decretum
1294 3093 86 54 seu
1344 3093 159 54 consilium
1466 3093 86 54 Dei
1515 3093 86 54 est
1564 3093 110 54 PRIMo
1638 3093 86 54 vel
1675 3093 159 54 beneplacit:

1050 3129 60 49 ti
1080 3129 70 49 Dei
1120 3129 70 49 vel
1150 3129 80 49 signi.
