2063 3459
248 170 154 41 Decretum
364 170 193 41 beneplaciti
518 170 103 41 Dei,
582 170 90 41 est
633 170 90 41 quo
685 170 103 41 Deus
749 170 77 41 ab
787 170 141 41 aeterno
890 170 154 41 decrevit
993 170 51 41 id

208 212 95 35 quod
268 212 95 35 vult
327 212 154 35 voluntate
446 212 190 35 beneplaciti:
600 212 166 35 diciturque
731 212 143 35 decretum
838 212 166 35 efficiens,
957 212 59 35 quo

211 235 96 47 Deus
271 235 84 47 non
319 235 120 47 tantum
403 235 72 47 ab
438 235 132 47 aeterno
534 235 168 47 constituit
666 235 144 47 efficere
774 235 108 47 bonum
845 235 84 47 vel
893 235 84 47 per
941 235 72 47 se
965 235 60 47 vel

220 274 86 38 per
269 274 122 38 alios,
354 274 110 38 verum
427 274 110 38 etiam
501 274 159 38 destinato
623 274 134 38 tempore
721 274 183 38 exsequitur;
867 274 61 38 &
892 274 159 38 moderatur

204 311 77 37 in
243 311 166 37 universum
370 311 115 37 omnia
447 311 179 37 dirigitque
588 311 77 37 ad
626 311 115 37 bonum
703 311 115 37 finem
779 311 153 37 secundum
881 311 141 37 infinitam

216 345 142 43 potentia
323 345 107 43 suam.
394 345 71 43 De
429 345 83 43 hoc
477 345 130 43 decreto
571 345 142 43 dicitur,
678 345 118 43 Ephes.
761 345 71 43 1.
796 345 83 43 11.
844 345 95 43 Deus
903 345 95 43 agit
950 345 83 43 omnia

214 375 64 47 ex
246 375 128 47 consilio
342 375 149 47 voluntatis
449 375 75 47 suae.

250 410 126 41 Vocatur
341 410 103 41 etiam
410 410 138 41 decretum
514 410 80 41 Dei
560 410 115 41 potens
640 410 57 41 &
663 410 184 41 ενεογηίικον,
812 410 80 41 hoc
858 410 92 41 est,
916 410 126 41 efficax

211 438 82 47 quo
258 438 94 47 agit
317 438 141 47 voluntas
422 438 82 47 Dei
469 438 117 47 intus,
551 438 94 47 quod
610 438 94 47 agit
668 438 141 47 potentia
774 438 117 47 foris:
856 438 94 47 quia
903 438 117 47 volunta-

204 478 85 41 tis
252 478 97 41 unus
313 478 61 41 &
337 478 97 41 idem
398 478 109 41 actus
470 478 145 41 internus
579 478 109 41 simul
652 478 109 41 atque
724 478 145 41 externus
833 478 97 41 est,
882 478 133 41 internus.

208 508 108 45 agens
280 508 108 45 quasi
353 508 181 45 formaliter,
497 508 96 45 quod
557 508 96 45 agit
618 508 145 45 externus
726 508 193 45 materialiter
883 508 72 45 in
907 508 108 45 qualibe

211 544 163 43 creatura
320 544 68 43 DEI

248 565 150 47 Illudque
361 565 125 47 duobus
449 565 113 47 modis
524 565 138 47 exserit
624 565 188 47 operationem
775 565 113 47 suam,
850 565 88 47 tum
887 565 138 47 efficien-

216 608 70 41 do
251 608 70 41 in
286 608 140 41 singulis
391 608 93 41 quod
450 608 82 41 sui
497 608 117 41 operis
578 608 93 41 est:
637 608 82 41 tum
683 608 152 41 ordinando
800 608 117 41 omnia,
882 608 105 41 etiam
940 608 82 41 quae-

219 639 83 43 sui
267 639 119 43 operis
350 639 83 43 non
397 639 107 43 sunt,
468 639 83 43 cum
515 639 107 43 aliis
587 639 107 43 atque
658 639 71 43 ad
693 639 95 43 suum
752 639 107 43 finem
824 639 154 43 dirigendo
930 639 95 43 produ

201 679 152 43 cendoque.

247 699 147 49 Decretum
357 699 98 49 ergo
419 699 184 49 beneplaciti
566 699 123 49 divini
652 699 270 49 dicitureνεργητικὸν
874 699 147 49 ἀπλώςκαταη

214 737 169 45 ενεργητικον,
352 737 63 45 id
383 737 85 45 est,
436 737 116 45 efficax
521 737 158 45 dupliciter,
648 737 74 45 vel
690 737 106 45 ἀπλός,
764 737 169 45 simpliciter:
901 737 74 45 vel
943 737 106 45 καταη,

225 777 146 49 secundum
334 777 97 49 quid
395 777 85 49 seu
432 777 170 49 aliquatenus.

252 796 147 54 Decretum
362 796 171 54 εναργτικον
496 796 122 54 ἀωλώς,
582 796 134 54 dicitur
680 796 134 54 ratione
777 796 86 54 tum
826 796 183 54 effectionis
961 796 61 54 tum

222 839 156 43 regiminis
342 839 240 43 ordinationisque;
546 839 84 43 quo
594 839 132 43 decreto
689 839 132 43 nimirum
785 839 84 43 res
833 839 156 43 divinitus
953 839 60 43 &
965 839 48 43 fi

220 872 94 46 unt,
279 872 165 46 diriguntur
409 872 200 46 ordinanturque
574 872 71 46 ac
609 872 153 46 speciatim
727 872 71 46 ad
762 872 94 46 bona
821 872 200 46 restringitur,
974 872 47 46 id

222 914 91 37 est,
278 914 68 37 ad
312 914 170 37 substantias
448 914 57 37 &
471 914 159 37 accidentia
596 914 125 37 illarum
687 914 91 37 quae
743 914 91 37 Deus
800 914 136 37 facturus
902 914 91 37 erat

250 940 139 43 Decretum
355 940 174 43 ενεργηιικον
494 940 116 43 καταη,
575 940 128 43 dicitur
668 940 128 43 ratione
761 940 151 43 regiminis
877 940 116 43 solum;
958 940 81 43 qui

223 972 137 42 decreto
322 972 137 42 nimirum
421 972 137 42 plurima
521 972 149 42 antequam
633 972 112 42 fiant
707 972 99 42 Deus
769 972 186 42 constituit,
919 972 62 42 &
931 972 87 42 guber

227 1013 92 37 nare
285 1013 92 37 sive
343 1013 161 37 principium
469 1013 127 37 illorum
561 1013 69 37 in
596 1013 150 37 consiliis
711 1013 58 37 &
734 1013 184 37 voluntatibus
884 1013 115 37 situm,
953 1013 69 37 sivi

219 1047 200 41 perfectionem
381 1047 75 41 in
419 1047 125 41 eventu
506 1047 200 41 consistentem
669 1047 150 41 spectes,
781 1047 63 41 &
806 1047 150 41 ordinare
919 1047 75 41 ad
944 1047 88 41 bonos

224 1073 111 46 fines;
302 1073 56 46 &
324 1073 89 46 quum
380 1073 100 46 fiunt
446 1073 56 46 &
469 1073 100 46 facta
535 1073 89 46 sunt
591 1073 67 46 ad
625 1073 100 46 fines
691 1073 156 46 destinatos
814 1073 134 46 dirigit:
914 1073 56 46 &
936 1073 78 46 hoc
969 1073 45 46 de

225 1117 117 30 cretum
307 1117 105 30 etiam
378 1117 141 30 peccatis
483 1117 152 30 congruit,
600 1117 117 30 quorum
682 1117 94 30 etsi
741 1117 94 30 Deus
799 1117 105 30 autor
870 1117 82 30 non
917 1117 94 30 est;
963 1117 59 30 ta-

222 1143 94 45 men
275 1143 121 45 eorum
356 1143 175 45 ordinator
491 1143 94 45 est
545 1143 67 45 &
572 1143 189 45 gubernator
720 1143 94 45 tum
774 1143 121 45 quoad
855 1143 189 45 principium
990 1143 67 45 tum

229 1181 126 45 quoad
313 1181 251 45 consummationem
508 1181 126 45 illorum

256 1211 148 36 Decretum
366 1211 123 36 igitur
453 1211 86 36 Dei
502 1211 86 36 est
551 1211 185 36 εναργητικὸν
699 1211 111 36 etiam
773 1211 148 36 respectu
871 1211 148 36 peccatorum

231 1243 84 40 non
279 1243 97 40 quod
340 1243 97 40 Deus
400 1243 169 40 decreverit
533 1243 133 40 peccata
629 1243 133 40 facere,
726 1243 84 40 sed
774 1243 97 40 quod
834 1243 169 40 decreverit
955 1243 60 40 pec

229 1270 97 43 cata
290 1270 85 43 sic
338 1270 158 43 gubernate
459 1270 61 43 &
484 1270 146 43 ordinare
593 1270 109 43 quoad
666 1270 231 43 circumstantias,
860 1270 61 43 &
884 1270 146 43 dirigere
981 1270 49 43 ad

222 1304 107 43 bonos
293 1304 119 43 fines,
377 1304 71 43 ne
412 1304 131 43 diaboli
508 1304 59 43 &
531 1304 131 43 homines
627 1304 155 43 peccantes
745 1304 83 43 vel
793 1304 119 43 movere
876 1304 71 43 se
900 1304 119 43 adversus

232 1339 159 49 quemquam,
354 1339 86 49 vel
403 1339 147 49 quicquam
513 1339 122 49 conari
598 1339 86 49 aut
647 1339 147 49 aggredi,
757 1339 147 49 aliisque
867 1339 122 49 nocere
952 1339 61 49 &
965 1339 73 49 pro-

232 1372 133 46 libidine
332 1372 55 46 &
354 1372 155 46 cupiditate
476 1372 78 46 sua
520 1372 111 46 furere
586 1372 111 46 possint.

261 1401 84 42 Qua
309 1401 132 42 propter
405 1401 96 42 quum
466 1401 132 42 efficax
562 1401 96 42 esse
622 1401 144 42 decretum
730 1401 144 42 respectu
839 1401 168 42 peccatorum
959 1401 60 42 di-

233 1443 114 39 citur,
312 1443 114 39 tantum
392 1443 125 39 otiosae
484 1443 57 39 &
506 1443 57 39 a
529 1443 182 39 gubernatione
677 1443 114 39 vacuae
757 1443 182 39 permissioni,
906 1443 91 39 quam
963 1443 91 39 qui¬

232 1473 83 35 dam
280 1473 179 35 imprudenter
423 1473 155 35 statuunt,
542 1473 167 35 opponitur;
673 1473 95 35 quum
732 1473 119 35 certum
816 1473 95 35 sit,
863 1473 155 35 peccantibus

230 1504 163 36 diabolis
353 1504 95 36 aut
407 1504 177 36 hominibus
543 1504 109 36 Deum
611 1504 177 36 nequaquam
747 1504 149 36 tanquam
855 1504 149 36 otiosum
950 1504 82 36 spe-

235 1536 136 42 ctatorem
337 1536 68 42 in
371 1536 125 42 theatro
461 1536 113 42 aliquo
540 1536 125 42 sedere,
631 1536 79 42 sed
676 1536 113 42 divina
755 1536 79 42 sua
801 1536 147 42 sapientia
914 1536 68 42 ac
936 1536 91 42 poten-

244 1572 85 46 tia
293 1572 110 46 omnia
354 1572 146 46 gubernater

395 1608 89 64 Sic
446 1608 102 64 fuit
510 1608 77 64 de
549 1608 141 64 decreto
651 1608 192 64 beneplaciti
791 1608 77 64 Dei.

261 1659 141 59 Decretum
367 1659 118 59 signi,
449 1659 82 59 est
496 1659 82 59 quo
543 1659 94 59 Deus
602 1659 71 59 ab
637 1659 129 59 aeterno
731 1659 141 59 decrevit
837 1659 71 59 id
872 1659 94 59 quod
931 1659 94 59 vult
978 1659 59 59 vo-

232 1703 121 46 luntate
309 1703 88 46 signi-

256 1741 107 39 Cujus
327 1741 131 39 species
423 1741 107 39 sunt;
494 1741 143 39 decretum
601 1741 190 39 praecipiens,
756 1741 59 39 &
779 1741 143 39 decretum
874 1741 155 39 permittens:

263 1770 137 37 Decretum
365 1770 183 37 praecipiens,
514 1770 80 37 est
559 1770 80 37 quo
605 1770 91 37 Deus
662 1770 68 37 ab
696 1770 126 37 aeterno
787 1770 160 37 constituit
913 1770 80 37 res
947 1770 80 37 faci-

225 1805 102 43 endas
293 1805 136 43 imperate
394 1805 102 43 quas,
462 1805 91 43 pbat
519 1805 113 43 fieri,
598 1805 79 43 aut
643 1805 147 43 fugiendas
756 1805 124 43 vitare,
847 1805 91 43 quas
904 1805 147 43 improbati

259 1835 143 38 Decretum
366 1835 179 38 permittens,
509 1835 83 38 est
557 1835 83 38 quo
605 1835 95 38 Deus
664 1835 72 38 ab
700 1835 131 38 aeterno
796 1835 167 38 constituit
915 1835 107 38 permit.

227 1866 89 41 tere
282 1866 111 41 fieri,
360 1866 155 41 quaecunque
470 1866 122 41 permitti-

258 1894 89 42 Hoc
309 1894 139 42 decreto
410 1894 101 42 Deus
474 1894 152 42 decrevit
588 1894 177 42 permittere
727 1894 89 42 non
778 1894 127 42 tantum
866 1894 101 42 bona
930 1894 89 42 aut
968 1894 63 42 me-

220 1935 91 40 dia,
276 1935 79 40 sed
322 1935 102 40 etiam
389 1935 147 40 peccatum:
503 1935 79 40 sic
548 1935 91 40 enim
604 1935 124 40 legitur
695 1935 91 40 Act.
751 1935 68 40 2.
785 1935 68 40 v.
819 1935 79 40 23.
865 1935 91 40 Hunc
910 1935 113 40 definito

223 1968 151 39 consitio,
340 1968 58 39 &
363 1968 174 39 providentia
502 1968 81 39 Dei
549 1968 128 39 deditum
641 1968 93 39 quum
699 1968 197 39 accepissetis,
862 1968 128 39 manibus
943 1968 70 39 sce-

220 2001 122 34 leratis
308 2001 100 34 cruci
375 2001 122 34 affixum
463 2001 188 34 interemistis.
618 2001 66 34 Et
651 2001 66 34 c.
684 2001 66 34 4.
717 2001 66 34 v.
751 2001 77 34 27,
795 2001 77 34 28.
839 2001 111 34 Coacti
916 2001 88 34 sunt
961 2001 66 34 enim

221 2033 104 37 vere
286 2033 156 37 adversus
403 2033 143 37 sanctum
507 2033 130 37 Filium
598 2033 104 37 tuum
664 2033 117 37 Iesum
742 2033 104 37 quem
807 2033 156 37 unxisti,
911 2033 117 37 Herodes

229 2069 60 37 &
253 2069 131 37 Pontius
348 2069 131 37 Filatus
443 2069 83 37 cum
491 2069 143 37 gentibus
598 2069 60 37 &
622 2069 131 37 populis
717 2069 131 37 Israel.
813 2069 71 37 Ut
848 2069 143 37 facerent
944 2069 71 37 quae

222 2108 122 34 cunque
307 2108 110 34 manus
381 2108 86 34 tua
430 2108 61 34 &
454 2108 159 34 consilium
577 2108 98 34 tuum
638 2108 110 34 prius
711 2108 171 34 definierat
833 2108 135 34 facienda.

254 2126 144 44 Quamvis
359 2126 118 44 autem
438 2126 105 44 Deus
503 2126 184 44 decreverit
648 2126 184 44 permittere
792 2126 171 44 peccatum:
924 2126 118 44 tamen
989 2126 53 44 id

224 2161 55 41 a
246 2161 99 41 nullo
312 2161 121 41 decreto
400 2161 77 41 Dei
444 2161 88 41 est,
499 2161 77 41 nec
543 2161 165 41 efficiente,
674 2161 77 41 nec
718 2161 187 41 praecipiente,
872 2161 77 41 nec
905 2161 110 41 permitte

213 2199 84 35 te,
261 2199 96 35 etsi
321 2199 96 35 fiat
380 2199 131 35 decreto
476 2199 179 35 permittente
619 2199 84 35 seu
667 2199 143 35 secundum
774 2199 143 35 decretum
870 2199 143 35 permittens

222 2231 107 36 Aliud
294 2231 96 36 enim
353 2231 84 36 est
401 2231 96 36 esse
461 2231 60 36 a
485 2231 143 36 decreto,
592 2231 107 36 aliud
664 2231 96 36 esse
724 2231 143 36 secundum
831 2231 155 36 decretum:
938 2231 84 36 illud

207 2266 96 47 enim
267 2266 132 47 causam;
363 2266 84 47 hoc
411 2266 96 47 vero
472 2266 168 47 antecedens
604 2266 120 47 notat,
688 2266 132 47 etiamsi
784 2266 84 47 non
833 2266 84 47 sit
881 2266 120 47 causa,
965 2266 84 47 sed

221 2298 186 41 cantummodo
367 2298 173 41 adjunctum
499 2298 106 41 quod
566 2298 186 41 antecedit.

229 2357 188 53 eAxiomata
373 2357 87 53 de
416 2357 159 53 decreto
532 2357 116 53 Dei,
604 2357 217 53 pertinentia
777 2357 87 53 ad
821 2357 144 53 primam
907 2357 87 53 hanc

477 2399 260 57 distributionem.

247 2452 74 40 I.
284 2452 148 40 Decretum
395 2452 86 40 Dei
444 2452 86 40 est
494 2452 235 40 sapientissimum:
691 2452 99 40 quia
753 2452 148 40 promanat
864 2452 62 40 a
876 2452 136 40 sapienti-

217 2485 110 44 Dei,
286 2485 137 44 omnium
382 2485 178 44 Angelorum
519 2485 69 44 &
547 2485 151 44 hominum
656 2485 165 44 mentibus
766 2485 247 44 incoprehensibili

250 2524 84 39 II.
298 2524 144 39 Decretum
406 2524 84 39 Dei
453 2524 84 39 est
501 2524 180 39 liberrimum:
645 2524 96 39 quia
705 2524 84 39 est
753 2524 108 39 actio
825 2524 168 39 voluntatis
944 2524 72 39 Dei.

211 2557 66 37 ac
244 2557 122 37 proinde
333 2557 89 37 ejus
388 2557 100 37 causa
454 2557 144 37 efficiens
565 2557 77 37 est
609 2557 144 37 liberrima
720 2557 133 37 voluntas
820 2557 89 37 Dei,
875 2557 89 37 quae
930 2557 66 37 ab
953 2557 66 37 alio

204 2591 85 34 non
252 2591 122 34 pendet
338 2591 85 34 aut
386 2591 146 34 regitur:
495 2591 97 34 ideo
556 2591 109 34 ipsum
629 2591 146 34 decretum
739 2591 109 34 saepe
811 2591 146 34 voluntas
921 2591 85 34 Dei
957 2591 61 34 Me-

211 2625 146 34 tonymice
321 2625 183 34 appellatur.
467 2625 110 34 Extra
540 2625 98 34 Deum
601 2625 110 34 autem
674 2625 110 34 causa
748 2625 98 34 ejus
809 2625 159 34 efficiens
918 2625 98 34 nulla.

208 2656 126 40 prorsus
299 2656 92 40 est,
357 2656 103 40 nulla
426 2656 92 40 esse
483 2656 126 40 potuit.
575 2656 80 40 Nam
621 2656 138 40 decretum
725 2656 80 40 Dei
771 2656 80 40 est
817 2656 149 40 aeternum,
932 2656 69 40 id
955 2656 57 40 est

210 2693 109 37 actus
283 2693 73 37 ab
319 2693 133 37 aeterno
416 2693 73 37 in
452 2693 85 37 Deo
501 2693 170 37 exsistens:
634 2693 145 37 quicquid
743 2693 97 37 enim
804 2693 97 37 Deus
864 2693 158 37 decrevit,
974 2693 48 37 ab

217 2720 126 41 aeterno
308 2720 148 41 decrevit:
422 2720 103 41 sicut
491 2720 103 41 dicit
559 2720 148 41 Apostolus
673 2720 126 41 Jacobus
765 2720 69 41 in
799 2720 137 41 Concilio
890 2720 126 41 Jerosoly-

212 2758 114 36 mitano
292 2758 91 36 Act.
349 2758 80 36 15.
395 2758 69 36 v.
429 2758 80 36 18.
475 2758 91 36 Nota
532 2758 91 36 sunt
589 2758 80 36 Deo
635 2758 69 36 ab
669 2758 91 36 aevo
726 2758 103 36 omnia
795 2758 103 36 opera
863 2758 91 36 sua.
921 2758 69 36 Et
943 2758 69 36 Pau-

220 2791 68 37 us
254 2791 68 37 I.
288 2791 91 37 Cor.
345 2791 68 37 2.
379 2791 68 37 v.
413 2791 68 37 7.
448 2791 137 37 Loquimur
550 2791 160 37 sapientiam
676 2791 80 37 Dei
721 2791 68 37 in
756 2791 148 37 mysterio,
870 2791 137 37 occultam
961 2791 57 37 il-

219 2823 86 34 iam
268 2823 98 34 quam
329 2823 195 34 praefinierat
488 2823 98 34 Deus
549 2823 98 34 ante
610 2823 122 34 secula
695 2823 73 34 ad
732 2823 134 34 gloriam
830 2823 147 34 nostram.
927 2823 98 34 Deinde

217 2856 139 39 aeternum
322 2856 139 39 decretum
426 2856 81 39 Dei
472 2856 116 39 reipsa
553 2856 104 39 nihil
623 2856 81 39 est
669 2856 116 39 aliud,
750 2856 93 39 quam
808 2856 127 39 ipsamet
889 2856 127 39 essentia.

217 2885 80 44 Dei
262 2885 159 44 decernens;
387 2885 125 44 ratione
478 2885 114 44 tantum
558 2885 68 44 ab
592 2885 68 44 ea
626 2885 136 44 differt:
728 2885 91 44 Ejus
785 2885 114 44 igitur
865 2885 102 44 causa
922 2885 102 44 effici-

209 2916 84 47 ens
257 2916 109 47 extra
330 2916 97 47 Deum
390 2916 97 47 dari
450 2916 84 47 non
486 2916 109 47 potest.

242 2949 102 54 III.
306 2949 153 54 Decretum
421 2949 89 54 Dei
471 2949 89 54 est
522 2949 178 54 absolutum,
662 2949 102 54 quod
726 2949 115 54 omnes
803 2949 127 54 causas
879 2949 140 54 secundas,

211 2996 107 42 omnia
282 2996 107 42 media
353 2996 201 42 antegreditur;
519 2996 83 42 non
566 2996 107 42 autem
637 2996 83 42 est
685 2996 201 42 conditionale,
850 2996 71 42 id
886 2996 95 42 est,
933 2996 83 42 cujus

218 3028 97 41 causa
283 3028 140 41 efficiens
390 3028 75 41 sit
433 3028 118 41 coditio
519 3028 118 41 aliqua,
605 3028 86 41 quae
659 3028 65 41 in
691 3028 140 41 creaturis
799 3028 140 41 exstitura
906 3028 97 41 erat.
960 3028 54 41 Nam

217 3053 163 47 impossibile
347 3053 87 47 est,
402 3053 65 47 ut
434 3053 98 47 ejus,
500 3053 87 47 quod
554 3053 65 47 in
586 3053 76 47 Deo
630 3053 76 47 est
673 3053 65 47 ab
706 3053 130 47 aeterno,
804 3053 98 47 causa
869 3053 141 47 efficiens
967 3053 54 47 sit

222 3090 148 46 conditio
333 3090 186 46 temporaria,
481 3090 87 46 seu
531 3090 99 46 quae
593 3090 111 46 certo
667 3090 111 46 demum
741 3090 136 46 tempore
840 3090 74 46 in
865 3090 136 46 hominibus

214 3127 76 40 vel
258 3127 98 40 aliis
323 3127 142 40 creaturis
432 3127 109 40 futura
509 3127 98 40 erat:
574 3127 76 40 sic
618 3127 87 40 enim
672 3127 98 40 causa
738 3127 142 40 efficiens
847 3127 98 40 esset
901 3127 131 40 posterior:

210 3149 85 53 suo
258 3149 133 53 effectu
355 3149 145 53 tempore.
464 3149 145 53 Decretum
573 3149 97 53 ergo
634 3149 85 53 Dei
682 3149 85 53 est
731 3149 170 53 absolutum,
864 3149 97 53 quia
924 3149 85 53 est
961 3149 48 53 se

218 3187 131 47 cundum
309 3187 183 47 propositum
453 3187 105 47 Dei,
518 3187 105 47 sine
584 3187 157 47 respectu
701 3187 183 47 personarum
845 3187 65 47 &
871 3187 144 47 operum,
963 3187 52 47 ut

1072 157 146 52 causarum
1181 157 194 52 efficientium
1339 157 146 52 decreti:
1448 157 97 52 quia
1509 157 97 52 fuit
1570 157 73 52 in
1606 157 97 52 Deo,
1667 157 146 52 antequam
1777 157 85 52 non
1813 157 85 52 solum

1071 205 121 37 Angeli
1155 205 60 37 &
1180 205 133 37 homines
1276 205 133 37 aliquid
1373 205 169 37 fecissent,
1505 205 84 37 sed
1554 205 109 37 etiam
1626 205 145 37 antequam
1722 205 109 37 essent,

1093 235 102 39 Quod
1157 235 76 39 si
1195 235 166 39 absolutum
1323 235 153 39 decretum
1437 235 89 39 Dei
1488 235 178 39 accipiatur
1628 235 89 39 pro
1679 235 140 39 decreto
1781 235 89 39 non
1819 235 64 39 re-

1069 264 122 44 velato
1154 264 73 44 in
1191 264 110 44 verbo
1265 264 98 44 Dei,
1326 264 86 44 vel
1375 264 98 44 quod
1436 264 110 44 nihil
1510 264 122 44 habeat
1595 264 208 44 subordinatum,
1767 264 98 44 quod
1816 264 61 44 me-

1062 304 89 39 rum
1113 304 153 39 solumque
1228 304 102 39 agat
1291 304 102 39 sine
1355 304 140 39 mediis,
1457 304 127 39 (quale
1546 304 153 39 decretum
1660 304 64 39 a
1686 304 114 39 nobis
1762 304 127 39 statui
1838 304 51 39 de

1068 334 129 39 salute
1158 334 142 39 hominum
1261 334 155 39 aeterna,
1377 334 129 39 quidam
1468 334 232 39 calumniantur;)
1661 334 77 39 ac
1700 334 142 39 proinde
1790 334 90 39 oppo-

1070 374 114 34 natur
1146 374 139 34 decreto
1247 374 164 34 ordinato:
1374 374 89 34 nos
1425 374 101 34 tale
1488 374 152 34 decretum
1602 374 89 34 non
1652 374 190 34 agnoscimus.
1791 374 89 34 Fater

1065 406 87 36 mur
1114 406 112 36 enim,
1189 406 87 36 (ut
1239 406 137 36 exempli
1339 406 125 36 gratia
1426 406 87 36 hoc
1476 406 162 36 dicamus,)
1600 406 100 36 Deum
1662 406 75 36 ut
1700 406 75 36 ab
1737 406 137 36 aeterno
1824 406 50 36 de

1068 444 119 31 crevit
1151 444 83 31 nos
1199 444 107 31 amare
1270 444 59 31 &
1294 444 143 31 servare:
1401 444 83 31 sic
1449 444 107 31 amare
1520 444 59 31 &
1544 444 167 31 benedicere
1675 444 107 31 nobis
1746 444 71 31 in
1770 444 119 31 Christo,

1065 466 122 39 vocare
1150 466 73 39 ad
1187 466 158 39 Christum,
1308 466 183 39 justificare
1454 466 61 39 &
1479 466 134 39 servare
1576 466 85 39 per
1625 466 146 39 Christum
1734 466 97 39 fide
1783 466 97 39 appre

1037 500 144 42 hensum.

1106 534 88 45 Qui
1157 534 113 45 autem
1232 534 150 45 decretum
1344 534 88 45 Dei
1395 534 200 45 conditionale
1557 534 138 45 dicunt,
1658 534 113 45 cujus
1733 534 175 45 exsequutio

1063 565 78 40 fit
1108 565 190 40 interveniente
1264 565 157 40 conditione
1387 565 112 40 aliqua
1465 565 67 40 in
1499 565 157 40 creaturis,
1622 565 89 40 illi
1678 565 145 40 improprie
1790 565 112 40 loquun

1065 607 98 37 tur;
1126 607 98 37 quia
1187 607 135 37 decreto
1285 607 147 37 tribuunt
1395 607 73 37 id
1432 607 98 37 quod
1493 607 86 37 est
1542 607 208 37 exsequutionis
1714 607 159 37 proprium,
1824 607 49 37 at

1076 634 91 42 que
1128 634 91 42 ita
1180 634 155 42 decretum
1296 634 91 42 cum
1348 634 207 42 exsequutione
1516 634 104 42 ejus
1581 634 194 42 confundunt.
1737 634 130 42 Deinde
1814 634 78 42 rem-

1067 667 185 47 denominant
1212 667 79 47 ex
1252 667 172 47 accidente
1384 667 198 47 temporario:
1542 667 106 47 quum
1608 667 119 47 rerum
1687 667 198 47 denominatio
1832 667 53 47 ex

1072 701 102 47 causa
1140 701 114 47 potius
1208 701 125 47 facienda,

1098 727 89 43 IV.
1149 727 140 43 Decreti
1251 727 128 43 divini
1341 727 115 43 finis
1417 727 89 43 est
1468 727 128 43 gloria
1557 727 89 43 Dei
1608 727 64 43 &
1634 727 204 43 complementum
1787 727 102 43 volun-

1077 774 105 41 tatis
1147 774 93 41 ejus
1205 774 70 41 in
1240 774 105 41 rebus
1310 774 128 41 creatis
1391 774 116 41 omnibus.

1114 797 71 49 V.
1150 797 130 49 Decreti
1244 797 118 49 divini
1326 797 141 49 effectus
1432 797 141 49 proprius
1538 797 59 49 &
1562 797 177 49 necessarius
1703 797 82 49 est
1739 797 141 49 praesentia

1070 836 88 35 Dei
1121 836 151 35 definita
1234 836 113 35 rerum
1310 836 176 35 futurarum.
1448 836 176 35 Quaecunque
1586 836 101 35 enim
1649 836 101 35 Deus
1712 836 164 35 decrevit,
1826 836 50 35 ea

1077 867 86 40 dem
1126 867 122 40 futura
1211 867 183 40 praescivit.
1358 867 110 40 Prius
1431 867 147 40 decrevit
1541 867 73 40 si
1578 867 134 40 ordinem
1675 867 122 40 causae
1749 867 134 40 spectemus

1081 902 114 47 postea
1160 902 171 47 praescivit.
1297 902 114 47 Itaque
1377 902 80 47 non
1422 902 80 47 res
1468 902 137 47 futurae,
1570 902 80 47 sed
1616 902 137 47 aeternum
1718 902 68 47 de
1752 902 125 47 futuris
1832 902 57 47 de-

1066 940 117 39 cretum,
1151 940 181 39 praescientiae
1300 940 117 39 divinae
1385 940 96 39 causa
1449 940 85 39 est:
1502 940 74 39 sic
1544 940 64 39 ut
1576 940 181 39 praescientiae
1725 940 106 39 divine
1788 940 96 39 limita-

1079 970 82 43 tio
1126 970 82 43 non
1173 970 152 43 proveniat
1290 970 58 43 a
1313 970 164 43 conditione
1442 970 105 43 rerum
1512 970 94 43 quae
1570 970 199 43 praevidentur,
1734 970 82 43 sed
1781 970 58 43 a
1792 970 94 43 volun-

1068 1001 103 45 tate
1133 1001 64 45 &
1158 1001 142 45 decreto
1261 1001 90 45 Dei
1313 1001 142 45 tanquam
1416 1001 168 45 principio
1545 1001 245 45 determinationis
1738 1001 155 45 futurorum.

1066 1038 153 33 Temporale
1184 1038 94 33 enim
1242 1038 129 33 aeterni
1336 1038 106 33 neque
1407 1038 117 33 causa,
1489 1038 106 33 neque
1559 1038 153 33 limitatio
1677 1038 94 33 esse
1735 1038 129 33 potest.
1817 1038 59 33 No-

1070 1072 88 49 ergo
1125 1072 88 49 quia
1180 1072 110 49 futura
1257 1072 110 49 erant,
1334 1072 88 49 Deus
1389 1072 66 49 ea
1422 1072 165 49 praescivit:
1553 1072 77 49 sed
1597 1072 88 49 ideo
1652 1072 165 49 praescivit,
1784 1072 88 49 quia
1828 1072 55 49 de-

1081 1103 128 43 creverat
1177 1103 64 43 ut
1198 1103 96 43 fierent

1101 1138 116 41 Deinde
1183 1138 128 41 aeterni
1276 1138 128 41 decreti
1369 1138 81 41 Dei
1415 1138 139 41 effectus
1520 1138 93 41 sunt
1578 1138 81 41 tum
1624 1138 81 41 res
1671 1138 105 41 omnes
1741 1138 93 41 quae
1799 1138 70 41 in
1822 1138 58 41 te-

1081 1171 92 39 pore
1138 1171 115 39 factae
1218 1171 103 39 sunt,
1287 1171 103 39 siunt
1356 1171 57 39 &
1379 1171 115 39 fient:
1459 1171 80 39 tum
1505 1171 92 39 ordo
1562 1171 103 39 earum
1631 1171 80 39 cum
1677 1171 126 39 omnibus
1768 1171 115 39 causis
1837 1171 46 39 se

1074 1201 126 41 cundis
1163 1201 88 41 seu
1213 1201 126 41 mediis
1302 1201 63 41 &
1327 1201 240 41 circumstantiis.
1529 1201 88 41 Res
1580 1201 114 41 omnes
1656 1201 101 41 quum
1719 1201 152 41 dicimus,
1820 1201 63 41 tum

1081 1238 198 37 substantias,
1242 1238 87 37 tum
1291 1238 124 37 creata
1378 1238 186 37 accidentia,
1526 1238 87 37 tum
1576 1238 136 37 eventus
1675 1238 136 37 illarum
1774 1238 111 37 bonos
1836 1238 62 37 ma-

1080 1271 128 37 losque
1170 1271 218 37 intelligimus;
1350 1271 90 37 sed
1401 1271 154 37 peccatum
1517 1271 193 37 excludimus,
1671 1271 103 37 quod
1735 1271 90 37 non
1786 1271 90 37 est
1825 1271 64 37 Res

1078 1305 139 37 Ordinem
1180 1305 101 37 vero
1243 1305 202 37 intelligimus
1407 1305 114 37 neque
1483 1305 177 37 naturalem,
1622 1305 114 37 neque
1698 1305 139 37 eternum
1799 1305 89 37 seu
1837 1305 51 37 ab

1079 1339 143 38 aeterno
1183 1339 117 38 rebus
1261 1339 208 38 inhaerentem,
1430 1339 182 38 (Stoicorum
1573 1339 104 38 enim
1638 1339 117 38 fatum
1716 1339 91 38 non
1755 1339 130 38 approba-

1073 1379 109 39 mus,)
1145 1379 85 39 sed
1194 1379 109 39 certo
1266 1379 133 39 tempore
1363 1379 169 39 institutum
1496 1379 60 39 a
1520 1379 85 39 Deo
1569 1379 60 39 &
1593 1379 73 39 ab
1629 1379 97 39 ejus
1689 1379 145 39 consilio
1786 1379 109 39 semper

1072 1403 154 42 pendentem.

1105 1429 125 46 Itaque
1193 1429 150 46 decretum
1306 1429 88 46 Dei
1356 1429 88 46 est
1406 1429 113 46 rerum
1481 1429 138 46 omnium,
1581 1429 113 46 nulla
1656 1429 150 46 excepta,
1769 1429 63 46 &
1781 1429 113 46 ordinis

1087 1469 115 38 llarum
1168 1469 173 38 ενιργητικὸν
1307 1469 81 38 seu
1353 1469 127 38 efficax
1434 1469 150 38 principium.

1106 1501 167 39 OBIICIUNT
1235 1501 141 39 quidam:
1337 1501 167 39 Quicunque
1466 1501 128 39 docet,
1555 1501 154 39 decretum
1671 1501 90 39 Dei
1722 1501 103 39 esse
1774 1501 116 39 effica;

1091 1541 158 42 principium
1215 1541 102 42 rerum
1283 1541 125 42 omnium,
1374 1541 158 42 necessario
1498 1541 136 42 statuit,
1600 1541 136 42 decretum
1702 1541 91 42 Dei,
1758 1541 102 42 etiam
1815 1541 68 42 pec-

1078 1573 98 33 cati
1139 1573 171 33 principium
1273 1573 110 33 esse.
1347 1573 73 33 At
1384 1573 110 33 prius
1457 1573 122 33 docent
1543 1573 147 33 Doctores
1653 1573 183 33 Ecclesiarum
1787 1573 98 33 refor-

1078 1606 153 45 matarum
1189 1606 97 45 seu
1245 1606 236 45 Evangelicarum
1439 1606 83 45 in
1481 1606 153 45 Gallia,
1592 1606 180 45 Germania,
1730 1606 153 45 Anglia,
1828 1606 69 45 &c.

1087 1634 86 43 Ergo
1141 1634 97 43 etiam
1206 1634 141 43 posterius
1314 1634 130 43 statuant
1411 1634 119 43 necesse
1487 1634 65 43 est.

1106 1668 162 37 RESPONP.
1227 1668 121 37 Major
1308 1668 189 37 propositio
1456 1668 162 37 negatur:
1578 1668 94 37 nam
1632 1668 67 37 &
1659 1668 162 37 Spiritus
1767 1668 121 37 Sanctus

1088 1701 101 42 ipse
1151 1701 88 42 per
1202 1701 163 42 Apostolum
1327 1701 126 42 Paulum
1415 1701 126 42 docet,
1503 1701 151 42 decretum
1616 1701 101 42 esse
1679 1701 138 42 efficax
1780 1701 113 42 rerum
1843 1701 50 42 o-

1077 1745 107 30 mnium
1149 1745 179 30 principium;
1292 1745 96 30 quum
1352 1745 107 30 dicit
1423 1745 119 30 Ephes.
1507 1745 72 30 1.
1543 1745 84 30 11.
1590 1745 96 30 quod
1650 1745 203 30 praedestinati
1805 1745 84 30 simus

1075 1769 159 44 secundum
1194 1769 186 44 propositum
1340 1769 93 44 τοῦ
1393 1769 146 44 ταπάντα
1500 1769 186 44 ενεργονιος
1646 1769 80 44 κι
1686 1769 93 44 τυν
1739 1769 106 44 ζουη
1805 1769 80 44 το
1832 1769 66 44 θε-

1079 1803 131 46 λημαιος
1174 1803 107 46 αυτο,
1246 1803 71 46 id
1281 1803 95 46 est,
1341 1803 95 46 ejus
1400 1803 83 46 qui
1448 1803 107 46 omnia
1519 1803 131 46 efficit
1614 1803 143 46 secundum
1721 1803 155 46 consilium
1829 1803 59 46 vo-

1076 1831 123 46 luntatis
1158 1831 72 46 suae,

1112 1866 150 47 INSTANT.
1224 1866 150 47 Decretum
1336 1866 87 47 Dei
1386 1866 87 47 est
1436 1866 187 47 ενεργητικον
1586 1866 112 47 etiam
1660 1866 150 47 respectu
1760 1866 125 47 peccatis

1097 1899 79 40 rgo
1142 1899 79 40 est
1187 1899 158 40 principium
1311 1899 56 40 &
1333 1899 101 40 causa
1401 1899 146 40 efficiens
1502 1899 113 40 peccatis

1105 1924 171 48 RESPOND.
1233 1924 171 48 Procedit
1361 1924 71 48 a
1390 1924 128 48 dicto
1475 1924 171 48 secundum
1603 1924 114 48 quid
1674 1924 85 48 ad
1717 1924 142 48 dictum
1803 1924 85 48 sim-

1075 1965 153 41 pliciter.
1193 1965 82 41 Nam
1240 1965 141 41 decretum
1345 1965 82 41 Dei
1392 1965 82 41 est
1439 1965 164 41 ευργηίικον
1568 1965 141 41 respectu
1674 1965 141 41 peccati,
1779 1965 82 41 non
1815 1965 70 41 sim-

1072 2004 137 41 pliciter
1174 2004 137 41 quatenus
1277 2004 80 41 est
1323 2004 148 41 peccatum,
1437 2004 68 41 id
1471 2004 91 41 est,
1528 2004 148 41 aberratio
1642 2004 57 41 a
1665 2004 91 41 Lege
1722 2004 91 41 Dei:
1779 2004 80 41 sed
1814 2004 68 41 qua-

1064 2039 114 33 tenus
1140 2039 114 33 illud
1216 2039 101 33 Deus
1280 2039 165 33 gubernat,
1406 2039 114 33 eique
1483 2039 114 33 modum
1559 2039 152 33 imponit,
1673 2039 63 33 &
1698 2039 139 33 limites
1787 2039 101 33 certos

1065 2068 147 43 statuit,
1175 2068 73 43 ne
1212 2068 184 43 committatur
1359 2068 86 43 per
1408 2068 184 43 quoscunque,
1554 2068 171 43 ubicunque,
1689 2068 147 43 adversus
1799 2068 110 43 quos¬

1071 2104 130 37 cunque,
1166 2104 153 37 quocunque
1283 2104 106 37 modo,
1354 2104 118 37 quovis
1437 2104 142 37 tempore,
1543 2104 59 37 &
1567 2104 71 37 si
1602 2104 94 37 quae
1661 2104 94 37 sunt
1720 2104 106 37 aliae
1779 2104 106 37 circum-

1062 2135 143 41 stantiae
1170 2135 60 41 &
1193 2135 119 41 causae
1277 2135 155 41 secundae;
1396 2135 60 41 &
1420 2135 143 41 quatenus
1528 2135 107 41 illud
1599 2135 131 41 dirigit
1695 2135 72 41 ad
1731 2135 107 41 bonum
1790 2135 96 41 finem.

1108 2166 231 44 INSTANTamplius:
1302 2166 146 44 Decretum
1411 2166 85 44 Dei
1460 2166 85 44 est
1509 2166 206 44 ἐνιργηιιlικον
1679 2166 146 44 respectu
1776 2166 109 44 peccati

1067 2204 88 51 non
1118 2204 126 51 tantum
1206 2204 113 51 quoad
1282 2204 151 51 eventum,
1395 2204 88 51 sed
1445 2204 113 51 etiam
1521 2204 113 51 quoad
1596 2204 176 51 principium
1735 2204 126 51 ejus;:
1810 2204 76 51 Ergo

1075 2231 74 47 ist
1118 2231 96 47 causa
1182 2231 138 47 efficiens
1277 2231 96 47 peccati

1092 2259 172 50 RESPOND.
1221 2259 186 50 Processus
1364 2259 100 50 est
1421 2259 72 50 a
1450 2259 129 50 dicto
1535 2259 172 50 secundum
1664 2259 115 50 quid
1736 2259 86 50 ad
1764 2259 115 50 dictum

1063 2292 186 52 simpliciter.
1214 2292 139 52 Decretum
1319 2292 81 52 Dei
1365 2292 81 52 est
1412 2292 174 52 eνιργητικον
1551 2292 139 52 respectu
1655 2292 139 52 peccati,
1760 2292 104 52 etiam
1818 2292 58 52 quo

1068 2337 75 40 ad
1105 2337 175 40 principium
1242 2337 112 40 ejus,
1317 2337 75 40 id
1355 2337 100 40 est,
1417 2337 112 40 malam
1492 2337 187 40 voluntatem,
1642 2337 87 40 non
1692 2337 150 40 faciendo
1792 2337 87 40 malam

1057 2365 198 44 voluntatem,
1215 2365 92 44 sed
1268 2365 92 44 eam
1321 2365 185 44 gubernando
1466 2365 225 44 ordinandoque.
1651 2365 106 44 Deus
1717 2365 106 44 enim
1770 2365 106 44 creato

1061 2403 133 39 omnium
1154 2403 187 39 naturarum,
1301 2403 120 39 bonas
1381 2403 187 39 voluntates
1528 2403 187 39 remunerat,
1674 2403 120 39 malas
1755 2403 160 39 judicat,

1065 2432 141 46 utrasque
1171 2432 141 46 ordinat.

1094 2467 93 36 VI.
1147 2467 146 36 Decreti
1253 2467 133 36 divini
1346 2467 172 36 subjectum
1478 2467 93 36 seu
1531 2467 159 36 objectum
1650 2467 106 36 sunt
1717 2467 133 36 omnino
1796 2467 93 36 omnia

1069 2501 100 41 quae
1132 2501 125 41 futura
1220 2501 125 41 erant,
1308 2501 125 41 maxima
1395 2501 63 41 &
1420 2501 138 41 minima,
1521 2501 100 41 bona
1583 2501 63 41 &
1608 2501 113 41 mala.
1684 2501 75 41 De
1721 2501 113 41 bonis
1784 2501 100 41 nullum

1068 2536 82 36 est
1115 2536 129 36 dubium;
1209 2536 117 36 nullum
1291 2536 105 36 etiam
1361 2536 70 36 de
1396 2536 94 36 malo
1455 2536 129 36 poenae.
1548 2536 70 36 De
1583 2536 94 36 malo
1642 2536 129 36 culpae,
1736 2536 70 36 id
1771 2536 94 36 est,
1817 2536 59 36 pec

1062 2570 96 45 cato
1122 2570 216 45 distinguendum.
1302 2570 144 45 Quatenus
1410 2570 84 45 est
1458 2570 156 45 peccatum,
1579 2570 72 45 id
1615 2570 96 45 est,
1675 2570 156 45 aberratio
1795 2570 60 45 a
1807 2570 72 45 Legi

1062 2602 130 35 divina,
1157 2602 142 35 decrevit
1263 2602 107 35 illud
1334 2602 95 35 Deus
1394 2602 130 35 decreto
1488 2602 189 35 permittente,
1642 2602 83 35 non
1690 2602 107 35 autem
1749 2602 130 35 efficient

1062 2637 87 40 te:
1111 2637 99 40 quod
1173 2637 99 40 vero
1235 2637 136 40 attinet
1334 2637 185 40 substantiam
1482 2637 87 40 aut
1531 2637 148 40 actionem
1643 2637 87 40 cui
1692 2637 148 40 peccatum
1791 2637 99 40 inest,

1063 2674 103 44 quod
1128 2674 103 44 item
1192 2674 220 44 gubernationem
1373 2674 65 44 &
1399 2674 207 44 ordinationem
1567 2674 142 44 peccati
1670 2674 155 44 attinet,
1787 2674 78 44 ta
1812 2674 65 44 quo

1060 2705 82 32 ad
1101 2705 206 32 principium,
1266 2705 110 32 quam
1335 2705 124 32 quoad
1418 2705 151 32 eventum
1528 2705 69 32 &
1555 2705 234 32 consumationem
1748 2705 124 32 ejus,
1816 2705 69 32 de-

1059 2739 105 31 creta
1129 2739 93 31 illa
1188 2739 82 31 est
1234 2739 128 31 decreto
1328 2739 175 31 efficiente.
1468 2739 93 31 Quod
1526 2739 140 31 dicimus,
1631 2739 128 31 firmant
1724 2739 163 31 Scripturae
1841 2739 35 31 S

1068 2771 175 33 testimonia,
1208 2771 58 33 e
1232 2771 117 33 quibus
1313 2771 93 33 haec
1372 2771 175 33 producimus.
1512 2771 117 33 Actor.
1593 2771 70 33 2.
1628 2771 70 33 v.
1663 2771 82 33 23.
1710 2771 93 33 Hunc
1757 2771 128 33 definite.

1067 2801 94 36 illo
1126 2801 141 36 consilio
1231 2801 59 36 &
1255 2801 211 36 praecognitione
1431 2801 82 36 Dei
1477 2801 141 36 deditum,
1583 2801 94 36 quum
1642 2801 199 36 accepissetis,
1794 2801 82 36 mani-

1059 2834 85 36 bus
1107 2834 169 36 sceleratis
1240 2834 109 36 cruci
1313 2834 133 36 affixum
1410 2834 206 36 interemistis.
1579 2834 85 36 Hic
1628 2834 121 36 Petrus
1713 2834 157 36 Apostolus
1821 2834 61 36 ex-

1074 2869 116 37 presse
1155 2869 116 37 docet,
1237 2869 139 37 ἐκδοσιν,
1341 2869 69 37 id
1375 2869 93 37 est,
1433 2869 174 37 deditionem,
1572 2869 81 37 seu
1619 2869 174 37 proditionem
1758 2869 93 37 quam
1804 2869 81 37 Judas

1068 2895 175 42 Ischariotes
1208 2895 128 42 Judaeis
1302 2895 140 42 Christum
1407 2895 152 42 tradidit,
1523 2895 117 42 fuisse
1605 2895 140 42 consilio
1710 2895 82 42 Dei
1745 2895 128 42 definitam

1056 2933 60 37 &
1080 2933 145 37 decretum
1189 2933 121 37 Actor.
1273 2933 72 37 4.
1309 2933 72 37 v.
1345 2933 84 37 27,
1394 2933 84 37 28.
1442 2933 169 37 Congregati
1575 2933 96 37 sunt
1635 2933 96 37 enim
1695 2933 72 37 in
1731 2933 84 37 hac
1767 2933 109 37 civita-

1061 2970 76 32 te
1099 2970 102 32 vere
1163 2970 153 32 adversus
1278 2970 140 32 sanctum
1380 2970 127 32 Filium
1469 2970 102 32 tuum
1533 2970 127 32 Iesum,
1622 2970 102 32 quem
1686 2970 153 32 unxisti,
1788 2970 76 32 Hero

1064 3000 84 42 des
1112 3000 60 42 &
1136 3000 131 42 Pontius
1231 3000 143 42 Pilatus,
1339 3000 84 42 cum
1386 3000 143 42 Gentibus
1494 3000 60 42 &
1518 3000 131 42 populis
1613 3000 155 42 Israelis,
1733 3000 72 42 ut
1757 3000 119 42 facerent

1065 3035 170 46 quaecunque
1198 3035 109 46 manus
1271 3035 85 46 tua
1319 3035 61 46 &
1344 3035 158 46 consilium
1465 3035 97 46 tuum
1525 3035 109 46 prius
1598 3035 170 46 definierat
1732 3035 73 46 ut
1756 3035 121 46 fierent.

1057 3068 96 33 Hic
1112 3068 165 33 Apostoli
1236 3068 124 33 palam
1318 3068 151 33 dicunt,
1428 3068 82 33 ea
1469 3068 110 33 quae
1538 3068 137 33 hostes
1634 3068 151 33 CHRISTI
1730 3068 137 33 fecerunt

1054 3103 130 39 definita
1152 3103 109 39 fuisse
1228 3103 130 39 consilio
1325 3103 76 39 Dei
1369 3103 65 39 ut
1401 3103 130 39 fierent.
1499 3103 65 39 1.
1532 3103 87 39 Pet.
1586 3103 65 39 3.
1618 3103 76 39 17.
1662 3103 109 39 Melius
1738 3103 87 39 enim
1792 3103 76 39 est
1825 3103 43 39 ut

1059 3131 94 41 bene
1118 3131 141 41 agentes,
1224 3131 71 41 si
1260 3131 83 41 ita
1307 3131 106 41 velit
1378 3131 83 41 Dei
1425 3131 141 41 uoluntas
1531 3131 106 41 malis
1602 3131 189 41 afficiamini,
1755 3131 94 41 quam
1802 3131 59 41 mal

1060 3169 144 35 agentes.
1168 3169 72 35 Et
1204 3169 72 35 1.
1240 3169 108 35 Petr.
1311 3169 72 35 4.
1347 3169 84 35 19.
1395 3169 84 35 Qui
1443 3169 108 35 malis
1515 3169 180 35 afficiuntur
1659 3169 72 35 ex
1694 3169 156 35 uoluntate
1802 3169 72 35 Dei,

1056 3200 145 36 tanquam
1161 3200 131 36 fideli
1253 3200 171 36 Conditori
1385 3200 184 36 commendent
1529 3200 131 36 animas
1621 3200 105 36 suas
1674 3200 197 36 benefaciendo.
