2063 3429
198 220 204 46 RESPONDEO:
359 220 248 46 Distinguendum
563 220 117 46 est.
636 220 175 46 Quicquid
767 220 160 46 omnibus
869 220 131 46 futuris

178 265 184 38 necessitatem
327 265 81 38 vel
373 265 138 38 imponit,
477 265 150 38 videlicet
592 265 161 38 absolutam,
718 265 81 38 vel
764 265 161 38 coactivam,
891 265 69 38 id
914 265 58 38 tol

180 297 88 37 lit
231 297 226 37 contingentiam.
419 297 75 37 At
456 297 150 37 aeternum
569 297 150 37 decretum
682 297 88 37 Dei
732 297 138 37 omnibus
833 297 138 37 futuris
920 297 63 37 ne-

170 333 179 41 cessitatem
311 333 153 41 imponere
426 333 90 41 vel
477 333 179 41 absolutam,
618 333 90 41 vel
669 333 179 41 coactivam;
810 333 153 41 negatur.
912 333 64 41 Nam

178 366 139 33 decretum
283 366 81 33 Dei
329 366 81 33 sic
375 366 162 33 effectibus
503 366 58 33 &
526 366 151 33 eventibus
642 366 58 33 a
665 366 70 33 se
700 366 185 33 determinatis
839 366 139 33 necessita-

173 396 88 38 tem
224 396 151 38 imponit,
337 396 75 38 ut
374 396 126 38 causas
462 396 151 38 secundas
576 396 151 38 secundum
689 396 138 38 ipsarum
789 396 138 38 naturam
877 396 88 38 move-

174 428 73 38 ri
210 428 61 38 &
235 428 110 38 agere
308 428 122 38 velit.
394 428 98 38 Ergo
455 428 147 38 effectus
565 428 86 38 seu
614 428 134 38 eventus
711 428 86 38 qui
760 428 147 38 respectu
858 428 122 38 causarum

180 460 179 39 secundarum,
323 460 83 39 per
371 460 95 39 quas
430 460 107 39 fiunt
502 460 60 39 &
526 460 155 39 eveniunt,
645 460 95 39 sunt
705 460 203 39 contingentes;
860 460 119 39 respectu

182 492 121 40 decreti
270 492 110 40 divini
347 492 88 40 sunt
401 492 165 40 necessarii,
533 492 77 40 non
577 492 165 40 necessitate
709 492 143 40 absoluta,
818 492 77 40 nec
851 492 132 40 necessita-

176 527 72 36 te
212 527 145 36 coactiva
320 527 84 36 seu
369 527 181 36 coactionis,
513 527 84 36 sed
561 527 120 36 tantum
646 527 181 36 necessitate
778 527 205 36 immutabilitatis

176 559 88 35 seu
227 559 188 35 necessitate
377 559 75 35 ex
415 559 163 35 hypothesi
541 559 63 35 &
566 559 213 35 consequentia.
741 559 113 35 Nihil
817 559 88 35 sua
867 559 126 35 natura
942 559 63 35 tam

178 592 160 35 contingens
303 592 149 35 etsistit,
418 592 69 35 ut
452 592 80 35 non
498 592 114 35 tribus
578 592 103 35 modis
647 592 69 35 ex
681 592 149 35 hypothesi
796 592 80 35 sit
830 592 149 35 necessarium

184 624 126 37 decreto
275 624 126 37 diviho,
366 624 183 37 praescientia
515 624 80 37 Dei
560 624 171 37 infallibili
697 624 57 37 &
720 624 183 37 exsistentia.
868 624 80 37 Nam
903 624 68 37 quio

181 661 91 38 quid
238 661 91 38 Deus
295 661 137 38 decrevit
397 661 57 38 &
420 661 137 38 definito
523 661 160 38 praescivit
648 661 137 38 futurum,
751 661 125 38 necesse
842 661 80 38 est
888 661 103 38 fieri
945 661 34 38 &

183 690 138 36 evenire.
286 690 138 36 Quicquid
389 690 103 36 etiam
458 690 149 36 exsistit,
573 690 80 36 qua
618 690 138 36 exsistit
722 690 115 36 sadde,
802 690 138 36 quicquid
894 690 80 36 futu-

174 727 101 38 rum,
238 727 101 38 quam
301 727 152 38 futurum)
415 727 190 38 necessarium
567 727 101 38 est:
631 727 101 38 quia
694 727 114 38 alias
770 727 89 38 duo
808 727 178 38 contradicto-

177 762 83 34 tia
225 762 107 34 simul
296 762 118 34 essent
378 762 107 34 vera,
449 762 95 34 quod
509 762 130 34 naturae
603 762 142 34 repugnat
710 762 59 34 &
733 762 142 34 veritati
840 762 95 34 Dei,
899 762 71 34 in
923 762 59 34 quo

179 789 92 38 non
232 789 92 38 est
284 789 119 38 simul
363 789 119 38 Etiam
442 789 66 38 &
469 789 105 38 Non,
535 789 79 38 ut
574 789 132 38 Paulus
667 789 171 38 Apostolus
798 789 132 38 docet,
891 789 79 38 2.
917 789 66 38 Co-

177 820 116 41 tinth.
259 820 70 41 1.
293 820 81 41 18,
328 820 58 41 20.

225 840 113 57 XIIX.
301 840 150 57 Decretum
413 840 88 57 Dei
463 840 175 57 comparatur
601 840 88 57 cum
651 840 138 57 scripto
751 840 175 57 verissimo,
889 840 75 57 ex
914 840 75 57 usus

182 885 137 40 forensi.
284 885 91 40 Dan.
341 885 80 40 10.
387 885 80 40 21.
433 885 137 40 Indicabo
535 885 91 40 tibi
592 885 68 40 id
627 885 91 40 quod
684 885 137 40 exaratum
786 885 80 40 est
832 885 68 40 in
866 885 125 40 scripto
946 885 57 40 ve-

184 919 141 39 rissimo,
290 919 71 39 id
325 919 94 39 est,
384 919 94 39 quod
443 919 177 39 constitutum
585 919 82 39 est
632 919 71 39 in
667 919 130 39 decreto
761 919 82 39 Dei
808 919 141 39 aeterno.
902 919 71 39 Com-

187 957 128 37 paratur
281 957 105 37 etiam
351 957 117 37 libro,
432 957 58 37 &
455 957 152 37 nominatur
572 957 105 37 liber
642 957 82 37 Dei
689 957 105 37 Psal.
759 957 128 37 156.16.
852 957 105 37 Apoc.
922 957 70 37 5.
945 957 35 37 1

183 995 66 35 &
209 995 105 35 cap.
275 995 92 35 10.

224 1028 92 54 Sic
277 1028 105 54 fuit
342 1028 119 54 prima
421 1028 198 54 distributio
579 1028 145 54 aeterni
685 1028 158 54 consilii
803 1028 66 54 &
816 1028 132 54 decretis

381 1071 177 66 diuvini:
514 1071 177 66 sequitur
632 1071 147 66 secunda.

416 1160 266 51 CAPUT
563 1160 177 51 VII.

166 1221 105 55 In
218 1221 122 55 quo
288 1221 105 55 de
340 1221 348 55 Praedestinatione
636 1221 261 55 creaturarum
828 1221 139 55 ratio-

386 1276 201 55 nalium
526 1276 120 55 in
566 1276 201 55 communi-

206 1332 140 39 EcUuNDo
308 1332 153 39 decretum
423 1332 89 39 Dei
474 1332 89 39 vel
525 1332 153 39 generale
640 1332 89 39 est
691 1332 89 39 vel
729 1332 140 39 speciale.

252 1374 144 37 Decretum
360 1374 84 37 Dei
408 1374 156 37 generale,
528 1374 84 37 est
576 1374 96 37 quod
637 1374 72 37 in
673 1374 120 37 genere
757 1374 72 37 ad
793 1374 108 37 omnes
865 1374 84 37 res
901 1374 84 37 crea-

185 1385 88 63 tas
236 1385 163 63 pertinet,
361 1385 100 63 quas
424 1385 88 63 pro
474 1385 88 63 suo
524 1385 150 63 arbitrio
637 1385 88 63 cum
687 1385 138 63 omnibus
787 1385 138 63 illatum
875 1385 113 63 citcum-

184 1433 150 36 stantiis
296 1433 100 36 quam
358 1433 125 36 optime
446 1433 162 36 decrevit.
571 1433 87 36 Hoc
621 1433 175 36 appellatur
758 1433 112 36 etiam
821 1433 162 36 providentia

184 1468 95 46 Dei,
244 1468 143 46 quatenus
350 1468 71 46 de
386 1468 131 46 interna
481 1468 131 46 actione
576 1468 83 46 Dei
624 1468 202 46 intelligitur;
790 1468 71 46 ut
826 1468 107 46 supra
885 1468 95 46 quoqui

166 1501 129 41 dictum.

211 1530 137 46 Decretum
313 1530 80 46 Dei
359 1530 148 46 speciale,
472 1530 80 46 est
518 1530 91 46 quod
575 1530 148 46 creaturas
689 1530 159 46 rationales
814 1530 137 46 attingit
905 1530 68 46 spe-

181 1566 106 39 ciali
252 1566 141 39 ratione.
358 1566 82 39 Hoc
405 1566 141 39 decretum
511 1566 212 39 praedestinatio
687 1566 129 39 dicitur
781 1566 188 39 Synecdochice
922 1566 71 39 quum

187 1608 241 36 praedestinationis
393 1608 103 36 nomen
462 1608 138 36 alioquin
565 1608 115 36 latius
645 1608 126 36 pateat,
737 1608 57 36 &
760 1608 160 36 significet
886 1608 69 36 in
909 1608 80 36 gene-

186 1631 73 43 re
222 1631 147 43 decretum
332 1631 86 43 Dei
381 1631 147 43 aeternum
491 1631 61 43 &
516 1631 147 43 immotum,
626 1631 98 43 quo,
687 1631 110 43 prout
760 1631 98 43 ipsi
821 1631 147 43 placuit,
919 1631 61 43 tam

180 1665 71 40 in
216 1665 118 40 genere
298 1665 106 40 omnes
369 1665 82 40 res
416 1665 141 40 creatas,
522 1665 94 40 quam
581 1665 71 40 in
616 1665 118 40 specie
698 1665 153 40 creaturas
816 1665 165 40 rationales
934 1665 47 40 ac

191 1697 113 37 certum
270 1697 101 37 finem
337 1697 158 37 ordinavit.
461 1697 79 37 Hoc
506 1697 90 37 loco
562 1697 101 37 autem
630 1697 146 37 specialis
743 1697 191 37 praedstinatio
889 1697 90 37 intel-

184 1727 143 43 ligitur,
291 1727 143 43 quatenus
398 1727 155 43 creaturas
518 1727 167 43 rationales
649 1727 143 43 respicit
756 1727 107 43 extra
827 1727 167 43 temporalem
946 1727 36 43 &

184 1765 145 40 animalem
293 1765 97 40 hanc
353 1765 121 40 vitam:
438 1765 61 40 &
462 1765 218 40 praedestinatio
644 1765 182 40 creaturarum
789 1765 182 40 rationalium
922 1765 61 40 ap-

187 1794 146 46 pellatur;
299 1794 67 46 ac
333 1794 123 46 proinde
422 1794 90 46 pars
478 1794 79 46 est
523 1794 179 46 providentiae
669 1794 79 46 Dei
714 1794 56 46 &
736 1794 236 46 praedestinationis
927 1794 56 46 ge

176 1827 102 38 neralis

216 1853 76 47 De
254 1853 254 47 praedestinatione
471 1853 114 47 autem
547 1853 153 47 speciali
662 1853 191 47 creaturarum
814 1853 191 47 rationalium
954 1853 51 47 in

183 1893 147 43 communi
276 1893 161 43 quaeritur:

225 1916 62 55 I.
256 1916 62 55 An
287 1916 73 55 sit
329 1916 83 55 ulla
381 1916 187 55 praedestinatio
536 1916 62 55 in
568 1916 73 55 Deo
609 1916 62 55 ad
640 1916 135 55 creaturas
744 1916 146 55 rationales
848 1916 125 55 speciatio,

171 1954 137 48 pertinens:

223 1982 76 54 II.
267 1982 65 54 An
299 1982 131 54 doctrina
397 1982 65 54 de
430 1982 218 54 praedestinatione
615 1982 87 54 illa
670 1982 76 54 sit
714 1982 142 54 tradenda:
823 1982 65 54 an
855 1982 87 54 vero
899 1982 87 54 potius

190 2026 150 39 omittenda
305 2026 69 39 in
339 2026 138 39 Ecclesia
431 2026 69 39 Dei:

227 2053 83 38 III.
278 2053 83 38 Quid
330 2053 72 38 sit
371 2053 186 38 praedestinatio
516 2053 62 38 illa

218 2082 71 47 IV.
258 2082 132 47 Quotuplex
360 2082 81 47 sit,
411 2082 71 47 seu
452 2082 81 47 quot
502 2082 81 47 eius
553 2082 102 47 partes
624 2082 91 47 sint?
685 2082 51 47 &
706 2082 81 47 quae
757 2082 132 47 distincte
858 2082 81 47 sint
899 2082 71 47 utri-

192 2120 91 50 usque
253 2120 111 50 partes,
333 2120 101 50 causa,
404 2120 121 50 effecta,
495 2120 131 50 subiecta,
596 2120 131 50 adiuncta,
697 2120 162 50 dissentanea,
828 2120 141 50 comparata,
929 2120 51 50 &c.

416 2159 96 63 De
464 2159 144 63 prima
544 2159 207 63 quaestione.

217 2213 88 47 Quum
272 2213 154 47 quaeritur,
393 2213 66 47 An
426 2213 77 47 sit
470 2213 88 47 ulla
525 2213 66 47 in
558 2213 77 47 Deo
603 2213 198 47 praedestinatio
768 2213 66 47 in
801 2213 110 47 specie
878 2213 66 47 ad
900 2213 77 47 crea-

182 2247 96 43 turas
246 2247 150 43 rationales
364 2247 150 43 pertinens?
481 2247 139 43 sententia
588 2247 85 43 est,
642 2247 64 43 an
674 2247 75 43 sit
717 2247 118 43 aliquod
802 2247 139 43 consilium
909 2247 53 43 &
920 2247 53 43 de-

184 2288 122 34 cretum
269 2288 98 34 Dei,
330 2288 85 34 quo
379 2288 73 34 ab
416 2288 134 34 aeterno
513 2288 159 34 discrevit
635 2288 159 34 salvandos
757 2288 61 34 &
769 2288 171 34 condemnandos

220 2322 92 34 Esse
278 2322 104 34 autem
347 2322 242 34 praedestinationem
555 2322 104 34 talem
624 2322 69 34 in
659 2322 92 34 Deo,
716 2322 81 34 hoc
762 2322 92 34 est,
820 2322 138 34 decretum
912 2322 58 34 qui

181 2349 143 36 discrevit
291 2349 143 36 creaturas
401 2349 154 36 rationales
522 2349 176 36 beatitudinis
665 2349 55 36 &
687 2349 132 36 miseriae
786 2349 132 36 aeternae
874 2349 99 36 ratione

188 2384 119 45 probant
274 2384 97 45 primo
339 2384 151 45 Scripturae
458 2384 108 45 Sacrae
533 2384 162 45 testimonia.
663 2384 86 45 Eph.
716 2384 65 45 1.
749 2384 65 45 v.
781 2384 65 45 4.
803 2384 183 45 praedestinavit.

187 2412 82 42 nos,
238 2412 82 42 quos
289 2412 133 42 adoptaret
392 2412 62 42 in
423 2412 113 42 filios,
505 2412 72 42 per
546 2412 123 42 Christum
638 2412 103 42 Iesum,
710 2412 62 42 in
740 2412 92 42 sese,
802 2412 72 42 pro
843 2412 123 42 benevolo
925 2412 51 42 af-

190 2445 95 41 fecta
254 2445 148 41 uoluntatis
370 2445 95 41 suae.
433 2445 53 41 &
454 2445 63 41 v.
486 2445 74 41 11.
528 2445 63 41 In
559 2445 74 41 quo
602 2445 95 41 etiam
665 2445 63 41 in
696 2445 105 41 sortem
770 2445 116 41 adsciti
855 2445 105 41 sumus,
918 2445 63 41 quum

193 2475 116 54 essemus
278 2475 180 54 praedestinati
426 2475 127 54 secundum
522 2475 169 54 praestitutum
659 2475 85 54 eius
712 2475 74 54 qui
755 2475 85 54 agit
808 2475 95 54 omnia
871 2475 64 54 ex
892 2475 85 54 consi-

189 2516 72 34 lio
230 2516 144 34 voluntatis
343 2516 92 34 suae.
405 2516 82 34 Rom.
456 2516 62 34 8.
487 2516 72 34 29.
528 2516 82 34 Quos
579 2516 154 34 praescivit,
703 2516 92 34 etiam
764 2516 195 34 praedestinavit,
918 2516 62 34 con-

185 2543 144 46 formandos
296 2543 122 46 imagini
385 2543 100 46 Filii
451 2543 89 46 sui.
507 2543 67 46 In
540 2543 133 46 epistola
640 2543 100 46 Judae
707 2543 133 46 Apostoli
807 2543 144 46 Catholica
918 2543 67 46 v.
940 2543 33 46 ,

181 2582 194 37 Subrepserunt
338 2582 121 37 quidam
423 2582 145 37 homines,
532 2582 85 37 iam
580 2582 97 37 olim
641 2582 157 37 descripti
762 2582 73 37 ad
798 2582 97 37 hanc
847 2582 133 37 damnatio-

186 2614 96 36 nem.
246 2614 96 36 Alia
306 2614 167 36 testimonia
437 2614 143 36 deinceps
545 2614 179 36 adducentur.

214 2641 134 44 Secundo
311 2641 134 44 probant
409 2641 97 44 idem
470 2641 146 44 rationes
567 2641 146 44 sequentes.

213 2676 120 40 Prima:
297 2676 84 40 Qui
345 2676 84 40 est
393 2676 229 40 sapientissimus,
586 2676 72 40 is
622 2676 108 40 omnes
694 2676 84 40 res
742 2676 96 40 suas
803 2676 144 40 antequam
899 2676 84 40 fiant

192 2709 80 42 non
237 2709 68 42 in
271 2709 137 42 incertum
374 2709 137 42 eventum,
476 2709 80 42 sed
522 2709 68 42 ad
556 2709 114 42 certum
635 2709 102 42 finem
704 2709 193 42 praedestinat:
863 2709 102 42 Atqui
920 2709 68 42 Deus

189 2740 84 43 est
237 2740 229 43 sapientissimus:
430 2740 96 43 Ergo
490 2740 96 43 Deus
550 2740 108 43 omnes
622 2740 84 43 res
670 2740 96 43 suas
730 2740 144 43 antequam
839 2740 120 43 factae
911 2740 72 43 sunt

190 2778 86 40 non
239 2778 74 40 in
276 2778 148 40 incertum
387 2778 148 40 eventum,
498 2778 86 40 sed
548 2778 74 40 ad
585 2778 123 40 certum
671 2778 111 40 finem
745 2778 235 40 praedestinavit;
930 2778 62 40 Ac-

190 2810 125 49 proinde
280 2810 102 49 etiam
349 2810 148 49 creaturas
462 2810 91 49 suas
507 2810 148 49 rationales.

218 2830 130 45 Secunda:
316 2830 76 45 Qui
359 2830 76 45 est
403 2830 152 45 liberrimae
522 2830 152 45 potestatis
642 2830 54 45 &
663 2830 174 45 ,
804 2830 65 45 is
837 2830 65 45 de
870 2830 76 45 suo
902 2830 87 45 facit?

198 2874 89 44 quod
253 2874 89 44 sibi
309 2874 155 44 placuerit:
431 2874 100 44 Atqui
497 2874 89 44 Deus
553 2874 78 44 est
597 2874 155 44 liberrimae
719 2874 155 44 potestatis
841 2874 55 44 &
863 2874 100 44 solus
918 2874 67 44 vero

183 2902 188 50 :
336 2902 94 50 Deus
395 2902 118 50 igitur
477 2902 71 50 de
513 2902 82 50 suo
560 2902 106 50 fecit
630 2902 94 50 quod
689 2902 94 50 sibi
748 2902 141 50 placuit,
854 2902 71 50 ac
877 2902 106 50 proinde

197 2938 144 44 creaturas
308 2938 89 44 suas
363 2938 199 44 praedestinavit
529 2938 78 44 quo
562 2938 100 44 voluit.

226 2962 123 49 Tertia:
315 2962 67 49 In
349 2962 78 49 quo
394 2962 78 49 est
438 2962 145 49 consilium
550 2962 56 49 &
572 2962 134 49 decretum
673 2962 67 49 de
707 2962 101 49 rebus
774 2962 134 49 futuris,
874 2962 67 49 in
908 2962 67 49 eo
930 2962 56 49 est

191 3005 218 38 praedestinatio:
374 3005 92 38 quia
431 3005 206 38 praedestinatio
603 3005 80 38 est
649 3005 92 38 tale
706 3005 149 38 consilium
820 3005 57 38 &
843 3005 149 38 decretum.
946 3005 46 38 At

189 3036 71 46 in
225 3036 83 46 Deo
272 3036 83 46 est
320 3036 154 46 consilium
438 3036 59 46 &
462 3036 142 46 decretum
569 3036 71 46 de
604 3036 107 46 rebus
676 3036 142 46 futuris:
782 3036 107 46 Ergo,
842 3036 59 46 &c.

225 3068 127 46 Quarta:
318 3068 173 46 Providentia
457 3068 81 46 est
503 3068 69 46 in
537 3068 92 46 Deo:
595 3068 208 46 Praedestinatio
768 3068 81 46 est
815 3068 92 46 pars
861 3068 127 46 providens

194 3095 100 51 tiae.
260 3095 89 51 Ergo
316 3095 199 51 praedestinatio
482 3095 78 51 est
526 3095 66 51 in
549 3095 66 51 Deo.

219 3140 129 51 Quinta:
313 3140 70 51 In
348 3140 82 51 quo
395 3140 82 51 est
442 3140 199 51 praescientia,
606 3140 94 51 amor
664 3140 59 51 &
688 3140 164 51 propositum
816 3140 176 51 voluntatis,
945 3140 47 51 in

200 3177 67 36 eo
233 3177 78 36 est
278 3177 211 36 praedestinatio:
455 3177 89 36 quia
510 3177 89 36 haec
566 3177 67 36 ab
599 3177 100 36 illis
665 3177 133 36 separari
765 3177 78 36 non
810 3177 111 36 potest
887 3177 78 36 Jam
931 3177 67 36 in
954 3177 55 36 Deo

193 3214 82 44 est
240 3214 199 44 praescientia,
404 3214 94 44 amor
463 3214 59 44 &
486 3214 164 44 propositum
615 3214 176 44 voluntatis,
755 3214 82 44 &c.
802 3214 105 44 Ergo,
860 3214 59 44 &c.

1039 217 121 68 Sexta:
1123 217 109 68 Omnis
1196 217 157 68 perfectio
1316 217 84 68 est
1365 217 72 68 in
1401 217 97 68 Deo.
1461 217 217 68 Praedestinatio
1642 217 84 68 est
1678 217 145 68 perfectio:

1018 264 87 45 Ergo
1073 264 87 45 illa
1127 264 76 45 est
1171 264 65 45 in
1193 264 65 45 Deo.

1053 286 185 56 OBJICITURI.
1200 286 74 56 Si
1237 286 98 56 Deus
1299 286 86 56 non
1348 286 86 56 est
1397 286 148 56 acceptor
1508 286 185 56 personarum;
1656 286 86 56 tum
1705 286 74 56 in
1742 286 98 56 ipse

1027 325 76 50 non
1071 325 76 50 est
1114 325 207 50 praedestinatio:
1288 325 98 50 Atqui
1354 325 87 50 Deus
1408 325 76 50 non
1452 325 76 50 est
1495 325 131 50 acceptor
1593 325 163 50 personarum,
1724 325 65 50 ut
1746 325 76 50 dici-

1025 361 78 39 tur
1069 361 89 39 Act.
1125 361 67 39 1.
1159 361 78 39 34.
1203 361 56 39 &
1226 361 112 39 passim
1304 361 67 39 in
1326 361 134 39 Scriptura-

1071 399 80 43 Ergo
1121 399 60 43 in
1151 399 70 43 Deo
1192 399 70 43 non
1232 399 70 43 est
1272 399 181 43 praedestinatio

1053 427 107 52 RESP.
1125 427 131 52 Negatur
1220 427 191 52 consequentia
1375 427 143 52 connexi:
1483 427 96 52 quia
1543 427 215 52 praedestinatio
1722 427 84 52 non
1757 427 72 52 est?

1023 453 136 59 acceptio
1125 453 170 59 personarum,
1261 453 102 59 neque
1329 453 91 59 pars
1386 453 102 59 ejus,
1454 453 79 59 aut
1499 453 113 59 causa,
1579 453 79 59 aut
1624 453 148 59 effectum,
1738 453 79 59 aut
1772 453 45 59 ad

1035 500 116 36 unctum
1117 500 104 36 ejus.
1186 500 209 36 Praedestinatio
1360 500 93 36 enim
1418 500 81 36 est
1465 500 139 36 decretum
1569 500 81 36 Dei
1616 500 151 36 aeternum:
1732 500 70 36 at
1755 500 58 36 e

1139 535 81 37 seu
1185 535 162 37 personarum
1312 535 139 37 acceptio
1416 535 81 37 est
1462 535 104 37 actio
1531 535 173 37 temporalis,
1670 535 92 37 quum
1716 535 104 37 aliquic

1024 562 67 43 in
1057 562 123 43 quopiam
1147 562 190 43 consideratur,
1303 562 89 43 quod
1359 562 123 43 gratiam
1448 562 89 43 ipsi
1504 562 123 43 pariat;
1593 562 67 43 ut
1626 562 78 43 est
1671 562 112 43 genus,
1738 562 78 43 sexus

1028 593 135 39 dignitas,
1132 593 125 39 carnalis
1225 593 177 39 propinquitas,
1371 593 94 39 opes,
1434 593 104 39 patria
1507 593 83 39 sive
1559 593 94 39 gens,
1621 593 115 39 officia
1694 593 125 39 praestita.

1020 630 120 43 merita
1104 630 60 43 &
1128 630 132 43 similes
1224 630 144 43 externae
1333 630 180 43 qualitates,
1477 630 120 43 quibus
1561 630 132 43 homines
1658 630 72 43 in
1694 630 132 43 judicio
1778 630 48 43 de

1018 663 102 38 aliis
1086 663 114 38 solent
1165 663 125 38 moveri:
1256 663 80 38 aut
1302 663 91 38 quum
1359 663 159 38 aequalibus
1484 663 114 38 dantur
1563 663 171 38 inaequalia,
1700 663 114 38 quibus
1768 663 57 38 ex-

1030 690 168 47 obligatione
1164 690 134 47 aequalia
1265 690 101 47 danda
1332 690 112 47 erant.
1411 690 101 47 Atqui
1478 690 101 47 nihil
1545 690 78 47 est
1590 690 67 47 in
1623 690 90 47 ulla
1679 690 134 47 creatura
1769 690 56 47 ra-

1025 729 135 33 tionali,
1126 729 90 33 quod
1183 729 68 33 ei
1217 729 124 33 gratiam
1307 729 102 33 apiid
1375 729 90 33 Deum
1431 729 158 33 concilier;
1555 729 79 33 sed
1600 729 90 33 Deus
1657 729 90 33 ipse
1713 729 90 33 sibi
1758 729 68 33 gra-

1033 762 81 40 tos
1080 762 58 40 &
1103 762 139 40 acceptos
1207 762 69 40 in
1242 762 104 40 filio
1311 762 81 40 suo
1357 762 104 40 fecit
1426 762 92 40 quos
1484 762 127 40 voluit:
1577 762 81 40 Nec
1623 762 92 40 Deus
1681 762 81 40 est
1727 762 127 40 cuiquam

1020 793 164 44 obligatus,
1149 793 70 44 ut
1184 793 70 44 ei
1219 793 141 44 teneatur
1325 793 141 44 quicquam
1419 793 70 44 dare

1058 828 64 46 I.
1090 828 85 46 Cor.
1144 828 64 46 4.
1176 828 64 46 v.
1208 828 64 46 7.
1240 828 128 46 dicitur:
1336 828 85 46 Quis
1389 828 64 46 te
1421 828 64 46 ab
1453 828 96 46 aliis
1506 828 128 46 discernit?

1071 857 81 41 Ergo
1122 857 91 41 nulla
1183 857 71 41 est
1223 857 61 41 in
1254 857 71 41 Deo
1294 857 193 41 praedestinatio.

1053 874 107 49 RESP.
1125 874 107 49 Nulla
1196 874 131 49 prorsus
1292 874 84 49 est
1340 874 203 49 consequentia.
1507 874 84 49 Nam
1554 874 119 49 Paulus
1638 874 72 49 in
1674 874 143 49 allegato
1769 874 60 49 lo-

1023 926 70 41 co
1058 926 82 41 non
1105 926 94 41 agit
1164 926 70 41 de
1199 926 235 41 praedestinatione
1399 926 129 41 divina,
1493 926 82 41 sed
1540 926 117 41 tantum
1622 926 141 41 ostendit
1716 926 117 41 eptimum.

1026 958 147 37 remedium
1136 958 172 37 coercendae
1271 958 184 37 arrogantiae
1418 958 184 37 ministrorum
1565 958 110 37 verbi
1639 958 98 37 Dei;
1700 958 74 37 q.
1737 958 74 37 d.
1761 958 74 37 quis

1024 990 87 36 enim
1079 990 87 36 tibi
1133 990 186 36 praerogativam
1286 990 109 36 dedit,
1363 990 66 36 ut
1396 990 98 36 solus
1461 990 120 36 emineas
1549 990 98 36 inter
1614 990 131 36 pastores
1702 990 120 36 Ecclesiae

1184 1025 198 56 Hactenus
1333 1025 99 56 de
1383 1025 149 56 prima
1466 1025 198 56 quostione.

1063 1081 130 41 SECUNDA
1158 1081 142 41 quaestio
1265 1081 95 41 est:
1324 1081 71 41 An
1360 1081 142 41 doctrina
1466 1081 71 41 de
1502 1081 237 41 praedestinatione
1704 1081 119 41 divina
1775 1081 59 41 sit

1024 1117 147 39 tradendo,
1137 1117 68 39 an
1171 1117 113 39 potius
1250 1117 147 39 omittenda
1363 1117 68 39 in
1397 1117 136 39 Ecclesia
1488 1117 68 39 Dei.

1060 1148 68 41 De
1094 1148 79 41 hac
1139 1148 159 41 quaestione
1264 1148 181 41 discrepantes
1411 1148 91 41 sunt
1468 1148 170 41 sententiae.
1604 1148 147 41 Pelagiani
1717 1148 91 41 enim
1762 1148 57 41 af-

1033 1180 145 43 irmarunt
1142 1180 109 43 olim,
1215 1180 61 43 &
1239 1180 97 43 nunc
1299 1180 170 43 contendunt
1433 1180 121 43 multi,
1517 1180 157 43 doctrinam
1638 1180 97 43 hanc
1699 1180 73 43 in
1723 1180 97 43 Eccle-

1026 1215 83 39 sia
1074 1215 83 39 Dei
1121 1215 95 39 esse
1181 1215 179 39 omittendam,
1324 1215 95 39 moti
1383 1215 83 39 his
1419 1215 143 39 argumentis

1056 1236 72 59 I.
1092 1236 97 59 Quod
1152 1236 97 59 illa
1213 1236 133 59 arcanum
1309 1236 97 59 sit,
1370 1236 121 59 captum
1454 1236 133 59 hominis
1551 1236 157 59 excedens,
1671 1236 97 59 quod
1719 1236 109 59 propter

1019 1285 177 33 majestatem
1158 1285 63 33 &
1184 1285 215 33 profunditatem
1361 1285 164 33 audientes
1487 1285 114 33 magis
1563 1285 164 33 implicet,
1689 1285 101 33 quam
1740 1285 88 33 expe-

1027 1314 98 40 diat,
1092 1314 130 40 erudiat,
1190 1314 141 40 imbuatque
1298 1314 130 40 salutari
1396 1314 130 40 notitia,
1493 1314 76 40 sic
1536 1314 65 40 ut
1569 1314 108 40 valere
1645 1314 76 40 hic
1688 1314 108 40 debeat
1753 1314 76 40 illud

1030 1346 103 41 Prov.
1098 1346 80 41 25.
1144 1346 68 41 2.
1178 1346 103 41 Honor
1246 1346 80 41 Dei
1292 1346 80 41 est
1338 1346 160 41 abscondere
1452 1346 68 41 rem-

1060 1379 73 40 2.
1096 1379 98 40 Quod
1157 1379 134 40 homines
1255 1379 73 40 de
1291 1379 85 40 sua
1340 1379 122 40 salute
1426 1379 122 40 reddat
1511 1379 134 40 dubios,
1609 1379 98 40 quum
1657 1379 171 40 praedestina-

1027 1412 115 45 tionis
1107 1412 126 45 arcanum
1199 1412 92 45 vere
1256 1412 172 45 absconditum
1393 1412 80 45 sit
1439 1412 69 45 in
1474 1412 80 45 Dei
1520 1412 126 45 aeterno
1600 1412 126 45 consilio.

1056 1448 72 39 3.
1092 1448 96 39 Quod
1152 1448 120 39 obstet
1236 1448 180 39 invocationi
1381 1448 60 39 &
1405 1448 120 39 cultui
1477 1448 72 39 Dei,

1052 1477 76 48 4.
1090 1477 102 48 Quod
1154 1477 166 48 nonnullis
1281 1477 216 48 desperationem
1460 1477 153 48 adferat,
1574 1477 140 48 nimirum
1676 1477 102 48 sis,
1740 1477 89 48 qui
1778 1477 51 48 in

1028 1510 90 52 eam
1080 1510 129 52 partem
1170 1510 180 52 inclinant,
1311 1510 77 52 ut
1349 1510 129 52 potius
1439 1510 77 52 in
1478 1510 180 52 reproborum
1619 1510 141 52 numero,
1722 1510 103 52 quam
1774 1510 51 52 ad

1032 1546 104 40 vitam
1102 1546 139 40 aeternam
1206 1546 232 40 praedestinatorum
1403 1546 93 40 sese
1449 1546 116 40 statuant

1063 1573 74 46 5.
1100 1573 99 46 Quod
1161 1573 185 46 securitatem
1310 1573 123 46 impiam
1396 1573 148 46 vitaeque
1507 1573 210 46 prophanitatem
1680 1573 136 46 pariat,
1766 1573 62 46 of-

1036 1608 186 44 ficiorumque
1185 1608 149 44 pietatis
1297 1608 174 44 neglectum:
1433 1608 75 44 ut
1471 1608 87 44 cum
1520 1608 149 44 prophani
1632 1608 137 44 homines
1719 1608 112 44 dicunt;

1029 1640 69 42 Si
1064 1640 81 42 sum
1110 1640 207 42 praedestinatus
1283 1640 69 42 ad
1317 1640 115 42 vitam,
1398 1640 92 42 nihi
1455 1640 58 42 l
1478 1640 127 42 refert,
1570 1640 92 42 sive
1628 1640 138 42 exerceam
1720 1640 115 42 pietatis

1032 1675 99 47 opera,
1102 1675 80 47 sive
1141 1675 70 47 secu-

1066 1697 88 50 Alii
1121 1697 109 50 putant
1197 1697 98 50 posse
1263 1697 88 50 hanc
1318 1697 142 50 doctrinam
1427 1697 142 50 tractari;
1537 1697 77 50 sed
1580 1697 66 50 in
1613 1697 131 50 Scholis:
1712 1697 66 50 in
1734 1697 98 50 templis

1034 1742 111 43 autem
1108 1742 135 43 admodum
1206 1742 123 43 parce:
1292 1742 148 43 moventur
1403 1742 123 43 iisdem
1489 1742 185 43 argumentis,
1637 1742 123 43 quibus
1711 1742 111 43 priores

1059 1774 87 43 Nos
1108 1774 124 43 contra
1195 1774 161 43 doctrinam
1319 1774 99 43 hanc
1381 1774 87 43 non
1430 1774 124 43 debere
1517 1774 136 43 omitti;
1616 1774 87 43 sed
1666 1774 74 43 in
1703 1774 136 43 Scholis
1790 1774 37 43 &

1036 1805 125 45 templis
1127 1805 114 45 tradi,
1206 1805 80 45 his
1252 1805 159 45 argumentis
1366 1805 137 45 statuimus.

1051 1829 62 52 I
1075 1829 111 52 Nulla
1149 1829 148 52 doctrina
1261 1829 99 52 quae
1322 1829 62 52 a
1347 1829 136 52 Christo
1446 1829 99 52 ipso
1508 1829 62 52 &
1532 1829 161 52 Apostolis
1656 1829 111 52 saepe
1730 1829 62 52 &
1743 1829 86 52 lucu-

1036 1873 108 33 penter
1112 1873 141 33 inculcata
1220 1873 87 33 est,
1274 1873 162 33 dissimulari
1404 1873 65 33 in
1436 1873 130 33 Ecclesia
1534 1873 76 33 Dei
1566 1873 76 33 debet

1073 1892 135 57 Doctrina
1174 1892 68 57 de
1208 1892 226 57 praedestinatione
1400 1892 79 57 est
1445 1892 56 57 a
1468 1892 124 57 Christo
1558 1892 90 57 ipso
1615 1892 56 57 &
1637 1892 147 57 Apostolis
1739 1892 90 57 saepe-

1023 1929 198 44 luculenterque
1187 1929 163 44 inculcata.
1315 1929 93 44 Luc.
1373 1929 82 44 19.
1420 1929 105 44 vers.
1490 1929 70 44 20
1525 1929 105 44 Marci
1595 1929 82 44 13.
1641 1929 70 44 v.
1676 1929 82 44 20,
1723 1929 82 44 26,
1758 1929 58 44 27.

1026 1968 122 35 Matth.
1111 1968 122 35 20.16.
1197 1968 61 35 &
1221 1968 122 35 capite
1306 1968 85 35 24.
1355 1968 85 35 21.
1404 1968 85 35 22,
1453 1968 85 35 24.
1502 1968 122 35 Johan.
1587 1968 85 35 10.
1636 1968 85 35 26,
1685 1968 85 35 28,
1733 1968 85 35 29.
1770 1968 61 35 Jo-

1027 1999 83 47 han
1075 1999 83 47 13.
1122 1999 71 47 v.
1158 1999 83 47 18.
1205 1999 95 47 Joh.
1264 1999 83 47 17.
1312 1999 71 47 6,
1348 1999 83 47 12.
1395 1999 119 47 Roman.
1478 1999 71 47 8.
1514 1999 59 47 &
1537 1999 71 47 9.
1573 1999 59 47 &
1597 1999 83 47 10.
1644 1999 59 47 &
1668 1999 83 47 11.
1715 1999 119 47 Ephes.
1787 1999 47 47 1.

1024 2029 54 50 &
1035 2029 97 50 passim.

1047 2059 94 55 Ergo
1106 2059 177 55 dissimulari
1247 2059 71 55 in
1283 2059 141 55 Ecclesia
1388 2059 82 55 Dei
1436 2059 82 55 non
1471 2059 94 55 debet.

1065 2105 83 48 II.
1112 2105 106 48 Nihil
1183 2105 153 48 divinitus
1301 2105 165 48 inspiratum
1431 2105 59 48 &
1455 2105 106 48 utile
1525 2105 71 48 ad
1561 2105 165 48 doctrinam,
1690 2105 71 48 ad
1714 2105 118 48 redargu-

1022 2137 126 41 tionem,
1113 2137 69 41 ad
1148 2137 195 41 correctionem,
1308 2137 69 41 ad
1342 2137 195 41 institutionem
1503 2137 69 41 in
1537 2137 149 41 justitia,
1652 2137 80 41 est
1686 2137 149 41 praetereun-

1024 2170 78 41 dum
1068 2170 67 41 in
1102 2170 134 41 Ecclesia
1191 2170 67 41 Dei,

1067 2205 68 43 am
1101 2205 91 43 haec
1157 2205 136 43 doctrina
1259 2205 79 43 est
1304 2205 147 43 divinitus
1418 2205 147 43 inspirata
1531 2205 57 43 &
1553 2205 113 43 utilis
1633 2205 68 43 ad
1667 2205 158 43 doctrinam,
1780 2205 45 43 ad

1030 2241 219 36 redargutionem,
1212 2241 73 36 ad
1249 2241 207 36 correctionem,
1419 2241 73 36 ad
1455 2241 207 36 institutionem
1625 2241 73 36 in
1662 2241 158 36 justitia:
1771 2241 61 36 Est

1020 2274 94 34 enim
1079 2274 94 34 pars
1137 2274 117 34 Sacrae
1219 2274 176 34 Scripturae,
1360 2274 70 34 ut
1395 2274 164 34 testimonia
1524 2274 94 34 ante
1582 2274 140 34 allegata
1688 2274 164 34 ostendunt.

1024 2305 156 35 Scriptura
1144 2305 108 35 Sacra
1216 2305 108 35 autem
1288 2305 84 35 est
1336 2305 120 35 verbum
1420 2305 144 35 Spiritus
1529 2305 132 35 Sancti,
1625 2305 72 35 in
1661 2305 84 35 quo
1709 2305 72 35 ut
1733 2305 96 35 nihile

1024 2338 195 44 praetermissum
1184 2338 80 44 est
1230 2338 103 44 scitu
1299 2338 57 44 &
1322 2338 172 44 necessarium
1459 2338 57 44 &
1482 2338 115 44 utile;
1562 2338 80 44 sic
1608 2338 103 44 nihil
1677 2338 126 44 docetur
1757 2338 69 44 nisi

1035 2366 86 45 quod
1089 2366 96 45 scire
1153 2366 139 45 conducat,

1056 2388 92 46 Ergo
1114 2388 81 46 non
1160 2388 81 46 est
1207 2388 185 46 praetereunda
1357 2388 69 46 in
1391 2388 139 46 Ecclesia
1484 2388 69 46 Dei.

1054 2434 92 40 III.
1111 2434 103 40 Cujus
1179 2434 149 40 doctrinae
1294 2434 160 40 rejectione
1420 2434 92 40 ipse
1477 2434 137 40 Spiritus
1580 2434 69 40 S.
1614 2434 172 40 argueretur,
1740 2434 80 40 quasi

1021 2466 157 43 implicita,
1144 2466 124 43 inania,
1234 2466 169 43 infrugifera
1369 2466 180 43 tradidisset,
1515 2466 124 43 adeoque
1605 2466 56 43 &
1617 2466 202 43 perscrutantibus.

1039 2505 169 30 erniciosa;
1172 2505 72 30 id
1208 2505 157 30 nequaquam
1329 2505 85 30 est
1377 2505 72 30 in
1413 2505 145 30 Ecclesia
1522 2505 85 30 Dei
1558 2505 157 30 omittendum.

1060 2533 79 39 Jam
1105 2533 158 39 rejectione
1229 2533 147 39 doctrinae
1342 2533 68 39 de
1376 2533 226 39 Praedestinatione
1568 2533 90 39 ipse
1625 2533 136 39 Spiritus
1715 2533 102 39 Sanctus

1027 2565 165 44 argueretur,
1159 2565 99 44 quasi
1225 2565 154 44 implicita,
1345 2565 121 44 inania,
1433 2565 165 44 infrugifera
1565 2565 176 44 tradidisset,
1707 2565 121 44 adeoque
1784 2565 33 44 &

1020 2597 227 46 perscrutantibus
1211 2597 179 46 perniciosa:
1355 2597 108 46 Ergo,
1414 2597 60 46 &c.

1051 2629 85 45 IV.
1099 2629 109 45 Cujus
1172 2629 157 45 doctrinae
1293 2629 217 45 dissimulatione
1474 2629 85 45 non
1522 2629 121 45 exigua
1607 2629 193 45 consolatione
1752 2629 60 45 fi-

1035 2675 105 44 leles
1105 2675 163 44 privantur,
1234 2675 70 44 id
1268 2675 140 44 profecto
1373 2675 82 44 non
1420 2675 82 44 est
1467 2675 163 44 omittendum
1595 2675 70 44 in
1630 2675 140 44 Ecclesia
1723 2675 70 44 Dei:

1058 2699 111 48 Atqui
1132 2699 222 48 dissimulatione
1317 2699 160 48 doctrinae
1440 2699 74 48 de
1477 2699 247 48 Praedestinatione
1686 2699 86 48 non
1723 2699 99 48 exigua

1017 2732 201 41 consolatione
1181 2732 164 41 privantur
1307 2732 151 41 fideles:
1420 2732 138 41 Nunquam
1521 2732 101 41 enim
1584 2732 151 41 liquido,
1697 2732 75 41 ut
1722 2732 88 41 decet

1039 2772 132 33 persuasi
1138 2772 121 33 erimus,
1226 2772 121 33 salutem
1314 2772 121 33 nostram
1402 2772 66 33 ex
1435 2772 99 33 fonte
1500 2772 143 33 gratuitae
1610 2772 187 33 misericordiae
1753 2772 66 33 Dei,

1029 2797 122 45 fluere,
1118 2797 56 45 &
1140 2797 111 45 certam
1218 2797 89 45 esse
1273 2797 100 45 donec
1340 2797 156 45 innotuerit
1462 2797 100 45 nobis
1529 2797 122 45 aeterna
1618 2797 89 45 ejus
1674 2797 133 45 electio:
1762 2797 56 45 Er-

1026 2840 77 43 go,
1059 2840 55 43 &c.

1066 2867 71 39 V.
1102 2867 106 39 Cujus
1172 2867 165 39 ignorantia
1302 2867 130 39 gloriam
1396 2867 82 39 Dei
1443 2867 153 39 imminuit,
1561 2867 177 39 humilitatis
1702 2867 106 39 verae
1761 2867 59 39 ra-

1029 2898 112 40 dicem
1103 2898 149 40 evellit,
1215 2898 62 40 &
1239 2898 161 40 superbiam
1363 2898 124 40 gignit
1450 2898 149 40 fovetque
1562 2898 74 40 in
1599 2898 149 40 mentibus
1698 2898 124 40 hominum:

1057 2931 137 50 profecto
1160 2931 80 50 non
1205 2931 80 50 est
1251 2931 137 50 silentio
1354 2931 195 50 praetereundum
1514 2931 69 50 in
1549 2931 137 50 Ecclesia
1640 2931 69 50 Dei.

1063 2963 104 41 Atqui
1132 2963 150 41 doctrinae
1247 2963 69 41 de
1281 2963 230 41 Praedestinatione
1477 2963 161 41 ignorantia
1603 2963 115 41 adfert
1684 2963 92 41 mala
1730 2963 81 41 ista;

1041 3004 141 35 Quomodo
1144 3004 102 35 enim
1208 3004 90 35 Dei
1259 3004 141 35 gloriam
1361 3004 179 35 praedicet,
1502 3004 90 35 qui
1553 3004 154 35 ignorat,
1668 3004 77 35 se
1694 3004 128 35 secundum

1030 3036 168 35 electionem
1162 3036 156 35 gratuitam
1281 3036 144 35 servari?
1389 3036 84 35 qui
1437 3036 132 35 humilem
1533 3036 72 35 se
1569 3036 144 35 praebeat
1676 3036 60 35 &
1688 3036 132 35 superbiam

1034 3066 146 36 excutiat,
1146 3066 79 36 cui
1191 3066 79 36 non
1237 3066 124 36 constat
1327 3066 68 36 ex
1360 3066 90 36 mera
1417 3066 146 36 electione
1529 3066 113 36 divina
1608 3066 90 36 sibi
1665 3066 124 36 salutem
1743 3066 68 36 con-

1034 3097 134 44 tingere?
1134 3097 156 44 Augustinus
1257 3097 67 44 de
1290 3097 201 44 Pertseverantia
1457 3097 156 44 sanctorum,
1580 3097 111 44 capit.
1658 3097 78 44 24.
1703 3097 89 44 ait:
1747 3097 67 44 Sic-

1031 3123 67 48 ut
1064 3123 168 48 poenitentia
1198 3123 168 48 praedicanda
1333 3123 89 48 est,
1388 3123 67 48 ut
1422 3123 156 48 admoneamur
1545 3123 67 48 de
1578 3123 156 48 obedientia
1701 3123 78 48 Deo
1735 3123 78 48 debi.

1036 3158 74 44 ta:
1079 3158 74 44 ita
1121 3158 53 44 &
1142 3158 200 44 praedestinatio,
1311 3158 63 44 ut
1342 3158 74 44 qui
1385 3158 137 44 obediunt,
1490 3158 74 44 non
1532 3158 63 44 in
1564 3158 105 44 homine
1638 3158 74 44 aut
1680 3158 127 44 seipsis,
1764 3158 53 44 sed

1036 3198 63 49 in
1068 3198 74 49 Deo
1110 3198 158 49 glorientur.
