2063 3433
206 180 155 54 Septimum,
325 180 95 54 quia
384 180 107 54 bonus
456 180 95 54 usus
515 180 143 54 gratiae,
622 180 107 54 fides
694 180 59 54 &
717 180 107 54 opera
789 180 83 54 aut
836 180 143 54 nituntur
932 180 59 54 na-

186 229 107 37 turali
261 229 64 37 in
293 229 96 37 nobis
358 229 150 37 facultate,
475 229 75 37 aut
518 229 86 37 sunt
572 229 64 37 ex
604 229 118 37 gratia.
689 229 64 37 Si
721 229 128 37 naturali
818 229 64 37 in
850 229 96 37 nobis
903 229 86 37 facus-

181 252 96 46 tate
241 252 108 46 titun
313 252 84 46 ut,
361 252 84 46 tum
408 252 96 46 Deus
468 252 215 46 praedestinavit
648 252 84 46 nos
696 252 132 46 propter
792 252 132 46 aliquid
887 252 96 46 quod
935 252 60 46 no-

192 294 82 40 bis
239 294 117 40 natura
321 294 117 40 insit,
403 294 58 40 &
426 294 117 40 causam
508 294 163 40 meritumque
636 294 128 40 salutis
729 294 58 40 a
753 294 117 40 natura
835 294 140 40 habemus;
928 294 70 40 quod

193 324 133 40 Pelagius
292 324 122 40 voluit.
381 324 77 40 Sin
425 324 66 40 ex
458 324 111 40 gratia
536 324 100 40 sunt,
602 324 77 40 tum
646 324 88 40 sunt
702 324 133 40 effectus
801 324 166 40 electionis,
923 324 77 40 atque

198 360 116 42 deirco
280 360 81 42 non
326 360 127 42 possunt
419 360 93 42 esse
477 360 104 42 causa
546 360 151 42 efficiens
662 360 127 42 illius.
755 360 162 42 Quapropter
882 360 104 42 nulla
940 360 58 42 re-

202 383 139 51 praevisa
307 383 104 51 extra
376 383 93 51 Deum
434 383 81 51 est
480 383 104 51 causa
550 383 150 51 efficiens
665 383 162 51 ποοηγυμδυη
793 383 81 51 aut
827 383 174 51 σξοκαζαεκτικι

199 429 135 45 aeternae
300 429 157 45 electionis
424 429 67 45 ad
457 429 101 45 vitam
513 429 124 45 aeternam.

236 453 81 45 Imo
283 453 81 45 nec
329 453 92 45 ipsa
387 453 69 45 in
421 453 81 45 Deo
467 453 150 45 exsistens
583 453 69 45 p.
617 453 127 45 aevisio
710 453 104 45 fidei
779 453 81 45 vel
825 453 127 45 bonorum
906 453 104 45 operum,

195 493 79 47 est
240 493 101 47 causa
307 493 157 47 electionis
431 493 123 47 nostrae
520 493 67 47 ad
554 493 101 47 vitam
621 493 146 47 aeternam,
734 493 90 47 etsi
790 493 146 47 praevisio
902 493 90 47 illa
947 493 56 47 tam

195 525 134 46 ceterna
292 525 97 46 est,
353 525 97 46 quam
414 525 97 46 ipsa
475 525 146 46 electio.
584 525 85 46 Nam
633 525 158 46 praevisio
755 525 110 46 fidei
828 525 61 46 &
852 525 134 46 bonorum
937 525 73 46 ope-

195 551 83 47 rum
242 551 83 47 est
290 551 118 47 ordine
372 551 130 47 naturae
467 551 154 47 posterior
585 551 130 47 decreto
679 551 165 47 electionis
809 551 71 47 in
845 551 106 47 mente
904 551 106 47 divina.

195 584 109 50 Priu:
268 584 97 50 enim
328 584 97 50 Deus
389 584 145 50 decrevit
498 584 109 50 fine,
570 584 97 50 quam
631 584 109 50 media
703 584 73 50 ad
740 584 109 50 finem
812 584 157 50 ducentia.
921 584 85 50 Prius

197 623 132 51 inquam,
293 623 167 51 prioritate
424 623 132 51 naturae
520 623 60 51 &
544 623 132 51 ordinis
639 623 120 51 elegit
723 623 132 51 homines
819 623 72 51 ad
855 623 108 51 vitam
914 623 96 51 aeter-

194 652 86 55 nam
243 652 135 55 tanquam
341 652 74 55 ad
378 652 123 55 finem:
463 652 123 55 deinde
549 652 172 55 constituit
684 652 123 55 media,
770 652 123 55 quibus
856 652 74 55 ad
893 652 98 55 hunc
942 652 61 55 fi-

205 686 80 52 nem
250 686 80 52 eos
296 686 172 52 perduceret,
434 686 103 52 sicut
503 686 126 52 dicitur
594 686 92 52 Act.
652 686 80 52 13.
697 686 80 52 48.
743 686 69 52 Et
778 686 172 52 crediderunt
904 686 103 52 quotquo

195 730 97 40 erant
260 730 129 40 ordinati
356 730 64 40 ad
389 730 97 40 vitam
453 730 140 40 aeternam.
561 730 86 40 Eph.
614 730 64 40 1.
647 730 64 40 v.
679 730 64 40 4.
711 730 107 40 Elegit
786 730 75 40 nos
829 730 64 40 in
862 730 86 40 ipso
915 730 86 40 ante
958 730 54 40 ja-

205 753 100 51 ctum
267 753 112 51 mundi
341 753 199 51 fundamentum,
503 753 75 51 ut
540 753 112 51 simus
615 753 124 51 sancti
702 753 62 51 &
727 753 162 51 inculpati
851 753 112 51 coram
926 753 75 51 eo
951 753 62 51 cum

205 785 152 52 charitate.
324 785 65 52 Et
357 785 130 52 apertius
454 785 65 52 2.
487 785 108 52 Thess.
562 785 65 52 2.
595 785 65 52 v.
627 785 76 52 13.
671 785 87 52 ait,
725 785 87 52 quod
779 785 130 52 elegerit
876 785 76 52 nos
920 785 87 52 Deus
963 785 54 52 ab-

196 828 113 41 initio
275 828 68 41 ad
308 828 124 41 salutem
399 828 79 41 per
444 828 225 41 sanctificationem
635 828 146 41 Spiritus,
748 828 56 41 &
770 828 101 41 fidem
838 828 124 41 habitam
917 828 90 41 verita

212 863 83 38 ti.
259 863 106 38 Media
330 863 106 38 autem
401 863 71 38 in
437 863 106 38 mente
508 863 142 38 volentis
614 863 95 38 sunt
673 863 177 38 naturaliter
815 863 95 38 fine
862 863 154 38 posteriora.

212 889 93 56 Quod
271 889 105 56 autem
341 889 117 56 aliquo
423 889 93 56 modo
481 889 152 56 posterius
598 889 93 56 est,
656 889 128 56 prioris
749 889 105 56 causa
820 889 93 56 esse
878 889 82 56 non
913 889 105 56 potest.

248 927 96 38 Quae
308 927 144 38 adversus
416 927 168 38 verissimam
548 927 96 38 hanc
608 927 156 38 doctrinam
728 927 72 38 de
764 927 108 38 causa
836 927 168 38 efficiente
956 927 60 38 im-

218 953 130 50 bulsiva
313 953 118 50 objici
395 953 141 50 soleant,
501 953 59 50 &
525 953 130 50 quomodo
619 953 153 50 refutanda
737 953 106 50 sint,
808 953 141 50 videatur
914 953 71 50 in
937 953 71 50 Dida

219 993 111 42 scalia
296 993 111 42 nostra
374 993 66 42 de
407 993 122 42 aeterna
496 993 77 42 Dei
529 993 199 42 Praedestinatione

253 1027 159 41 QUAERITUR,
377 1027 68 41 An
411 1027 79 41 non
457 1027 102 41 fides
525 1027 68 41 in
559 1027 136 41 Christum
661 1027 79 41 sit
706 1027 136 41 aeternae
808 1027 159 41 electionis
922 1027 102 41 nostrae

217 1061 106 44 causa
276 1061 188 44 instrumentalis

257 1080 103 50 RESP.
325 1080 103 50 Fides
394 1080 69 50 in
428 1080 137 50 Christum
531 1080 103 50 nullo
599 1080 91 50 modo
657 1080 80 50 est
702 1080 103 50 causa
771 1080 149 50 efficiens
874 1080 137 50 electioni-

223 1123 124 43 nostrae
313 1123 136 43 aeternae
415 1123 68 43 ad
449 1123 102 43 vitam
517 1123 147 43 aeternam,
629 1123 79 43 hoc
675 1123 90 43 est,
731 1123 102 43 neque
799 1123 158 43 meritoria,
923 1123 79 43 (ut
957 1123 68 43 olim

229 1159 159 43 Pelagiani
351 1159 159 43 putabant,
473 1159 110 43 neque
546 1159 220 43 instrumentalis
729 1159 85 43 (vt
778 1159 208 43 Semipelagiani
937 1159 73 43 con-

216 1185 143 49 tendunt)
323 1185 95 49 quae
382 1185 59 49 &
406 1185 95 49 ipsa
466 1185 119 49 causis
549 1185 202 49 efficientibus
715 1185 190 49 connumeratur
869 1185 83 49 suo
905 1185 83 49 modo.

260 1225 174 50 Doctrinam
393 1225 147 50 nostram
500 1225 187 50 orthodoxam
648 1225 201 50 sequentibus
808 1225 187 50 argumentis
942 1225 80 50 con-

217 1259 167 39 firmamus,
345 1259 128 39 quorum
435 1259 128 39 primum
512 1259 77 39 est;

253 1288 122 42 Nullius
342 1288 111 42 operis
420 1288 111 42 diuini
498 1288 67 42 ab
531 1288 122 42 aeterno
620 1288 100 42 facti
687 1288 56 42 a
709 1288 89 42 Deo,
765 1288 100 42 causa
832 1288 145 42 efficiens
932 1288 89 42 saltem

222 1320 212 45 instrumentalis
399 1320 118 45 potest
482 1320 94 45 esse
541 1320 106 45 fides
611 1320 130 45 nostra.
706 1320 83 45 Nam
753 1320 94 45 ante
812 1320 118 45 jactum
894 1320 106 45 mundi
953 1320 71 45 fun-

224 1357 150 41 damentum
337 1357 125 41 causam
425 1357 226 41 instrumentalem
613 1357 125 41 yilius
701 1357 88 41 rei
751 1357 138 41 ponere,
851 1357 88 41 est
889 1357 138 41 adjungere

219 1386 84 42 Deo
267 1386 132 42 aliquid
363 1386 180 42 coaeternum.
507 1386 72 42 In
543 1386 108 42 solis
615 1386 144 42 operibus
722 1386 96 42 quae
782 1386 96 42 Deus
842 1386 72 42 in
878 1386 132 42 tempore
962 1386 60 42 fe-

230 1421 79 41 cit
275 1421 56 41 &
297 1421 113 41 facit,
376 1421 113 41 utitur
455 1421 113 41 causis
534 1421 236 41 instrumentalibus:
736 1421 79 41 nec
781 1421 101 41 tamen
849 1421 68 41 in
883 1421 124 41 omnibus
961 1421 68 41 ope-

219 1456 115 42 ribus.
300 1456 81 42 Nam
346 1456 161 42 creationis
473 1456 104 42 caeli
542 1456 58 42 &
565 1456 115 42 terrae
645 1456 58 42 &
668 1456 115 42 omnium
749 1456 92 42 quae
806 1456 69 42 in
841 1456 81 42 eis
887 1456 104 42 sunt,
944 1456 81 42 nulla

220 1494 97 37 fuit,
285 1494 97 37 nulla
349 1494 86 37 esse
403 1494 118 37 debuit,
489 1494 97 37 nulla
553 1494 86 37 esse
607 1494 107 37 potuit
682 1494 97 37 causa
735 1494 172 37 instrumentalis

252 1512 85 55 Jam
300 1512 133 55 aererna
397 1512 133 55 electio
494 1512 121 55 nostra
579 1512 73 55 ad
615 1512 109 55 vitam
688 1512 145 55 aeternam
797 1512 61 55 &
821 1512 97 55 opus
882 1512 133 55 divinum
966 1512 61 55 ab-

221 1555 125 51 aeterno
312 1555 114 51 factum
392 1555 57 51 a
414 1555 91 51 Deo,
472 1555 114 51 Ephes.
551 1555 68 51 1.
586 1555 68 51 v.
620 1555 68 51 4.
654 1555 68 51 2.
688 1555 91 51 Tim.
745 1555 68 51 1.
779 1555 68 51 9.
814 1555 91 51 Ergo
871 1555 114 51 illius
939 1555 80 51 causi

219 1593 101 34 insti
286 1593 145 34 umentalis
398 1593 78 34 non
443 1593 78 34 est
487 1593 101 34 fides
543 1593 101 34 nostra.

251 1619 167 45 Secundum:
380 1619 154 45 Quicquid
495 1619 180 45 electionem
637 1619 116 45 demum
714 1619 206 45 consequitur,
881 1619 77 45 id
919 1619 90 45 non
958 1619 64 45 est

214 1655 163 38 electionis
342 1655 105 38 causa
412 1655 163 38 efficiens.
540 1655 70 38 At
575 1655 105 38 fides
644 1655 163 38 electionem
772 1655 105 38 demum
842 1655 186 38 consequitur,
982 1655 46 38 ut

221 1686 160 42 manifestum
347 1686 80 42 est
392 1686 69 42 ex
427 1686 92 42 Act.
484 1686 80 42 13.
530 1686 69 42 v.
564 1686 80 42 48.
610 1686 69 42 Et
644 1686 183 42 crediderunt,
793 1686 137 42 quotquot
897 1686 103 42 erant
954 1686 80 42 ordi-

230 1721 92 43 nati
287 1721 69 43 ad
321 1721 103 43 vitam
390 1721 149 43 aeternam.
504 1721 103 43 Ergo,
562 1721 57 43 &c.

255 1748 139 42 Tertium:
360 1748 139 42 Quicquid
464 1748 58 42 &
487 1748 128 42 tempore
580 1748 58 42 &
603 1748 116 42 natura
685 1748 104 42 prius
754 1748 81 42 est
801 1748 104 42 fide,
870 1748 116 42 illius
940 1748 81 42 causa

220 1787 147 40 efficiens
333 1787 113 40 nequit
412 1787 90 40 esse
469 1787 113 40 fides:
548 1787 68 40 At
582 1787 124 40 electio
672 1787 57 40 &
695 1787 124 40 tempore
785 1787 79 40 aut
830 1787 113 40 potius
898 1787 136 40 aeternita-

217 1816 67 42 te
250 1816 56 42 &
273 1816 112 42 natura
352 1816 101 42 prior
419 1816 79 42 est
464 1816 101 42 fide.
532 1816 101 42 Ergo,
588 1816 56 42 &c.

256 1839 132 56 Quartum:
355 1839 132 56 Quicquid
454 1839 77 56 est
498 1839 99 56 causa
564 1839 143 56 efficiens
673 1839 110 56 fidei,
750 1839 110 56 illius
827 1839 99 56 causa
893 1839 110 56 nequit
959 1839 66 56 esse

223 1883 106 39 fides:
298 1883 64 39 At
330 1883 117 39 electio
415 1883 74 39 est
457 1883 96 39 causa
521 1883 138 39 efficiens
628 1883 106 39 fidei:
702 1883 64 39 ut
734 1883 117 39 dicitur
819 1883 85 39 Rom.
872 1883 74 39 11.
915 1883 64 39 5.
947 1883 64 39 Et
968 1883 53 39 ho-

220 1921 123 37 tempore
309 1921 156 37 reservatio
432 1921 134 37 secundum
532 1921 156 37 electionem
654 1921 145 37 gratuitam
766 1921 100 37 facta
833 1921 89 37 est.
888 1921 111 37 Jacob.
966 1921 67 37 2.
988 1921 45 37 v.

223 1958 65 31 5.
256 1958 109 31 Audite
332 1958 119 31 fratres
419 1958 76 31 mei
462 1958 130 31 dilecti,
560 1958 98 31 nonne
625 1958 87 31 Deus
679 1958 109 31 elegit
755 1958 130 31 pauperes
853 1958 98 31 mundi
918 1958 109 31 huius,
984 1958 43 31 ut

226 1980 96 44 erent
290 1980 118 44 divites
376 1980 86 44 fide
430 1980 53 44 &
451 1980 128 44 haeredes
547 1980 96 44 regni
611 1980 86 44 quod
665 1980 128 44 promisit
761 1980 75 44 iis
804 1980 75 44 qui
847 1980 96 44 ipsum
900 1980 118 44 diligent:

213 2017 115 45 Ergo,
277 2017 64 45 &c.

255 2047 148 45 Quintum:
366 2047 111 45 Media
440 2047 173 45 exsequendo
576 2047 161 45 proposito
700 2047 173 45 electionis
836 2047 173 45 destinata,
959 2047 62 45 non

222 2081 92 41 sunt
280 2081 127 41 ejusdem
372 2081 115 41 causae
453 2081 184 41 efficientes.
603 2081 69 41 At
638 2081 104 41 fides
707 2081 81 41 est
753 2081 115 41 medium
834 2081 161 41 exsequendo
949 2081 69 41 pro-

227 2117 111 41 posito
305 2117 156 41 electionis
416 2117 134 41 destinatum

243 2146 139 44 Sextum:
345 2146 152 44 Quicquid
458 2146 89 44 non
509 2146 89 44 est
560 2146 228 44 instrumentalis
750 2146 114 44 causa
826 2146 190 44 vocationis,
977 2146 76 44 id

213 2183 104 38 multo
283 2183 104 38 minus
352 2183 81 38 est
399 2183 104 38 causa
468 2183 208 38 instrumentalis
642 2183 174 38 electionis.
781 2183 104 38 Ratio
850 2183 93 38 est:
908 2183 93 38 quia
954 2183 58 38 vo-

217 2215 99 42 catio
283 2215 77 42 est
327 2215 143 42 electione
438 2215 154 42 posterior:
559 2215 77 42 nam
603 2215 121 42 vocatio
691 2215 77 42 fit
735 2215 66 42 in
768 2215 132 42 tempore,
868 2215 121 42 electio
945 2215 77 42 facta

209 2250 80 39 est
254 2250 69 39 ab
289 2250 138 39 aeterno.
392 2250 69 39 At
427 2250 103 39 fides
496 2250 80 39 non
542 2250 80 39 est
588 2250 207 39 instrumentalis
760 2250 103 39 causa
829 2250 172 39 vocationis:
956 2250 57 39 Noc

219 2281 98 41 enim
280 2281 110 41 vocat
353 2281 98 41 Deus
414 2281 159 41 quemquam,
537 2281 98 41 quia
598 2281 122 41 credit
684 2281 86 41 aut
732 2281 86 41 per
781 2281 122 41 fidem,
867 2281 86 41 sed
916 2281 73 41 ad
940 2281 86 41 fidem

218 2315 77 39 seu
262 2315 66 39 ut
295 2315 120 39 credat.
382 2315 120 39 Vocatio
470 2315 77 39 est
513 2315 98 39 causa
579 2315 109 39 fidei,
656 2315 77 39 non
699 2315 109 39 contra
776 2315 98 39 fides
831 2315 131 39 vocationis

233 2345 154 42 Septimum:
351 2345 71 42 Si
387 2345 106 42 fides
458 2345 83 42 est
505 2345 106 42 causa
576 2345 154 42 efficiens
694 2345 177 42 electionis,
836 2345 154 42 sequetur;
954 2345 95 42 quod

203 2387 87 33 nos
252 2387 137 33 priores
352 2387 174 33 elegerimus
489 2387 112 33 Deum,
564 2387 137 33 eritque
663 2387 137 33 falsum,
763 2387 100 33 quod
825 2387 137 33 Dominus
912 2387 100 33 dicit:

208 2417 82 36 Non
255 2417 82 36 vos
302 2417 70 36 me
337 2417 164 36 elegistis,
466 2417 82 36 sed
513 2417 82 36 ego
560 2417 106 36 elegi
631 2417 94 36 vos.
689 2417 70 36 At
725 2417 164 36 consequens
854 2417 82 36 est
889 2417 129 36 absurdum:

209 2449 103 49 Ergo
274 2449 64 49 &
286 2449 168 49 antecedens.

248 2468 82 55 Non
295 2468 94 55 alia
354 2468 94 55 fuit
413 2468 129 55 veteris
507 2468 153 55 Ecclesiae
625 2468 165 55 Orthodoxae
754 2468 165 55 sententia.
872 2468 153 55 AUGUSTINUS,

209 2510 128 51 septimo
303 2510 105 51 tomo,
373 2510 105 51 libro
442 2510 70 51 I.
477 2510 70 51 de
512 2510 233 51 Praedestinatione
711 2510 163 51 sanctorum,
839 2510 70 51 c.
874 2510 70 51 19
909 2510 93 51 ait:
967 2510 93 51 Ipse

209 2556 91 30 ergo
265 2556 68 30 ut
300 2556 125 30 credere
390 2556 159 30 incipiamus
515 2556 148 30 operatur,
629 2556 80 30 qui
674 2556 136 30 universa
777 2556 148 30 operatur:
879 2556 136 30 vocationem

221 2583 107 35 quipte
296 2583 96 35 illam
360 2583 64 35 de
392 2583 75 35 qua
434 2583 107 35 dictum
509 2583 85 35 est,
562 2583 85 35 sine
616 2583 160 35 poenitentia
744 2583 85 35 sunt
797 2583 85 35 dona
850 2583 53 35 &
871 2583 117 35 vocatio
946 2583 64 35 Dei,

210 2615 55 44 &
232 2615 67 44 de
265 2615 78 44 qua
310 2615 111 44 dictum
387 2615 89 44 est,
443 2615 78 44 Non
487 2615 67 44 ex
521 2615 144 44 operibus,
632 2615 78 44 sed
676 2615 67 44 ex
709 2615 133 44 vocante,
809 2615 89 44 quum
865 2615 111 44 posset
931 2615 78 44 dicet

208 2655 82 35 re,
255 2655 82 35 sed
302 2655 70 35 ex
337 2655 152 35 credente:
454 2655 59 35 &
478 2655 164 35 electionem
606 2655 94 35 quam
665 2655 187 35 significavit
817 2655 140 35 Dominus,
911 2655 105 35 dicens:

216 2684 84 36 Nen
264 2684 84 36 vos
312 2684 72 36 me
348 2684 168 36 elegistis,
481 2684 84 36 sed
529 2684 84 36 ego
577 2684 84 36 vos
625 2684 120 36 elegi,
709 2684 84 36 NEC
757 2684 156 36 TIDESIPSA
878 2684 168 36 PRAECEDIT.

208 2718 210 36 NECENIM.
365 2718 140 36 QUIA
452 2718 227 36 CREDIMUS,
627 2718 157 36 SEDUT
732 2718 210 36 CREDAMUS
872 2718 140 36 ELEGI.

215 2750 88 36 NOS:
270 2750 66 36 ne
303 2750 121 36 priores
391 2750 77 36 cum
435 2750 132 36 elegisse
534 2750 132 36 dicamur,
634 2750 143 36 falsumque
744 2750 88 36 sit,
799 2750 88 36 quod
854 2750 110 36 absit,
931 2750 77 36 Non
964 2750 55 36 vos

212 2780 65 39 me
245 2780 151 39 elegistis,
363 2780 75 39 sed
406 2780 75 39 ego
449 2780 75 39 vos
492 2780 108 39 elegi.
567 2780 75 39 Nec
610 2780 86 39 quia
664 2780 161 39 credidimus:
793 2780 75 39 sed
836 2780 65 39 ut
868 2780 140 39 credamus,
965 2780 54 39 vo-

208 2816 106 43 camur,
283 2816 95 43 atque
346 2816 85 43 illa
399 2816 148 43 vocatione,
515 2816 85 43 quae
568 2816 85 43 sine
621 2816 159 43 poenitentia
748 2816 85 43 est,
801 2816 64 43 id
833 2816 116 43 prorsus
918 2816 106 43 agitur
981 2816 32 43 &

207 2851 160 41 peragitur,
332 2851 69 41 ut
355 2851 126 41 credamus.

247 2876 109 44 Plura
319 2876 169 44 testimonia
453 2876 169 44 orthodoxae
586 2876 194 44 antiquitatis
743 2876 157 44 videantur
864 2876 73 44 in
888 2876 133 44 Symphonia

225 2909 181 38 Catholica,
367 2909 129 38 capite
458 2909 142 38 quarto,
561 2909 116 38 Thesi
638 2909 142 38 quarta.
742 2909 78 38 Ex
781 2909 90 38 his
832 2909 116 38 autem
897 2909 129 38 argumen-

213 2950 88 45 tis
264 2950 63 45 &
289 2950 189 45 testimoniis
440 2950 126 45 abunde
528 2950 151 45 constat,
642 2950 113 45 fidem
717 2950 139 45 nostram
818 2950 113 45 neque
881 2950 151 45 meritoriam

219 2980 103 37 neque
287 2980 205 37 insirumentalem
458 2980 137 37 aeternae
561 2980 160 37 electionis
686 2980 126 37 nostrae
778 2980 114 37 causam
846 2980 80 37 esse.

245 3011 87 47 Sed
294 3011 99 47 huic
356 3011 174 47 verissimae
493 3011 112 47 Thesi
568 3011 149 47 opponunt
680 3011 124 47 quidam
767 3011 87 47 tum
817 3011 174 47 testimonia
941 3011 87 47 Scri-

227 3041 114 42 oture.
307 3041 114 42 Sacra,
387 3041 80 42 tum
432 3041 91 42 aliu
478 3041 137 42 argumenta.

258 3073 122 52 Primum
343 3073 73 52 te
380 3073 146 52 timonium
489 3073 122 52 petunt
574 3073 73 52 ex
611 3073 97 52 Joh.
672 3073 73 52 6.
708 3073 73 52 v.
745 3073 85 52 40.
794 3073 85 52 ubi
842 3073 110 52 ajunt
903 3073 122 52 Christum

216 3107 79 38 sic
261 3107 136 38 enatrate
363 3107 136 38 decretum
465 3107 170 38 electionis:
601 3107 91 38 Haec
658 3107 79 38 est
703 3107 102 38 autem
771 3107 136 38 uoluntus
874 3107 91 38 cius
930 3107 79 38 qui
964 3107 57 38 mi-

214 3143 78 40 sit
258 3143 78 40 me,
303 3143 67 40 ut
336 3143 56 40 o
359 3143 89 40 mnis
414 3143 78 40 qui
459 3143 100 40 videt
525 3143 111 40 Filium
603 3143 56 40 &
626 3143 111 40 credit
703 3143 67 40 in
737 3143 89 40 eum,
792 3143 111 40 habent
870 3143 89 40 vita
915 3143 100 40 aternam

252 3174 105 44 RESP.
322 3174 70 44 Ex
357 3174 82 44 hoc
404 3174 163 44 testimonio
532 3174 128 44 colligi
626 3174 128 44 nequit,
719 3174 105 44 fidem
789 3174 105 44 esse,
859 3174 105 44 ausam
918 3174 93 44 instru

210 3216 147 41 mentalem
320 3216 184 41 electionis:
467 3216 86 41 Sed
516 3216 86 41 hoc
565 3216 147 41 duntaxat
676 3216 74 41 eo
712 3216 147 41 docetur,
823 3216 172 41 voluntatem
945 3216 74 41 Dei,

1031 165 105 62 esse,
1101 165 70 62 ut
1136 165 105 62 vitam
1206 165 140 62 aeternam
1310 165 140 62 obtineat
1415 165 105 62 omnis
1485 165 58 62 &
1508 165 116 62 θεορεν
1590 165 81 62 τόν
1636 165 93 62 ηον,
1694 165 70 62 κι
1729 165 140 62 τεστεναν
1822 165 35 62 σ

1050 213 117 43 χίτον,
1132 213 82 43 qui
1179 213 152 43 conspicit
1296 213 117 43 Filium
1377 213 58 43 &
1401 213 117 43 credit
1483 213 70 43 in
1518 213 93 43 eum,
1576 213 93 43 unde
1634 213 152 43 sequitur,
1751 213 82 43 non
1786 213 82 43 omne-

1053 250 82 45 qui
1100 250 153 45 conspicit
1218 250 129 45 Filium,
1312 250 118 45 habere
1394 250 106 45 vitam
1465 250 153 45 aeternam,
1583 250 82 45 sed
1630 250 82 45 qui
1677 250 106 45 simul
1747 250 118 45 credit
1818 250 47 45 it

1042 292 100 32 cum:
1104 292 100 32 item
1166 292 112 32 fidem
1241 292 100 32 esse
1303 292 125 32 medium
1390 292 87 32 per
1440 292 100 32 quod
1503 292 100 32 Deus
1565 292 87 32 nos
1615 292 100 32 vult
1677 292 150 32 adipisci
1777 292 87 32 vitam

1050 321 155 34 aeternam.
1169 321 107 34 Multi
1240 321 143 34 viderunt
1348 321 143 34 Christum
1455 321 119 34 oculis
1538 321 155 34 corporis,
1657 321 83 34 sed
1704 321 95 34 quia
1764 321 83 34 non
1800 321 71 34 cre-

1045 351 144 37 diderunt
1153 351 72 37 in
1189 351 96 37 eum,
1249 351 108 37 vitam
1320 351 144 37 aeternam
1428 351 84 37 non
1476 351 96 37 sunt
1536 351 180 37 consequuti.
1679 351 84 37 Hoc
1727 351 120 37 igitur
1799 351 60 37 res

1060 386 141 37 quirebat
1166 386 153 37 Christus,
1284 386 71 37 ut
1319 386 82 37 non
1366 386 106 37 solum
1437 386 165 37 carnaliter
1567 386 106 37 ipsum
1637 386 177 37 aspicerent,
1779 386 82 37 sed
1814 386 59 37 po-

1047 419 91 33 tius
1104 419 193 33 spiritualiter
1263 419 68 33 in
1297 419 102 33 ipsum
1365 419 159 33 credetent.
1490 419 80 33 Sic
1536 419 80 33 ait
1581 419 182 33 Tertullianus
1729 419 102 33 libro
1797 419 68 33 de
1820 419 57 33 Re-

1061 450 160 35 surrectione
1189 450 107 35 carnis
1264 450 85 35 cap.
1318 450 75 35 34.
1360 450 150 35 Distribuit
1478 450 117 35 utrique
1563 450 160 35 substantiae
1691 450 75 35 per
1734 450 117 35 officia
1809 450 64 35 pro-

1056 487 108 42 priam
1128 487 143 42 mercedem
1235 487 143 42 salutis,
1343 487 60 42 &
1367 487 108 42 carni
1439 487 84 42 per
1486 487 96 42 quam
1546 487 120 42 Filius
1630 487 203 42 aspiciebatur,
1797 487 60 42 &
1809 487 72 42 ani-

1041 517 84 44 mae
1089 517 84 44 per
1137 517 96 44 quam
1198 517 169 44 credebatur

1084 540 139 54 Secundum
1189 540 174 54 testimonium
1327 540 116 54 exstat
1408 540 69 54 1.
1443 540 93 54 Cor.
1501 540 69 54 1.
1536 540 69 54 v.
1570 540 81 54 12.
1617 540 127 54 Placuit
1709 540 81 54 Deo
1755 540 81 54 per
1790 540 81 54 stul-

1047 583 82 43 tum
1094 583 164 43 praeconium
1223 583 129 43 servare
1305 583 140 43 credentes.

1089 609 115 48 RESP.
1166 609 77 48 Et
1205 609 90 48 hoc
1256 609 192 48 testimonium
1410 609 167 48 ἔζαγονίos
1538 609 179 48 allegatur.
1679 609 90 48 Nam
1730 609 77 48 eo
1768 609 90 48 non
1807 609 64 48 do-

1054 653 125 40 cetur,
1141 653 175 40 electionis
1278 653 125 40 causam
1366 653 225 40 instrumentalem
1553 653 100 40 esse
1616 653 125 40 fidem:
1703 653 87 40 sed
1741 653 137 40 subjectum

1063 686 177 41 alvationis,
1205 686 82 41 vel
1252 686 71 41 ut
1287 686 130 41 clarius
1381 686 141 41 dicatur,
1487 686 82 41 eos
1534 686 94 41 quos
1593 686 82 41 Deo
1640 686 130 41 placuit
1734 686 82 41 per
1770 686 94 41 Evange

1047 720 95 37 lium
1107 720 72 37 de
1142 720 107 37 cruce
1214 720 143 37 Christi,
1321 720 143 37 servari,
1429 720 83 37 non
1476 720 107 37 alios
1548 720 95 37 esse
1608 720 95 37 quam
1667 720 167 37 credentes.
1799 720 107 37 Atqui

1063 754 67 39 de
1096 754 133 39 subjecto
1196 754 122 39 salutis
1285 754 78 39 non
1330 754 78 39 est
1374 754 189 39 controversia,
1530 754 78 39 sed
1574 754 67 39 de
1607 754 100 39 causa
1674 754 156 39 electionis
1785 754 89 39 aeter-

1054 787 108 38 niae.
1126 787 84 38 Hoc
1174 787 108 38 autem
1246 787 108 38 extra
1318 787 120 38 dubium
1402 787 96 38 est,
1462 787 156 38 placuisse
1582 787 120 38 omnino
1666 787 84 38 Deo
1714 787 132 38 servare
1798 787 72 38 tan-

1055 819 90 41 tum
1094 819 141 41 credentes

1081 850 130 41 Tertium
1176 850 177 41 testimonium
1317 850 118 41 exstat
1400 850 118 41 Ephes.
1482 850 71 41 1.
1517 850 71 41 v.
1553 850 83 41 11,
1600 850 83 41 12,
1647 850 83 41 13.
1694 850 71 41 In
1730 850 83 41 quo
1777 850 106 41 etiam
1836 850 47 41 in

1065 884 118 40 fortem
1148 884 129 40 adsciti
1242 884 118 40 sumus,
1324 884 94 40 quam
1383 884 129 40 essemus
1477 884 200 40 praedestinati
1642 884 141 40 secundum
1736 884 141 40 propositum

1063 918 86 39 eius
1117 918 75 39 qui
1160 918 96 39 omnia
1224 918 118 39 efficit
1310 918 64 39 ex
1342 918 129 39 consilio
1438 918 150 39 voluntatis
1556 918 96 39 suae.
1621 918 64 39 Vt
1653 918 75 39 nos
1696 918 96 39 simus
1760 918 96 39 laudi
1814 918 64 39 glo-

1054 959 88 37 riae
1109 959 121 37 ipsius,
1197 959 77 37 qui
1240 959 121 37 priores
1328 959 153 37 speravimus
1449 959 66 37 in
1481 959 132 37 Christo.
1580 959 66 37 In
1613 959 77 37 quo
1657 959 142 37 sperastis
1766 959 55 37 &
1788 959 77 37 vos
1821 959 55 37 au-

1063 984 96 43 dito
1123 984 133 43 sermone
1220 984 169 43 veritatis.
1352 984 169 43 Adjungunt:
1485 984 133 43 sperare
1582 984 96 43 idem
1642 984 84 43 hoc
1690 984 96 43 loco
1750 984 96 43 esse
1811 984 96 43 quod

1049 1022 139 36 credere,
1154 1022 128 36 usitata
1247 1022 162 36 Scripturae
1362 1022 186 36 significatione

1094 1050 117 40 RESP.
1172 1050 168 40 Adducitur
1301 1050 65 40 &
1327 1050 91 40 hoc
1379 1050 194 40 testimonium
1534 1050 233 40 impertinenter.
1729 1050 91 40 Nec
1780 1050 104 40 enim
1832 1050 52 40 eo

1068 1082 140 42 docetur,
1174 1082 164 42 electionis
1302 1082 117 42 causam
1384 1082 211 42 instrumentalem
1560 1082 94 42 esse
1618 1082 117 42 fidem;
1700 1082 82 42 nec
1747 1082 105 42 fidei
1806 1082 70 42 ulla

1053 1121 80 34 sit
1098 1121 126 34 mentio:
1190 1121 80 34 nec
1236 1121 126 34 necesse
1328 1121 80 34 est
1374 1121 126 34 sperare
1466 1121 80 34 hoc
1512 1121 92 34 loco
1569 1121 138 34 accipere
1672 1121 80 34 pro
1718 1121 138 34 credere,
1810 1121 69 34 quia

1069 1157 105 42 nihil
1140 1157 152 42 incommodi
1257 1157 105 42 habet
1327 1157 129 42 usitata
1421 1157 105 42 verbi
1491 1157 105 42 hujus
1562 1157 199 42 significatio.
1726 1157 70 42 Ut
1761 1157 94 42 enim
1808 1157 70 42 ele-

1066 1188 84 34 cti
1114 1188 72 34 in
1150 1188 144 34 Christum
1258 1188 144 34 credunt:
1367 1188 84 34 ita
1415 1188 108 34 etiam
1487 1188 72 34 in
1523 1188 96 34 ipso
1583 1188 96 34 spem
1643 1188 132 34 ponunt.
1740 1188 108 34 Causa
1800 1188 84 34 autem

1069 1220 146 40 efficiens
1181 1220 236 40 praedestinationis
1384 1220 146 40 statuitur
1496 1220 79 40 hic
1541 1220 56 40 a
1564 1220 101 40 Paulo
1631 1220 158 40 propositum
1755 1220 90 40 Dei,
1800 1220 79 40 omnia

1072 1254 184 55 efficientis
1219 1254 147 55 secundum
1329 1254 159 55 consilium
1451 1254 171 55 voluntatis
1586 1254 110 55 suae,
1660 1254 98 55 quam
1721 1254 122 55 causam
1807 1254 61 55 &
1819 1254 61 55 nos

1055 1288 128 45 urgemus.

1102 1309 123 54 Quartum
1191 1309 168 54 testimonium
1325 1309 78 54 est
1370 1309 89 54 Tit.
1426 1309 67 54 1.
1459 1309 67 54 v.
1493 1309 67 54 1.
1527 1309 78 54 ubi
1571 1309 112 54 ajunt,
1649 1309 101 54 fidem
1717 1309 89 54 dici
1772 1309 89 54 esse
1817 1309 56 54 ele

1070 1355 112 32 ctorum
1148 1355 90 32 Dei,
1204 1355 67 32 eo
1238 1355 90 32 quod
1294 1355 90 32 fide
1350 1355 78 32 sit
1394 1355 134 32 ordinata
1495 1355 168 32 salvandorum
1618 1355 112 32 electio:

1097 1379 113 43 RESP.
1173 1379 88 43 Nec
1223 1379 75 43 ex
1261 1379 88 43 hoc
1311 1379 176 43 testimonio
1449 1379 138 43 probari
1550 1379 138 43 potest,
1650 1379 113 43 fidem
1725 1379 100 43 esse
1776 1379 100 43 causam

1062 1412 242 43 instrumentalem
1264 1412 202 43 electionis.
1425 1412 81 43 Eo
1466 1412 108 43 enim
1533 1412 175 43 solummodo
1668 1412 162 43 docetur,
1775 1412 108 43 quorum

1076 1454 78 36 sit
1120 1454 100 36 fides
1187 1454 156 36 salvifica,
1309 1454 122 36 nimirum
1398 1454 156 36 electorum.
1520 1454 111 36 Deinde
1598 1454 100 36 ratio
1665 1454 89 36 quae
1720 1454 144 36 adjicitur
1820 1454 56 36 est

1063 1487 122 33 falsa.
1148 1487 85 33 Nam
1197 1487 73 33 id
1234 1487 85 33 quo
1282 1487 146 33 quippiam
1392 1487 171 33 ordinatur,
1526 1487 85 33 est
1575 1487 110 33 prius
1648 1487 73 33 eo
1685 1487 98 33 quod
1746 1487 159 33 ordinatur

1074 1523 72 34 ac
1110 1523 156 34 ordinatum
1230 1523 84 34 est
1278 1523 156 34 posterius
1398 1523 72 34 eo
1434 1523 84 34 quo
1482 1523 168 34 ordinatur.
1613 1523 72 34 At
1649 1523 108 34 fides
1721 1523 84 34 non
1769 1523 84 34 est
1805 1523 84 34 prior

1074 1552 170 36 electione
1204 1552 209 36 salvandorum.
1374 1552 104 36 Ergo
1439 1552 104 36 fide
1505 1552 91 36 non
1557 1552 91 36 est
1609 1552 157 36 ordinata
1713 1552 170 36 salvandorum

1065 1587 142 34 electio.
1172 1587 178 34 Invertendum
1314 1587 83 34 est
1361 1587 119 34 potius
1444 1587 59 34 &
1468 1587 154 34 dicendum,
1587 1587 95 34 quod
1646 1587 154 34 electione
1764 1587 83 34 sit
1800 1587 83 34 fides

1070 1621 154 43 ordinata,
1188 1621 83 43 hoc
1236 1621 94 43 est,
1295 1621 94 43 quod
1354 1621 118 43 electi
1436 1621 106 43 simus
1507 1621 71 43 ad
1543 1621 83 43 hoc
1590 1621 71 43 ut
1625 1621 154 43 credamus,
1743 1621 94 43 quod
1791 1621 94 43 credum

1071 1655 142 39 quotquot
1177 1655 142 39 ordinati
1284 1655 94 39 sunt
1343 1655 71 39 ad
1378 1655 106 39 vitam
1449 1655 153 39 aeternam,
1567 1655 94 39 Act.
1626 1655 83 39 13.
1661 1655 59 39 48.

1101 1685 136 44 Quintum
1200 1685 186 44 testimonium
1349 1685 87 44 est
1398 1685 74 44 2.
1435 1685 149 44 Thessal.
1547 1685 74 44 2.
1584 1685 87 44 13.
1634 1685 87 44 Nos
1684 1685 136 44 debemus
1770 1685 112 44 gratias

1075 1716 103 47 agere
1143 1716 80 47 Deo
1189 1716 114 47 semper
1268 1716 68 47 de
1303 1716 114 47 vobis,
1382 1716 125 47 fratres
1474 1716 125 47 dilecti
1565 1716 57 47 a
1588 1716 125 47 Domino,
1679 1716 91 47 quod
1736 1716 137 47 elegerit
1827 1716 57 47 vos

1069 1750 92 37 Deus
1126 1750 69 37 ab
1160 1750 115 37 initio
1241 1750 69 37 ad
1275 1750 138 37 salutem,
1378 1750 80 37 per
1424 1750 229 37 sanctificationem
1619 1750 138 37 Spiritus
1722 1750 57 37 &
1745 1750 103 37 fidem
1803 1750 80 37 veri

1051 1785 83 41 tatis

1097 1817 184 55 RESPONDE0.
1241 1817 79 55 Et
1281 1817 92 55 hoc
1333 1817 197 55 testimonium
1490 1817 92 55 est
1543 1817 144 55 alienum
1648 1817 66 55 a
1674 1817 184 55 quaestione
1805 1817 79 55 pro-

1062 1853 124 43 banda.
1148 1853 87 43 Nam
1198 1853 74 43 in
1235 1853 74 43 eo
1272 1853 124 43 Paulus
1358 1853 87 43 non
1408 1853 124 43 docet,
1495 1853 173 43 electionis
1631 1853 124 43 causam
1705 1853 173 43 instrumenta-

1067 1891 77 45 lem
1111 1891 88 45 esse
1166 1891 110 45 fidem,
1243 1891 77 45 sed
1287 1891 121 45 salutis
1375 1891 110 45 causas
1452 1891 165 45 efficientes
1585 1891 88 45 esse
1640 1891 220 45 sanctificationem
1816 1891 66 45 Spi-

1066 1930 109 43 ritus
1139 1930 61 43 &
1163 1930 109 43 fidem
1236 1930 134 43 habitam
1333 1930 158 43 veritati.
1455 1930 85 43 Nam
1503 1930 109 43 verba
1576 1930 109 43 illa,
1649 1930 73 43 eν
1686 1930 134 43 ἀγιασμῳ
1771 1930 109 43 πιευμα-

1065 1962 88 39 τος
1116 1962 125 39 κιπισῶ
1203 1962 163 39 ἀληδειας,
1329 1962 88 39 non
1379 1962 100 39 sunt
1441 1962 150 39 jungenda
1554 1962 88 39 cum
1604 1962 113 39 verbo
1680 1962 138 39 ειλετὸ,
1780 1962 88 39 sed
1817 1962 63 39 cum

1073 1995 136 34 homine
1168 1995 163 34 συήρίαν,
1290 1995 203 34 quemadmodum
1453 1995 176 34 Apostolus
1588 1995 108 34 ipse
1656 1995 149 34 junxit.
1765 1995 81 34 Et
1792 1995 81 34 con-

1062 2029 118 34 textus
1145 2029 141 34 evincit,
1251 2029 106 34 fidem
1321 2029 82 34 non
1368 2029 94 34 esse
1427 2029 118 34 causam
1509 2029 177 34 efficientem
1651 2029 177 34 electionis.
1792 2029 71 34 Si
1815 2029 71 34 enim

1076 2058 178 41 anctificatio
1221 2058 134 41 Spiritus
1321 2058 78 41 non
1365 2058 78 41 est
1410 2058 145 41 efficiens
1521 2058 100 41 causa
1588 2058 167 41 electionis,
1721 2058 78 41 tum
1766 2058 78 41 nec
1799 2058 78 41 fides

1065 2092 125 35 Ratio
1148 2092 97 35 est
1204 2092 250 35 evidentissima:
1412 2092 97 35 Nam
1468 2092 181 35 Apostolus
1607 2092 167 35 utrumque
1718 2092 153 35 conjungit

1067 2128 154 37 utrumque
1183 2128 77 37 ad
1221 2128 103 37 unum
1286 2128 141 37 idemque
1389 2128 141 37 refert,
1491 2128 167 37 utriusque
1620 2128 103 37 unum
1684 2128 64 37 &
1710 2128 129 37 eundem
1787 2128 90 37 effe-

1065 2161 95 42 ctum
1124 2161 142 42 statuit.
1231 2161 71 42 At
1267 2161 202 42 Sanctificatio
1433 2161 142 42 Spiritus
1540 2161 83 42 non
1587 2161 83 42 est
1635 2161 107 42 causa
1706 2161 154 42 efficiens
1813 2161 71 42 elo-

1064 2194 154 41 ctionis:
1180 2194 103 41 quia
1244 2194 116 41 sumus
1321 2194 128 41 electi
1411 2194 103 41 ante
1475 2194 128 41 jactum
1565 2194 116 41 mundi
1642 2194 205 41 fundamentum,
1809 2194 77 41 at
1835 2194 51 41 in

1065 2230 148 33 tempore
1172 2230 121 33 demum
1253 2230 94 33 per
1307 2230 162 33 Spiritum
1428 2230 148 33 Sanctum
1536 2230 243 33 sanctificamur:
1738 2230 121 33 sumus
1806 2230 67 33 ele

1061 2260 92 39 cti,
1119 2260 81 39 non
1165 2260 92 39 quod
1223 2260 115 39 futuri
1303 2260 127 39 essemus
1395 2260 115 39 sancti
1476 2260 58 39 &
1499 2260 161 39 inculpati,
1626 2260 81 39 sed
1672 2260 69 39 ut
1706 2260 127 39 essemus
1787 2260 92 39 sancti

1067 2295 61 38 &
1091 2295 160 38 inculpati
1214 2295 110 38 coram
1288 2295 86 38 Deo
1337 2295 86 38 cum
1386 2295 172 38 charitate,
1521 2295 74 38 ut
1558 2295 160 38 Apostolus
1681 2295 110 38 docet
1754 2295 123 38 Ephes.
1828 2295 49 38 1.

1068 2330 103 33 vers.
1136 2330 68 33 4.
1170 2330 91 33 Ergo
1227 2330 80 33 nec
1273 2330 103 33 fides
1341 2330 80 33 est
1387 2330 103 33 causa
1455 2330 148 33 efficiens
1570 2330 171 33 electionis.
1706 2330 148 33 Sententia
1809 2330 80 33 autem

1056 2357 116 41 Pauli
1134 2357 90 41 est
1185 2357 116 41 haec:
1263 2357 181 41 Profitetur
1405 2357 90 41 suo
1457 2357 142 41 Sylvani
1560 2357 65 41 &
1586 2357 155 41 Timothei
1702 2357 129 41 nomine
1793 2357 78 41 de
1818 2357 65 41 suo

1064 2393 62 37 &
1088 2393 136 37 istorum
1188 2393 149 37 officio,
1299 2393 99 37 quod
1361 2393 136 37 debeant
1460 2393 87 37 Deo
1510 2393 124 37 semper
1597 2393 136 37 gratias
1696 2393 112 37 agere
1770 2393 74 37 de
1795 2393 87 37 Thes-

1067 2427 252 40 salonicensibus.
1279 2427 186 40 Argumentum
1425 2427 279 40 gratiarumactionis
1664 2427 120 40 ducit
1744 2427 80 40 ab
1770 2427 120 40 effecto

1058 2461 95 37 Dei,
1117 2461 95 37 quod
1177 2461 142 37 clegerit
1283 2461 95 37 Deus
1343 2461 237 37 Thessalonicenses
1544 2461 71 37 ab
1580 2461 119 37 mitio,
1663 2461 83 37 hoc
1710 2461 95 37 est,
1769 2461 95 37 ante
1817 2461 59 37 ja-

1068 2493 120 38 ctum
1143 2493 135 38 mundi
1233 2493 240 38 fundamentum.
1428 2493 105 38 Tum
1487 2493 150 38 docet,
1592 2493 90 38 ad
1637 2493 120 38 quem
1712 2493 135 38 sinem
1787 2493 90 38 Deus

1064 2528 252 35 Thessalonicenses
1279 2528 164 35 elegerit,
1404 2528 113 35 nempe
1480 2528 76 35 ad
1518 2528 151 35 salutem.
1631 2528 88 35 Mox
1682 2528 151 35 annectit
1782 2528 101 35 media.

1060 2560 141 38 salutis,
1166 2560 82 38 seu
1213 2560 82 38 per
1260 2560 94 38 quae
1319 2560 71 38 ad
1354 2560 129 38 salutem
1449 2560 165 38 adducuntur
1578 2560 129 38 electi,
1672 2560 106 38 nempe
1731 2560 153 38 sanctifica-

1059 2596 127 36 tionem
1148 2596 102 36 Spir
1212 2596 89 36 tus
1263 2596 64 36 &
1288 2596 114 36 fidem
1365 2596 140 36 habitam
1466 2596 165 36 veritati,
1593 2596 76 36 ut
1632 2596 102 36 inde
1695 2596 165 36 discamus,
1810 2596 76 36 quod

1059 2629 98 34 Deus
1120 2629 86 34 eos
1169 2629 98 34 quos
1230 2629 74 34 ad
1267 2629 135 34 salutem
1365 2629 135 34 clegit,
1463 2629 86 34 per
1512 2629 147 34 Spiritum
1622 2629 135 34 Sanctum
1720 2629 196 34 sanctificet:

1069 2664 61 32 &
1093 2664 111 32 donet
1167 2664 111 32 fide,
1241 2664 98 32 quae
1302 2664 160 32 veritatem
1425 2664 98 32 Dei,
1487 2664 74 32 id
1524 2664 98 32 est,
1585 2664 172 32 Evangelium
1720 2664 184 32 amplectatur

1057 2695 88 43 Nam
1108 2695 101 43 quos
1171 2695 101 43 Deus
1234 2695 240 43 praedestinavit,
1437 2695 114 43 etiam
1512 2695 152 43 vocavit:
1626 2695 101 43 quos
1689 2695 152 43 vocavit,
1803 2695 88 43 hos
1841 2695 38 43 &

1067 2726 186 44 iustificavit,
1220 2726 88 44 quos
1275 2726 186 44 justificavit,
1428 2726 77 44 hos
1472 2726 55 44 &
1494 2726 186 44 glorificavit,
1647 2726 88 44 Rom.
1701 2726 66 44 8.
1723 2726 55 44 30.

1096 2770 120 48 Sevium
1180 2770 180 48 testimonium
1325 2770 84 48 est
1373 2770 120 48 Jacob.
1457 2770 72 48 2.
1493 2770 72 48 v.
1529 2770 72 48 5.
1565 2770 108 48 Nonne
1637 2770 96 48 Deus
1698 2770 120 48 elegit
1770 2770 120 48 pauperes

1057 2808 109 41 mundi
1130 2808 121 41 huius,
1215 2808 134 41 divites
1312 2808 73 41 in
1348 2808 109 41 fide?
1421 2808 73 41 Si
1458 2808 158 41 clegisset
1579 2808 146 41 pauperes
1689 2808 109 41 etiam
1749 2808 146 41 infideles,

1067 2839 149 43 frustranea
1184 2839 117 43 fuisset
1269 2839 85 43 haec
1323 2839 117 43 adjecta
1408 2839 128 43 notatio¬

1090 2884 125 37 RESP.
1174 2884 97 37 Hoc
1229 2884 125 37 etiam
1313 2884 209 37 testimonium
1480 2884 97 37 est
1535 2884 181 37 ἔαγώνιον.
1674 2884 97 37 Nam
1730 2884 83 37 eo
1758 2884 125 37 Jacobus

1070 2918 81 43 non
1117 2918 116 43 docet,
1198 2918 104 43 fidem
1267 2918 93 43 esse
1325 2918 162 43 electionis
1453 2918 127 43 causam;
1545 2918 93 43 sed,
1603 2918 81 43 qui
1650 2918 81 43 nam
1696 2918 93 43 sint
1754 2918 116 43 electi
1823 2918 70 43 Dei,

1074 2956 104 38 nempe
1144 2956 127 38 fideles
1236 2956 81 38 seu
1282 2956 127 38 divites
1374 2956 69 38 in
1409 2956 104 38 fide,
1478 2956 127 38 etiamsi
1571 2956 92 38 sint
1628 2956 138 38 pauperes
1732 2956 92 38 quod
1778 2956 104 38 attine-

1068 2989 95 39 opes
1127 2989 107 39 hujus
1198 2989 118 39 mundi.
1281 2989 83 39 Nec
1329 2989 154 39 sequitur;
1447 2989 71 39 si
1483 2989 95 39 Deus
1542 2989 118 39 elegit
1625 2989 130 39 divites
1719 2989 71 39 in
1755 2989 107 39 fide,
1814 2989 71 39 ergo

1066 3020 102 46 fides
1134 3020 79 46 est
1179 3020 102 46 causa
1247 3020 170 46 electionis:
1383 3020 102 46 sicut
1451 3020 79 46 non
1496 3020 147 46 sequitur;
1609 3020 68 46 Si
1643 3020 91 46 Deus
1700 3020 91 46 bene
1745 3020 147 46 operantibus

1062 3061 165 32 pollicetur
1192 3061 106 32 vitam
1262 3061 153 32 aeternam;
1380 3061 94 32 Ergo
1438 3061 94 32 bona
1497 3061 106 32 opera
1568 3061 94 32 sunt
1626 3061 106 32 causa
1697 3061 106 32 vitae
1756 3061 129 32 aeternae.

1066 3088 118 42 Adjecta
1152 3088 64 42 ad
1184 3088 107 42 dictum
1259 3088 107 42 Jacobi
1334 3088 128 42 notatio,
1430 3088 128 42 nimirum,
1526 3088 64 42 si
1558 3088 139 42 clegisset
1665 3088 128 42 pauperes
1761 3088 86 42 etia
1804 3088 75 42 insi-

1058 3120 139 38 fideles,
1162 3120 81 38 &c.
1209 3120 81 38 est
1255 3120 139 38 ambigua.
1359 3120 81 38 Nam
1405 3120 127 38 geminum
1497 3120 115 38 sensum
1578 3120 115 38 habere
1659 3120 127 38 potest:
1751 3120 115 38 primus
1821 3120 69 38 est,

1069 3154 96 34 Deum
1129 3154 145 34 elegisse
1238 3154 145 34 pauperes
1346 3154 157 34 infideles
1466 3154 84 34 qui
1515 3154 157 34 infideles
1635 3154 132 34 mansuri
1731 3154 120 34 erant.
1804 3154 84 34 Alter

1066 3183 99 39 est,
1128 3183 99 39 Deum
1189 3183 149 39 elegisse
1301 3183 149 39 pauperes
1412 3183 173 39 infideles,
1549 3183 99 39 quos
1611 3183 99 39 fide
1672 3183 149 39 donaret.
1772 3183 111 39 Priorem

1066 3222 125 45 sensum
1153 3222 100 45 nemo
1215 3222 112 45 sanus
1290 3222 200 45 amplectitur,
1453 3222 87 45 cum
1503 3222 112 45 tamen
1578 3222 112 45 nobis
1653 3222 162 45 affricare
1765 3222 125 45 adversa
