2063 3410
194 180 84 53 Ni
236 180 183 53 conantur;
377 180 113 53 quum
447 180 183 53 posterior
588 180 141 53 sensus
686 180 141 53 noster
785 180 113 53 sit.
841 180 183 53 Quemadmodum

199 231 97 36 enim
260 231 97 36 Deus
320 231 170 36 justificat
454 231 134 36 impium,
551 231 85 36 non
599 231 73 36 ut
636 231 121 36 impius
721 231 134 36 maneat,
818 231 85 36 sed
866 231 85 36 cum
903 231 97 36 impius

202 257 111 41 esset:
280 257 78 41 ita
324 257 100 41 etiam
391 257 89 41 Deus
446 257 111 41 elegit
524 257 155 41 infideles,
646 257 78 41 non
690 257 67 41 ut
724 257 144 41 infideles
835 257 144 41 manerent,
946 257 78 41 sed

200 295 68 36 ut
234 295 68 36 ex
268 295 171 36 infidelibus
404 295 125 36 fideles
495 295 136 36 fierent.
598 295 102 36 Recte
666 295 91 36 vero
723 295 102 36 etiam
791 295 136 36 dicitur,
893 295 91 36 quod
939 295 68 36 Deus

197 322 115 41 elegit
277 322 161 41 credentes,
403 322 80 41 hoc
449 322 115 41 sensu,
530 322 92 41 quod
587 322 149 41 quicunque
702 322 92 41 vere
760 322 138 41 credunt,
863 322 92 41 sint
921 322 69 41 in
944 322 57 41 nu-

195 353 95 40 mero
254 353 154 40 electorum
373 353 154 40 censendi.
491 353 83 40 Non
539 353 95 40 sunt
598 353 225 40 contradicentia,
788 353 95 40 Deus
847 353 119 40 elegit
918 353 83 40 fide-

205 391 86 40 les;
259 391 86 40 Deus
313 391 108 40 elegit
389 391 151 40 infideles.
507 391 76 40 Nam
551 391 86 40 quum
605 391 130 40 dicitur;
702 391 86 40 Deus
756 391 108 40 elegit
831 391 130 40 fideles;
918 391 86 40 signi-

205 419 129 42 ficatur
299 419 129 42 fideles
393 419 152 42 pertinere
510 419 70 42 ad
545 419 129 42 numerum
639 419 106 42 eorum
710 419 82 42 qui
756 419 94 42 sunt
815 419 70 42 ab
850 419 129 42 aeterno
932 419 59 42 ese

209 454 79 43 sti
254 454 68 43 ad
288 454 113 43 vitam.
367 454 79 43 Cum
412 454 91 43 vero
469 454 136 43 dicitur,
571 454 91 43 Deus
627 454 113 43 elegit
707 454 158 43 insideles;
831 454 192 43 significatur,

196 482 100 47 Deum
258 482 87 47 non
308 482 150 47 elegisse
420 482 137 47 propter
520 482 125 47 fidem,
608 482 87 47 sed
658 482 150 47 elegisse
770 482 137 47 homines
870 482 150 47 antequam

197 525 136 37 crederent.

269 540 165 67 Hactenus
393 540 179 67 vindicata
531 540 110 67 sunt
600 540 193 67 Scripturae
737 540 179 67 testimonia:

445 595 192 47 sequuntur
578 595 177 47 argumenta.

228 628 128 46 PRIMUM
318 628 192 46 argumentum:
472 628 128 46 Ephes.
562 628 77 46 1.
600 628 141 46 scribit
703 628 180 46 Apostolus:
844 628 103 46 Deus
895 628 103 46 elegit

194 664 100 41 nos
251 664 201 41 INCHRISTO,
409 664 172 41 antequam
537 664 201 41 jacerentur
695 664 201 41 fundamenta
852 664 143 41 mundi.
938 664 72 41 Si-

210 700 109 39 electio
289 700 99 39 nostra
359 700 89 39 facta
418 700 69 39 est
458 700 59 39 in
487 700 119 39 Christo,
576 700 129 39 sequitur,
675 700 69 39 eos
715 700 89 39 solos
774 700 69 39 sub
814 700 99 39 divina
873 700 119 39 electione.

203 729 158 41 contineri,
327 729 79 41 qui
372 729 90 41 sunt
428 729 68 41 in
462 729 124 41 Christo
553 729 90 41 Iesu
609 729 113 41 Domino
688 729 113 41 nostro
767 729 79 41 per
812 729 113 41 fidem.
891 729 102 41 Prius
948 729 56 41 est

205 768 141 35 Apostoli
311 768 164 35 testimonio
440 768 117 35 verum.
522 768 94 35 Ergo
581 768 106 35 verum
651 768 59 35 &
675 768 164 35 posterius:
804 768 176 35 Consequatio
933 768 70 35 pro-

196 796 151 48 positionis
315 796 65 48 ex
347 796 65 48 eo
380 796 108 48 patet,
455 796 86 48 quia
509 796 130 48 Christus
606 796 65 48 ad
639 796 119 48 salutem
725 796 97 48 nobis
790 796 119 48 ociosus
876 796 76 48 est
909 796 86 48 absqui

200 825 94 53 fide.
262 825 115 53 Proinde
346 825 73 53 nec
387 825 125 53 eligimur
481 825 63 53 ad
512 825 115 53 salutem
596 825 63 53 in
627 825 125 53 Christo,
721 825 104 53 absque
794 825 83 53 fide
846 825 63 53 in
877 825 104 53 illum.
940 825 52 53 Ho-

196 860 96 40 adeo
256 860 108 40 verum
328 860 96 40 est,
387 860 72 40 ut
423 860 203 40 Thoophylactus
591 860 108 40 super
662 860 96 40 hunc
722 860 108 40 locum
794 860 84 40 sic
830 860 167 40 commentetur.

204 897 138 40 Benedixit
311 897 85 40 nos,
364 897 117 40 inquit,
449 897 75 40 per
492 897 138 40 Christum,
598 897 117 40 perinde
683 897 64 40 ac
715 897 106 40 elegit
790 897 75 40 nos
832 897 75 40 per
875 897 106 40 ipsum,
939 897 53 40 ho-

209 924 91 47 ist,
266 924 80 47 per
311 924 102 47 fidem
379 924 68 47 in
413 924 114 47 ipsum.
493 924 114 47 Elegit
573 924 102 47 autem
641 924 91 47 ante
698 924 205 47 constitutionem
868 924 114 47 mandi.
937 924 68 47 Asu-

204 962 107 43 pernis
279 962 85 43 enim
333 962 75 43 jam
375 962 85 43 olim
429 962 171 43 praedefinita
568 962 107 43 erant,
642 962 85 43 quae
696 962 64 43 in
728 962 75 43 nos
771 962 128 43 derivata
867 962 96 43 sunt:
920 962 75 43 nequi

201 987 85 48 enim
255 987 128 48 recentia
351 987 85 48 sunt
404 987 75 48 vel
447 987 96 48 nova,
511 987 75 48 sed
553 987 53 48 a
575 987 139 48 principio
681 987 149 48 dispensata
798 987 160 48 ordinataque

229 1012 111 50 RESP.
302 1012 111 50 Primo
376 1012 172 50 adversarii
511 1012 135 50 peccant
610 1012 184 50 ignoratione
757 1012 147 50 elenchi,
856 1012 147 50 sophistice

197 1058 165 39 declinantes
329 1058 110 39 statum
406 1058 198 39 controversiae.
570 1058 132 39 Quaestio
669 1058 88 39 enim
724 1058 88 39 est,
779 1058 66 39 An
811 1058 99 39 fides
877 1058 77 39 sit
910 1058 88 39 causae

201 1094 209 36 instrumentalis
376 1094 139 36 aeternae
480 1094 174 36 electionis?
619 1094 128 36 Proinde
712 1094 186 36 concludendum
863 1094 105 36 ipsis
921 1094 70 36 erat

201 1125 99 38 Fidem
267 1125 88 38 esse
322 1125 110 38 causam
399 1125 198 38 instrumentalem
564 1125 132 38 aeternae
662 1125 165 38 electionis.
794 1125 88 38 Ipsi
849 1125 88 38 vero
893 1125 99 38 conclu-

196 1154 98 40 dunt,
262 1154 76 40 Eos
305 1154 98 40 solos
371 1154 76 40 fub
414 1154 109 40 divina
491 1154 142 40 electione
600 1154 153 40 contineri,
719 1154 76 40 qui
763 1154 87 40 sunt
818 1154 65 40 in
850 1154 120 40 Christo
927 1154 76 40 Iesus

202 1193 116 37 Domino
283 1193 116 37 nostro
364 1193 81 37 per
411 1193 116 37 fidem.
492 1193 93 37 Quae
550 1193 150 37 conclusio
665 1193 127 37 praeter
758 1193 69 37 id
793 1193 93 37 quod
851 1193 58 37 a
862 1193 139 37 quaestione

208 1218 139 41 aberrat,
312 1218 104 41 etiam
382 1218 127 41 obscura
474 1218 92 41 est,
532 1218 92 41 quia
590 1218 127 41 constat
682 1218 127 41 dicendi
775 1218 116 41 genere
855 1218 150 41 inusitato
959 1218 35 41 &

196 1258 140 39 absurdo:
301 1258 93 39 Quid
359 1258 93 39 enim
418 1258 93 39 est,
476 1258 128 39 Aliquem
569 1258 82 39 sub
616 1258 70 39 di
651 1258 93 39 vina
709 1258 151 39 electione
825 1258 163 39 contineri?
942 1258 58 39 Se-

198 1288 106 39 cundo
399 1288 83 39 est
446 1288 71 39 in
481 1288 165 39 probatione
611 1288 212 39 propositionis:
788 1288 141 39 Christum
894 1288 71 39 ad
917 1288 83 39 salu-

196 1327 74 37 tem
239 1327 95 37 nobis
302 1327 116 37 ociosum
386 1327 84 37 esse
438 1327 105 37 absque
512 1327 95 37 fide.
575 1327 116 37 Tertio,
659 1327 84 37 quod
711 1327 116 37 dicunt:
795 1327 116 37 Proinde
879 1327 74 37 nec
911 1327 84 37 eligi-

197 1353 76 43 mur
241 1353 65 43 ad
273 1353 119 43 salutem
360 1353 65 43 in
393 1353 130 43 Christo,
490 1353 109 43 absque
566 1353 87 43 fide
621 1353 65 43 in
653 1353 109 43 illum,
729 1353 130 43 ambiguum
827 1353 87 43 est.
882 1353 87 43 Etsi
936 1353 87 43 qui

194 1389 91 38 dem
246 1389 131 38 nostri
338 1389 157 38 respectu
455 1389 105 38 dici
521 1389 131 38 possit
612 1389 105 38 quod
677 1389 91 38 tum
730 1389 118 38 demum
808 1389 170 38 eligamur,
926 1389 78 38 quum

202 1420 109 43 Deus
270 1420 109 43 suum
338 1420 190 43 propositum
487 1420 81 43 in
528 1420 122 43 nobis
610 1420 204 43 exsequitur:
772 1420 149 43 nimirum
881 1420 109 43 quum
935 1420 68 43 nos

201 1453 98 42 actu
262 1453 86 42 jam
311 1453 184 42 exsistentos
458 1453 147 42 segregat
568 1453 61 42 e
593 1453 123 42 mundo,
679 1453 74 42 ut
715 1453 86 42 nos
764 1453 86 42 per
801 1453 196 42 praedicationem

201 1488 107 34 verbi
272 1488 83 34 sui
320 1488 107 34 vocet
391 1488 71 34 ad
426 1488 154 34 Christum:
544 1488 107 34 tamen
615 1488 95 34 illa
675 1488 166 34 segregatio
805 1488 118 34 nostri
888 1488 83 34 non
923 1488 83 34 facta

191 1524 91 32 est
243 1524 91 32 tum
295 1524 117 32 demum
374 1524 104 32 quum
439 1524 196 32 crederemus,
595 1524 91 32 sed
648 1524 157 32 antequam
765 1524 196 32 crederemus;
909 1524 91 32 sicut

195 1555 85 35 nec
243 1555 122 35 vocati
329 1555 109 35 sumus
401 1555 97 35 quum
462 1555 182 35 crederemus,
608 1555 85 35 sed
657 1555 146 35 antequam
766 1555 182 35 crederemus,
912 1555 85 35 ita
948 1555 49 35 u-

196 1588 160 33 segregati
319 1588 62 33 e
344 1588 111 33 mundo
418 1588 62 33 &
442 1588 86 33 per
492 1588 222 33 praedicationem
676 1588 160 33 Evangelii
800 1588 123 33 vocati
886 1588 111 33 simus
948 1588 49 33 u-

193 1611 194 43 crederemus,
348 1611 90 43 non
400 1611 116 43 autem
477 1611 103 43 quum
542 1611 194 43 crederemus,
697 1611 90 43 vel
749 1611 155 43 postquam
852 1611 155 43 credidime.

198 1646 98 44 Quum
259 1646 111 44 autem
333 1646 160 44 credimus,
456 1646 86 44 tum
505 1646 74 44 ex
542 1646 74 44 eo
579 1646 98 44 ipso
641 1646 197 44 cognoscimus,
801 1646 86 44 nos
850 1646 98 44 esse
899 1646 111 44 electos

202 1679 70 41 ad
237 1679 105 41 vitam
307 1679 152 41 aeternam:
424 1679 93 41 quia
483 1679 93 41 nemo
541 1679 117 41 credit
623 1679 70 41 in
658 1679 152 41 Christum,
775 1679 93 41 nisi
833 1679 82 41 qui
880 1679 82 41 est
915 1679 82 41 ordi-

206 1716 103 36 natus
274 1716 69 36 ad
308 1716 103 36 vitam
377 1716 149 36 aeternam.
491 1716 137 36 Quicquid
594 1716 80 36 dat
640 1716 126 36 Christo
731 1716 114 36 Pater,
811 1716 69 36 ad
845 1716 103 36 illum
903 1716 91 36 venit.

200 1750 116 42 Johan.
282 1750 70 42 6.
316 1750 81 42 37.
363 1750 174 42 Crediderunt
502 1750 139 42 quotquot
607 1750 104 42 erant
676 1750 139 42 ordinati
781 1750 70 42 ad
815 1750 104 42 vitam
873 1750 128 42 aeternam.

207 1775 97 42 Act.
268 1775 85 42 13.
316 1775 85 42 48.
365 1775 122 42 Quario
450 1775 134 42 iniquum
547 1775 97 42 est,
608 1775 207 42 Theophylactum
778 1775 97 42 unum
839 1775 73 42 in
875 1775 85 42 hac
912 1775 85 42 causa

202 1808 131 41 opponi
293 1808 170 41 consensui
424 1808 91 41 tam
476 1808 157 41 multorum
593 1808 209 41 orthodoxorum
763 1808 144 41 Patrum,
868 1808 91 41 qui
907 1808 91 41 fidem

202 1841 157 40 electionis
325 1841 112 40 causam
403 1841 90 40 esse
459 1841 101 40 recte
527 1841 146 40 negarunt,
639 1841 67 40 ut
672 1841 67 40 ex
706 1841 134 40 scriptis
807 1841 146 40 Augustini
919 1841 56 40 &
930 1841 67 40 Pro-

198 1878 109 37 speri
270 1878 121 37 patet.
355 1878 96 37 Quin
415 1878 109 37 etiam
487 1878 193 37 Theophylacti
644 1878 169 37 explicatio
777 1878 121 37 merito
849 1878 145 37 rejicitur?

207 1915 92 38 quia
265 1915 69 38 is
300 1915 104 38 verba
369 1915 104 38 Pauli
438 1915 138 38 mutavit,
542 1915 69 38 ut
576 1915 81 38 iis
622 1915 92 38 quam
680 1915 115 38 vellet
761 1915 161 38 sententiam
876 1915 115 38 attribuc

215 1938 83 39 ret.
267 1938 73 39 Nec
308 1938 83 39 enim
361 1938 104 39 Paulus
434 1938 104 39 dicit,
507 1938 104 39 elegit
580 1938 73 39 nos
621 1938 73 39 per
663 1938 104 39 ipsum,
736 1938 83 39 sed,
788 1938 104 39 elegit
861 1938 73 39 nos
903 1938 63 39 in
924 1938 73 39 ipso-

204 1974 155 38 Audiendus
323 1974 119 38 potius
407 1974 179 38 Athanasius,
550 1974 83 38 qui
598 1974 107 38 verba
669 1974 95 38 haec
729 1974 107 38 Pauli
800 1974 83 38 sic
836 1974 155 38 interpretam

201 2003 99 42 tomo
262 2003 111 42 primo
337 2003 74 42 in
374 2003 148 42 Oratione
485 2003 124 42 tertia
571 2003 124 42 contra
658 2003 136 42 Arianos
757 2003 99 42 pag.
819 2003 161 42 ducentes.
930 2003 74 42 qua-

196 2036 220 47 dragesimasex.
377 2036 116 47 Edit.
454 2036 168 47 Commelin.
584 2036 103 47 Anni
648 2036 116 47 1600.
726 2036 103 47 ait:
790 2036 103 47 Quia
855 2036 90 47 non
907 2036 78 47 in
932 2036 65 47 ali

208 2068 122 48 quopiam
297 2068 100 48 vitam
363 2068 122 48 nostram
452 2068 122 48 fundari
541 2068 122 48 decuit,
630 2068 89 48 nisi
686 2068 67 48 in
719 2068 111 48 Domino
797 2068 89 48 ante
853 2068 111 48 secula
919 2068 78 48 exsit

196 2105 116 44 stente,
281 2105 74 44 per
323 2105 85 44 quem
376 2105 53 44 &
397 2105 106 44 secula
471 2105 106 44 nostra
545 2105 116 44 condita
630 2105 95 44 sunt.
693 2105 63 44 Et
725 2105 63 44 ex
757 2105 85 44 tota
810 2105 85 44 illa
863 2105 159 44 explicatio

198 2134 72 45 ne
234 2134 156 45 manifeste
354 2134 144 45 apparet,
462 2134 168 45 Athanasium
594 2134 144 45 sensisse
701 2134 84 45 nos
749 2134 96 45 esse
809 2134 72 45 in
845 2134 132 45 Christo
929 2134 60 45 ele

204 2173 104 32 ctos,
274 2173 92 32 quia
331 2173 138 32 Christus
435 2173 81 32 est
481 2173 184 32 fundamentum,
631 2173 69 32 in
666 2173 81 32 quo
712 2173 127 32 electio
804 2173 58 32 &
827 2173 92 32 tota
873 2173 127 32 instaura-

198 2206 77 41 tio
242 2206 110 41 nostri
319 2206 121 41 fundata
397 2206 66 41 est:

243 2237 149 40 SECUNDUM
354 2237 186 40 argumentum:
503 2237 223 40 Praedestinatio
688 2237 124 40 nostra
775 2237 87 40 sit
874 2237 161 40 ,

205 2265 64 43 in
237 2265 149 43 adoptionem
354 2265 128 43 filiorum
450 2265 85 43 Dei,
504 2265 85 43 Eph.
557 2265 64 43 1.
589 2265 96 43 Porro
653 2265 117 43 adoptio
738 2265 64 43 in
770 2265 106 43 filios
844 2265 128 43 competit
929 2265 75 43 solis

217 2294 172 49 credentibus,
357 2294 129 49 secundum
453 2294 97 49 illud
518 2294 86 49 Ioh.
571 2294 64 49 1.
603 2294 129 49 Quotquot
700 2294 150 49 receperunt
818 2294 86 49 eum,
871 2294 97 49 dedit
925 2294 75 49 illis

213 2325 149 44 potestatem
330 2325 106 44 filios
405 2325 74 44 Dei
447 2325 106 44 fieri,
522 2325 74 44 his
564 2325 74 44 qui
607 2325 117 44 credunt
692 2325 64 44 in
724 2325 96 44 nomen
788 2325 96 44 ejus.
851 2325 85 44 Ergo
905 2325 53 44 &
915 2325 96 44 praede-

209 2371 124 39 stinatio
302 2371 124 39 competit
395 2371 93 39 solis
447 2371 145 39 credentibus.

236 2389 113 44 RESP.
312 2389 113 44 Primo
387 2389 151 44 peccatur
500 2389 75 44 in
538 2389 101 44 isto
601 2389 163 44 argumento
727 2389 189 44 ignoratione
877 2389 138 44 elenchi
965 2389 38 44 :

221 2424 91 56 quia
278 2424 148 56 conclusio
392 2424 80 56 non
438 2424 171 56 contradicit
575 2424 103 56 Thesi
643 2424 91 56 quae
700 2424 171 56 oppugnatur,
837 2424 91 56 quae
894 2424 91 56 est,
940 2424 57 56 Fi-

206 2458 86 48 dem
255 2458 86 48 non
304 2458 98 48 esse
365 2458 123 48 causam
451 2458 221 48 instrumentalem
636 2458 184 48 electionis:
783 2458 160 48 Conclusio
906 2458 123 48 igitur

201 2500 155 34 argumenti
320 2500 95 34 esse
380 2500 143 34 debebat,
487 2500 107 34 Fidem
559 2500 95 34 esse
618 2500 119 34 causam
702 2500 215 34 instrumentalem
881 2500 143 34 electio

209 2522 94 48 nis.
268 2522 129 48 Secundo
362 2522 129 48 ambigua
456 2522 106 48 etiam
527 2522 82 48 est
574 2522 165 48 conclusio:
703 2522 82 48 Nam
750 2522 71 48 si
774 2522 223 48 praedestinationis

205 2555 102 43 nomen
273 2555 181 43 u
420 2555 181 43 intelligatur
567 2555 79 43 pro
612 2555 158 43 electione,
737 2555 136 43 competit
839 2555 68 43 ea
872 2555 102 43 solis
929 2555 68 43 cre-

207 2592 150 43 dentibus,
323 2592 104 43 atque
392 2592 81 43 sic
438 2592 81 43 est
484 2592 104 43 vera:
553 2592 81 43 sin
599 2592 92 43 vero
657 2592 115 43 absque
738 2592 161 43 Synecdoche
865 2592 58 43 &
876 2592 127 43 simplici-

217 2625 76 45 ter
261 2625 163 45 accipiatur,
391 2625 98 45 falsa
456 2625 76 45 est
499 2625 152 45 conclusio.
619 2625 76 45 Nam
662 2625 195 45 praedestinatio
825 2625 76 45 est
868 2625 119 45 gemina:
944 2625 65 45 una;

209 2654 168 46 electorum
339 2654 78 46 ad
377 2654 130 46 vitam,
468 2654 130 46 altera
559 2654 181 46 reproborum
701 2654 78 46 ad
740 2654 142 46 mortem:
844 2654 78 46 de
882 2654 91 46 qua
921 2654 78 46 vide

207 2687 162 43 testimonia
335 2687 162 43 vetustatis
462 2687 69 43 in
497 2687 139 43 Symphon.
601 2687 127 43 Catholl
694 2687 93 43 cap.
751 2687 69 43 4.
786 2687 104 43 Thes.
856 2687 69 43 2.
890 2687 116 43 Tertio
960 2687 46 43 si

225 2723 93 49 quod
283 2723 162 49 argumentum
411 2723 81 49 hic
457 2723 93 49 esse
515 2723 128 49 possit,
608 2723 128 49 faciens
701 2723 70 49 ad
736 2723 174 49 propositum,
875 2723 93 49 tale
921 2723 70 49 erit

242 2755 70 43 Si
277 2755 70 43 in
313 2755 164 43 adoptionem
441 2755 140 43 filiorum
547 2755 82 43 Dei
593 2755 105 43 sumus
664 2755 211 43 praedestinati,
839 2755 59 43 &
863 2755 129 43 adoptio
944 2755 59 43 so-

208 2787 78 52 lic
252 2787 166 52 credentibus
385 2787 144 52 competit:
496 2787 78 52 tum
541 2787 100 52 fides
607 2787 78 52 est
652 2787 100 52 causa
718 2787 166 52 electionis.
852 2787 67 52 At
885 2787 100 52 prius
940 2787 67 52 est;

215 2825 98 44 Ergo
276 2825 61 44 &
288 2825 147 44 posterius.

253 2842 101 57 Quis
317 2842 101 57 vero
380 2842 114 57 dabit
456 2842 139 57 connexi
557 2842 228 57 consequentiam?
747 2842 101 57 Etsi
810 2842 101 57 enim
874 2842 139 57 adoptio
962 2842 51 57 ad

211 2884 99 43 quam
273 2884 124 43 electi
359 2884 111 43 sumus
433 2884 149 43 competit
545 2884 111 43 solis
619 2884 198 43 credentibus:
780 2884 111 43 tamen
854 2884 87 43 non
891 2884 124 43 continuo

212 2926 151 44 sequitur,
328 2926 104 44 fidem
398 2926 93 44 esse
456 2926 162 44 electionis
583 2926 127 44 causam:
676 2926 81 44 hoc
722 2926 116 44 tantum
803 2926 151 44 sequitur,
908 2926 104 44 electos

212 2958 109 36 solos
284 2958 97 36 vera
345 2958 97 36 fide
405 2958 73 36 in
442 2958 145 36 Christum
538 2958 97 36 donari

259 2980 156 47 TERTIUM
372 2980 142 47 argum.
471 2980 99 47 Qui
528 2980 184 47 eliguntur
670 2980 85 47 ad
712 2980 128 47 vitam
797 2980 170 47 aternam:
925 2980 85 47 hi
953 2980 57 47 DE

213 3017 106 40 intima
287 3017 127 40 planeque
382 3017 116 40 filiali
467 3017 148 40 dilectione
583 3017 127 40 ploceant
678 3017 116 40 necesse
763 3017 84 40 est.
815 3017 84 40 Nemo
868 3017 95 40 autem
921 3017 95 40 potest.

225 3054 70 39 Deo
265 3054 70 39 hac
305 3054 100 39 intima
374 3054 139 39 dilectione
484 3054 80 39 quae
534 3054 120 39 filiorum
624 3054 70 39 est
663 3054 120 39 placere,
753 3054 80 39 sine
803 3054 90 39 fide,
863 3054 90 39 Hebr.
922 3054 70 39 11.
962 3054 70 39 Er

220 3080 65 49 go
253 3080 98 49 etiam
318 3080 87 49 nemo
372 3080 98 49 eligi
437 3080 130 49 putandus
535 3080 76 49 est
579 3080 65 49 ad
611 3080 98 49 vitam
676 3080 130 49 aeternam
774 3080 87 49 sine
828 3080 87 49 ullo
883 3080 98 49 plane
937 3080 76 49 fidet

214 3119 71 46 in
250 3119 142 46 Christum
345 3119 119 46 respectu

256 3147 113 45 RESP.
332 3147 113 45 Primo
407 3147 125 45 rursus
495 3147 150 45 peccatur
607 3147 75 45 in
645 3147 88 45 hoc
695 3147 138 45 objecto
795 3147 188 45 ignoratione
933 3147 88 45 elen-

211 3182 99 44 chi:
272 3182 99 44 quia
334 3182 86 44 non
383 3182 185 44 contradicit
531 3182 111 44 Thesi
605 3182 99 44 quae
667 3182 185 44 oppugnatur,
815 3182 136 44 Secuneo
901 3182 123 44 videntur

1037 196 160 38 adversarii
1162 196 114 38 facere
1242 196 69 38 ex
1277 196 126 38 decreto
1368 196 160 38 electionis
1494 196 103 38 opus,
1562 196 91 38 quod
1619 196 91 38 fiat
1677 196 69 38 in
1711 196 137 38 tempore:
1802 196 46 38 u-

1042 228 116 39 tuntur
1124 228 93 39 enim
1182 228 116 39 verbis
1263 228 162 39 praesentis
1390 228 151 39 temporis,
1507 228 151 39 cuguntur,
1623 228 116 39 cligi.
1704 228 70 39 At
1739 228 93 39 Deus
1785 228 58 39 non

1045 256 109 42 demum
1117 256 73 42 in
1154 256 133 42 tempore
1250 256 85 42 nos
1299 256 145 42 decrevit
1408 256 145 42 eligere,
1517 256 85 42 sed
1565 256 97 42 ante
1625 256 121 42 jactum
1710 256 109 42 mundi
1770 256 73 42 fun-

1048 287 156 43 damentum.
1168 287 96 43 Quod
1228 287 72 43 si
1264 287 168 43 reglicent,
1396 287 72 43 se
1432 287 144 43 figurate
1540 287 120 43 loqui:
1624 287 168 43 meminerint
1756 287 72 43 in
1780 287 60 43 ar-

1046 325 178 39 gumentando
1186 325 89 39 non
1237 325 102 39 esse
1300 325 165 39 figuratas
1428 325 191 39 loquutiones
1580 325 89 39 cum
1631 325 153 39 propriis
1733 325 114 39 temeres

1054 359 206 36 commiscendas,
1224 359 97 36 quum
1285 359 182 36 Sophisticum
1430 359 97 36 sit,
1491 359 109 36 genus
1564 359 219 36 praedicationis
1734 359 109 36 mutare.

1043 389 111 41 Tertio
1121 389 145 41 repetitur
1232 389 67 41 ab
1266 389 167 41 adversariis
1399 389 123 41 millies
1489 389 134 41 refutata
1589 389 134 41 calumnia
1689 389 67 41 de
1723 389 100 41 fidei
1778 389 56 41 re-

1050 420 133 44 pectu.
1143 420 93 44 Nam
1196 420 93 44 cum
1249 420 119 44 omnem
1328 420 119 44 plane
1408 420 172 44 respectum
1540 420 119 44 fidei
1620 420 172 44 removemus
1752 420 66 44 a
1766 420 66 44 cau

1051 456 83 33 sis
1099 456 202 33 efficientibus
1265 456 178 33 electionis:
1407 456 83 33 non
1455 456 143 33 protinus
1562 456 119 33 eundem
1645 456 154 33 removemus
1764 456 71 33 ab
1788 456 59 33 ef-

1038 487 122 39 fectis
1123 487 184 39 electionis.
1270 487 171 39 Profitemur
1405 487 98 39 enim
1466 487 86 39 cum
1515 487 110 39 Luca,
1589 487 98 39 Act.
1650 487 86 39 13.
1699 487 86 39 48.
1736 487 110 39 Credere

1038 518 156 40 Evangelio
1158 518 168 40 annunciato
1291 518 108 40 omnes
1363 518 144 40 quotquot
1471 518 144 40 ordinati
1579 518 96 40 sunt
1640 518 72 40 ad
1676 518 96 40 vita
1724 518 108 40 aeterna

1072 554 95 40 QUA
1127 554 108 40 RTUM
1194 554 203 40 argumentum:
1356 554 243 40 Praedestinatio
1559 554 81 40 ab
1600 554 162 40 Apostolo
1708 554 135 40 definita

1052 587 169 34 conjungitur
1187 587 79 34 uno
1232 587 136 34 indiviso
1334 587 90 34 nexu
1391 587 56 34 &
1413 587 113 34 catena
1492 587 79 34 non
1537 587 158 34 interrupta
1662 587 79 34 cum
1695 587 136 34 justifica-

1051 619 106 44 tione.
1126 619 85 44 Quos
1178 619 201 44 praedestinavit,
1348 619 74 44 eos
1390 619 53 44 &
1411 619 180 44 justificavit.
1560 619 64 44 At
1591 619 85 44 nemo
1644 619 127 44 quisquam
1729 619 106 44 justisit

1042 652 110 35 catur,
1119 652 88 35 NISI
1174 652 77 35 per
1217 652 99 35 fidem
1283 652 88 35 Iesu
1338 652 131 35 Christi,
1437 652 88 35 Gal.
1491 652 66 35 2.
1524 652 88 35 Ergo
1579 652 99 35 neque
1645 652 131 35 quisquam
1732 652 99 35 praede-

1049 681 130 44 stinatur
1146 681 65 44 ad
1179 681 97 44 vitam
1244 681 130 44 aeternam
1341 681 108 44 absque
1417 681 119 44 Christo
1503 681 76 44 per
1546 681 97 44 fidem
1611 681 108 44 agnito
1687 681 54 44 &
1698 681 140 44 apprehenso.

1071 714 112 46 RESP.
1145 714 112 46 Primo
1220 714 124 46 iterum
1306 714 137 46 peccant
1406 714 174 46 adversarii
1542 714 74 46 in
1579 714 87 46 hoc
1629 714 161 46 argumento
1753 714 74 46 ex
1778 714 62 46 ig-

1050 752 170 36 hnoratione
1183 752 97 36 quid
1244 752 85 36 sit
1292 752 145 36 elenchus
1401 752 85 36 seu
1450 752 230 36 contradictorius
1644 752 194 36 Syllogismus:
1789 752 61 36 Nam

1044 784 161 35 conclusio
1167 784 87 35 non
1217 784 185 35 contradicit
1365 784 111 35 Thesi
1439 784 99 35 quae
1501 784 185 35 oppugnatur.
1650 784 136 35 Secundo
1736 784 99 35 rursus

1045 815 127 35 ambigue
1138 815 150 35 praesenti
1253 815 127 35 tempore
1345 815 127 35 utuntur
1437 815 69 35 ac
1472 815 69 35 si
1507 815 208 35 praedestinatio
1680 815 115 35 fieret
1749 815 92 35 demum.

1042 844 73 40 in
1078 844 134 40 tempore
1175 844 61 40 &
1200 844 158 40 nequaquam
1321 844 109 40 facta
1394 844 109 40 esset
1467 844 97 40 ante
1527 844 134 40 tempora
1625 844 170 40 secularia.
1746 844 97 40 Tertio

1041 880 173 38 depravatur
1177 880 185 38 testimonium
1325 880 161 38 Paulinum:
1449 880 87 38 nam
1498 880 247 38 praedestinationi
1708 880 87 38 non
1745 880 99 38 illico

1046 917 147 39 annectitur
1161 917 178 39 justificatio,
1308 917 73 39 sed
1350 917 168 39 interponitur
1486 917 126 39 vocatio.
1581 917 73 39 Jam
1623 917 63 39 si
1654 917 84 39 vera
1707 917 73 39 est
1749 917 84 39 ista
1791 917 52 39 ad-

1051 944 177 33 versariorum
1193 944 200 33 argumentatio:
1358 944 83 33 tum
1405 944 153 33 sequetur,
1523 944 106 33 fidem
1593 944 106 33 etiam
1664 944 94 33 esse
1723 944 141 33 vocatio

1044 979 82 47 nis
1091 979 129 47 causam.
1185 979 70 47 At
1220 979 117 47 falium
1302 979 94 47 est,
1360 979 105 47 fidem
1430 979 94 47 esse
1489 979 164 47 vocationis
1618 979 129 47 causam:
1711 979 94 47 Ergo
1758 979 82 47 multo

1042 1017 103 32 magis
1110 1017 114 32 falsum
1190 1017 91 32 est,
1247 1017 103 32 fidem
1315 1017 91 32 esse
1372 1017 159 32 electionis
1486 1017 91 32 causam

1073 1045 155 35 QUINTUM
1186 1045 212 35 argumentum:
1355 1045 155 35 Electio
1468 1045 155 35 tanquam
1581 1045 226 35 misericordia
1750 1045 85 35 Dei.

1043 1078 90 38 quia
1099 1078 135 38 respicit
1200 1078 112 38 lapsum
1278 1078 123 38 hominem
1368 1078 79 38 seu
1413 1078 123 38 homines
1503 1078 168 38 peccatores,
1637 1078 79 38 non
1682 1078 112 38 potest
1749 1078 90 38 habere

1049 1110 103 40 locum,
1121 1110 82 40 nisi
1172 1110 124 40 aeternae
1265 1110 134 40 justitiae
1368 1110 82 40 Dei,
1419 1110 124 40 peccatis
1512 1110 113 40 hominum
1594 1110 124 40 offensae
1687 1110 62 40 ad
1718 1110 103 40 plenum
1780 1110 51 40 sa-

1043 1139 106 43 tisfiat

1071 1157 102 56 Hinc
1135 1157 102 56 tale
1198 1157 178 56 argumentum
1338 1157 153 56 petitur:
1453 1157 140 56 Electio
1554 1157 140 56 hominum
1656 1157 178 56 peccatorum
1783 1157 51 56 ad

1056 1203 111 42 salutem
1137 1203 71 42 non
1177 1203 101 42 potest
1248 1203 91 42 ullum
1309 1203 101 42 habere
1380 1203 101 42 locum,
1450 1203 81 42 nisi
1501 1203 71 42 vel
1542 1203 81 42 ipsi
1592 1203 142 42 peccatores
1703 1203 121 42 aeternae
1784 1203 51 42 ju-

1042 1241 122 35 stitiae
1131 1241 111 35 Domini
1208 1241 133 35 exolvant
1308 1241 200 35 satisfactionem
1475 1241 144 35 propriam,
1586 1241 78 35 vel
1630 1241 144 35 imputetur
1741 1241 78 35 eis
1774 1241 67 35 ali-

1051 1271 74 34 gna
1094 1271 116 34 Christi
1178 1271 169 34 satisfactio.
1316 1271 127 34 Propriam
1411 1271 85 34 ipsi
1464 1271 138 34 exsolvere
1570 1271 138 34 nequeunt.
1676 1271 85 34 Ergo
1729 1271 64 34 ut
1761 1271 64 34 ad
1782 1271 53 34 sa-

1052 1300 90 47 litem
1112 1300 200 47 praedestinentur,
1282 1300 110 47 necesse
1362 1300 70 47 est
1402 1300 60 47 id
1432 1300 90 47 fieri
1493 1300 120 47 respectu
1583 1300 130 47 imputatae
1673 1300 160 47 satisfactionis

1045 1340 135 36 Christi.
1146 1340 90 36 Quum
1202 1340 101 36 autem
1269 1340 146 36 imputatio
1381 1340 90 36 haec
1437 1340 90 36 fiat
1493 1340 79 36 per
1538 1340 112 36 fidem:
1617 1340 90 36 sole
1673 1340 123 36 clarius
1751 1340 90 36 eluce-

1042 1368 101 42 scit,
1109 1368 101 42 fidei
1176 1368 146 42 (quatenus
1288 1368 134 42 Christum
1389 1368 179 42 amplectitur)
1535 1368 134 42 intuitum
1635 1368 67 42 ab
1669 1368 123 42 hominis
1747 1368 90 42 pecca-

1048 1401 99 42 toris
1114 1401 143 42 electione
1224 1401 132 42 removeri
1323 1401 99 42 nullo
1389 1401 88 42 modo
1433 1401 77 42 posse

1079 1433 115 40 RESP.
1156 1433 115 40 Summa
1232 1433 165 40 argumenti
1359 1433 127 40 istius
1448 1433 89 40 huc
1499 1433 127 40 redit:
1588 1433 76 40 Si
1627 1433 76 40 ad
1665 1433 140 40 salutem
1754 1433 89 40 prae-

1054 1465 161 41 destinamur
1181 1465 138 41 respectu
1285 1465 150 41 imputatae
1400 1465 81 41 per
1446 1465 104 41 fidem
1515 1465 207 41 satisfactionis
1687 1465 138 41 Christi,
1779 1465 58 41 se-

1048 1506 122 36 quitur
1133 1506 110 36 fidei
1206 1506 158 36 (quatenus
1328 1506 146 36 Christum
1438 1506 195 36 amplectitur)
1596 1506 146 36 intuitum
1706 1506 73 36 ab
1730 1506 110 36 hominis

1048 1542 171 45 peccatoris
1182 1542 159 45 electione
1304 1542 146 45 removeri
1414 1542 110 45 nullo
1487 1542 98 45 modo
1548 1542 122 45 posse.
1633 1542 110 45 Prius
1707 1542 98 45 est:
1768 1542 98 45 Ergo
1816 1542 37 45 &

1049 1565 116 41 posterius.

1084 1599 70 46 At
1119 1599 104 46 primo
1189 1599 174 46 committitur
1328 1599 70 46 in
1363 1599 174 46 conclusione
1502 1599 104 46 error
1734 1599 81 46 seu
1769 1599 81 46 igno-

1057 1629 101 45 catio
1124 1629 134 45 elenchi.
1224 1629 89 45 Nunc
1280 1629 89 45 enim
1336 1629 78 45 non
1381 1629 78 45 est
1425 1629 145 45 quaestio,
1537 1629 67 45 An
1571 1629 101 45 sidei
1638 1629 134 45 intuitus
1738 1629 101 45 omnis
1794 1629 56 45 ab-

1054 1669 146 38 electione
1166 1669 78 38 sit
1211 1669 168 38 removendus?
1345 1669 90 38 Sed,
1401 1669 67 38 an
1435 1669 101 38 fides
1502 1669 78 38 sit
1547 1669 101 38 causa
1614 1669 202 38 instrumentalis
1771 1669 67 38 ele-

1050 1699 139 39 ctionis?
1155 1699 69 39 Et
1189 1699 81 39 nos
1236 1699 116 39 aperte
1317 1699 174 39 profitemur,
1456 1699 81 39 non
1502 1699 104 39 omnem
1572 1699 104 39 fidei
1641 1699 151 39 intuitum,
1757 1699 81 39 sed
1792 1699 46 39 so

1047 1731 132 39 lummodo
1143 1731 72 39 ut
1179 1731 120 39 causae
1263 1731 192 39 efficientis,
1419 1731 72 39 ab
1455 1731 72 39 ea
1490 1731 96 39 esse
1550 1731 180 39 removendum.
1694 1731 84 39 Non
1742 1731 84 39 est
1778 1731 72 39 aute

1042 1765 67 34 ab
1075 1765 67 34 ea
1109 1765 157 34 removendus
1232 1765 135 34 intuitus
1333 1765 112 34 fidei,
1412 1765 67 34 ut
1446 1765 123 34 effecti
1535 1765 67 34 ab
1569 1765 146 34 electione
1681 1765 146 34 manantis.
1782 1765 56 34 Se-

1053 1796 117 40 cundo,
1135 1796 140 40 ambiguum
1241 1796 82 40 est
1287 1796 94 40 quod
1346 1796 140 40 dicitur,
1451 1796 82 40 nos
1498 1796 70 40 ad
1533 1796 129 40 salutem
1627 1796 211 40 praedestinari.
1790 1796 59 40 Nam

1044 1827 85 43 hoc
1092 1827 145 43 duplicem
1201 1827 121 43 sensum
1286 1827 121 43 potest
1371 1827 133 43 habere:
1468 1827 109 43 Prior
1540 1827 97 43 est,
1601 1827 97 43 quod
1661 1827 97 43 Deus
1722 1827 73 43 ex
1746 1827 97 43 tempo-

1054 1864 66 35 re
1087 1864 111 35 capiat
1165 1864 144 35 consilium
1275 1864 55 35 &
1298 1864 144 35 decernat,
1408 1864 78 35 qui
1453 1864 122 35 salutem
1541 1864 133 35 adipisci
1641 1864 133 35 debeant.
1740 1864 78 35 Qui
1774 1864 66 35 sen-

1044 1892 84 39 sus
1092 1892 108 39 plane
1164 1892 120 39 impius
1248 1892 84 39 est
1297 1892 60 39 &
1321 1892 156 39 doctrinae
1441 1892 180 39 Apostolicae
1585 1892 156 39 repugnat.
1706 1892 84 39 Nam
1742 1892 96 39 Aposto

1045 1926 77 36 lus
1089 1926 109 36 Jacob.
1165 1926 87 36 Act.
1220 1926 77 36 15.
1264 1926 66 36 v.
1296 1926 77 36 18.
1340 1926 131 36 expresse
1439 1926 87 36 ait:
1493 1926 87 36 Nota
1548 1926 87 36 sunt
1603 1926 77 36 Deo
1646 1926 66 36 ab
1679 1926 77 36 avo
1723 1926 98 36 omnia
1777 1926 66 36 ope-

1044 1962 70 40 ra
1079 1962 93 40 sua:
1137 1962 93 40 Ergo
1195 1962 104 40 etiam
1265 1962 220 40 praedestinatio.
1450 1962 81 40 Nec
1496 1962 93 40 enim
1554 1962 93 40 Deus
1612 1962 81 40 pro
1659 1962 70 40 re
1693 1962 93 40 nata
1751 1962 70 40 in
1774 1962 70 40 tem-

1051 1993 91 36 pore
1108 1993 148 36 consilium
1221 1993 102 36 capit
1290 1993 57 36 &
1312 1993 125 36 aliquid
1403 1993 148 36 decernit,
1517 1993 68 36 ut
1551 1993 125 36 homines
1642 1993 125 36 solent.
1722 1993 125 36 Postetior

1051 2026 110 38 sensus
1128 2026 88 38 est,
1183 2026 88 38 quod
1238 2026 88 38 Deus
1293 2026 231 38 praedestinationis
1492 2026 66 38 ab
1525 2026 121 38 aeterno
1613 2026 110 38 factae
1690 2026 143 38 consilium
1789 2026 55 38 ex-

1051 2057 134 36 sequitur
1151 2057 67 36 in
1185 2057 134 36 tempore:
1285 2057 78 36 qui
1330 2057 123 36 concedi
1419 2057 123 36 posset,
1509 2057 89 36 nisi
1565 2057 134 36 vitiosum
1665 2057 112 36 esset,
1732 2057 112 36 ambigui-

1050 2092 128 34 tatibus
1144 2092 70 34 in
1179 2092 163 34 disputando
1307 2092 128 34 ludere,
1400 2092 58 34 &
1424 2092 105 34 genus
1494 2092 210 34 praedicationis
1669 2092 128 34 mutare.
1751 2092 93 34 Tertio

1051 2120 111 37 falsum
1129 2120 89 37 est,
1184 2120 89 37 quod
1240 2120 133 37 dicitur,
1339 2120 122 37 homines
1428 2120 189 37 praedestinari
1584 2120 67 37 ad
1617 2120 122 37 salutem
1706 2120 133 37 respectu
1795 2120 55 37 im-

1047 2156 143 37 putatae
1151 2156 91 37 per
1203 2156 117 37 fidem
1281 2156 234 37 satisfactionis
1476 2156 156 37 CHRISTI,
1593 2156 78 37 si
1632 2156 169 37 respectus
1749 2156 91 37 causa

1048 2188 158 45 efficietis
1172 2188 192 45 intelligatur.
1330 2188 79 45 Nam
1375 2188 90 45 sive
1432 2188 237 45 praedestinationem
1635 2188 68 45 ab
1669 2188 124 45 aeterno
1748 2188 102 45 factam,

1044 2219 92 41 sive
1102 2219 242 41 praedestinationis
1309 2219 207 41 exsequutionem,
1482 2219 138 41 spectes:
1586 2219 150 41 imputatio
1690 2219 161 41 satisfactio-

1047 2252 87 36 nis
1096 2252 136 36 Christi
1195 2252 148 36 sequitur
1306 2252 260 36 praedestinationem
1529 2252 87 36 non
1578 2252 173 36 antecedit.
1714 2252 124 36 Etenim
1788 2252 62 36 non

1050 2291 115 37 quibus
1131 2291 138 37 imputata
1235 2291 81 37 est
1281 2291 173 37 satisfactio
1419 2291 138 37 Christi,
1523 2291 69 37 ii
1557 2291 230 37 praedestinantur,
1753 2291 81 37 sed
1787 2291 58 37 qui

1055 2319 184 35 praedestinati
1207 2319 98 35 sunt,
1272 2319 76 35 iis
1315 2319 141 35 imputatur
1424 2319 76 35 per
1467 2319 98 35 fidem
1532 2319 163 35 satisfactio
1663 2319 130 35 Christi.
1760 2319 65 35 Si
1782 2319 65 35 vero

1047 2353 138 33 homines
1148 2353 238 33 praedestinantur
1348 2353 75 33 ad
1386 2353 150 33 salutem,
1499 2353 150 33 respectu
1612 2353 150 33 imnutote
1712 2353 138 33 justitiae

1057 2381 124 41 Christi
1147 2381 68 41 ut
1181 2381 113 41 causae
1260 2381 181 41 efficientis;
1407 2381 79 41 tum
1452 2381 135 41 justitia
1553 2381 124 41 Christi
1644 2381 102 41 prius
1712 2381 102 41 illis
1768 2381 79 41 impu-

1054 2414 121 43 catur,
1139 2414 97 43 quam
1199 2414 97 43 ipsi
1260 2414 242 43 praedestinentur;
1466 2414 61 43 &
1490 2414 97 43 quia
1550 2414 157 43 imputatio
1671 2414 85 43 sit
1720 2414 85 43 per
1756 2414 97 43 fidem,

1041 2446 135 42 homines
1139 2446 110 42 prius
1212 2446 123 42 habent
1298 2446 123 42 fidem,
1384 2446 110 42 prius
1458 2446 147 42 credunt,
1568 2446 98 42 quam
1629 2446 233 42 praedestinentur

1051 2479 100 43 Quod
1113 2479 100 43 quid
1176 2479 113 43 aliud
1251 2479 88 43 est
1301 2479 100 43 quam
1363 2479 113 43 purus
1438 2479 113 43 putus
1501 2479 188 43 Pelagianismus

1083 2508 101 46 Quod
1147 2508 152 46 dicitur,
1260 2508 177 46 Electionem
1399 2508 139 46 hominum
1501 2508 89 46 non
1551 2508 114 46 posse
1627 2508 126 46 habere
1716 2508 114 46 locum
1779 2508 63 46 ni-

1052 2541 63 45 si
1084 2541 74 45 pro
1126 2541 126 45 peccatis
1221 2541 84 45 suis
1273 2541 179 45 satisfaciant,
1420 2541 74 45 vel
1462 2541 137 45 imputetur
1567 2541 95 45 ipsis
1630 2541 116 45 Christi
1704 2541 147 45 satisfactio,

1042 2574 79 46 est
1087 2574 124 46 falsum.
1177 2574 79 46 Nam
1222 2574 124 46 electio
1312 2574 101 46 facta
1379 2574 79 46 est
1424 2574 90 46 ante
1481 2574 203 46 satisfactionea
1650 2574 79 46 pro
1695 2574 135 46 peccatis
1785 2574 56 46 no-

1057 2610 108 48 tris,
1129 2610 60 48 &
1153 2610 96 48 ante
1213 2610 192 48 imputationem
1370 2610 217 48 satisfactionis
1550 2610 144 48 Christi:
1659 2610 84 48 imo
1707 2610 96 48 ante
1755 2610 96 48 jactum

1057 2641 127 44 mundi
1127 2641 197 44 sundamentum.

1083 2676 125 35 SEXTUM
1170 2676 187 35 argumentum:
1319 2676 137 35 Electio
1419 2676 87 35 seu
1469 2676 224 35 praedestinatio
1656 2676 125 35 tendit
1743 2676 75 35 ad
1768 2676 87 35 vitam

1054 2709 65 37 ad
1087 2709 130 37 salutem.
1184 2709 65 37 At
1217 2709 87 37 vita
1271 2709 76 37 non
1315 2709 130 37 competit
1413 2709 87 37 nisi
1467 2709 163 37 credentibus
1597 2709 109 37 Iustus
1673 2709 109 37 EXTIDE
1749 2709 76 37 sua
1793 2709 76 37 vi

1054 2741 96 39 vet,
1114 2741 120 39 Habac.
1198 2741 72 39 2.
1234 2741 108 39 Salus
1306 2741 84 39 non
1354 2741 144 39 pertinet
1463 2741 96 39 nisi
1523 2741 72 39 ad
1559 2741 168 39 credentes:
1691 2741 84 39 qui
1727 2741 120 39 CREDIDE-

1048 2778 83 35 RIT
1095 2778 177 35 salvabitur.
1237 2778 94 35 Ergo
1296 2778 59 35 &
1320 2778 130 35 electio
1414 2778 130 35 nonnisi
1508 2778 177 35 credentibus
1638 2778 118 35 competit

1088 2806 119 45 RESP.
1167 2806 119 45 Primo
1246 2806 119 45 etiam
1325 2806 79 45 in
1365 2806 92 45 hoc
1418 2806 172 45 argumento
1550 2806 198 45 committitur
1695 2806 158 45 ignoratio-

1065 2842 140 41 elenchi:
1170 2842 93 41 quia
1228 2842 151 41 conclusio
1344 2842 81 41 non
1391 2842 174 41 contradicit
1530 2842 105 41 Thesi
1600 2842 93 41 quae
1658 2842 174 41 oppugnatur,
1798 2842 81 41 sed

1053 2880 118 34 iterum
1136 2880 129 34 mutatur
1230 2880 200 34 controversiae
1394 2880 129 34 status.
1488 2880 82 34 Non
1535 2880 94 34 enim
1594 2880 165 34 quaeritur,
1724 2880 71 34 An
1747 2880 106 34 electio

1064 2910 92 39 solis
1125 2910 153 39 credentibus
1247 2910 133 39 competat?
1349 2910 82 39 Sed,
1400 2910 61 39 An
1431 2910 92 39 fides
1492 2910 71 39 sit
1533 2910 143 39 electionis
1645 2910 92 39 causa
1706 2910 133 39 efficitas
1798 2910 51 39 ve-

1060 2945 206 41 instrumentalis?
1234 2945 130 41 Secundo,
1331 2945 87 41 etsi
1385 2945 76 41 ita
1429 2945 184 41 colligeretur:
1580 2945 65 41 Si
1613 2945 119 41 electio
1699 2945 108 41 tendit
1775 2945 65 41 ad
1797 2945 54 41 vi-

1055 2979 91 40 tam,
1111 2979 91 40 vita
1168 2979 102 40 autem
1236 2979 80 40 non
1282 2979 159 40 contingit,
1407 2979 91 40 nisi
1464 2979 170 40 credentibus
1600 2979 91 40 Ergo
1657 2979 159 40 electionis
1770 2979 91 40 causa-

1064 3018 79 33 est
1109 3018 113 33 fides:
1188 3018 101 33 tamen
1255 3018 124 33 vitiosa
1346 3018 101 33 esset
1413 3018 158 33 collectio.
1537 3018 158 33 Peccaretur
1661 3018 90 33 enim
1718 3018 124 33 elencho-

1108 3046 172 37 :
1246 3046 92 37 quia
1304 3046 80 37 non
1350 3046 149 37 sequitur,
1465 3046 161 37 electionis
1591 3046 115 37 causam
1671 3046 92 37 esse
1729 3046 115 37 fidem:
1798 3046 57 37 sec

1065 3071 80 44 hoc
1110 3071 126 44 tantum,
1202 3071 126 44 electos
1293 3071 103 44 solos
1350 3071 103 44 servari

1088 3097 166 49 SEPTIMUM
1213 3097 139 49 argum.
1310 3097 97 49 est
1366 3097 139 49 priori
1463 3097 180 49 cognatum,
1601 3097 166 49 desumtum
1726 3097 83 49 ex
1754 3097 111 49 catena

1067 3139 111 41 Pauli,
1145 3139 89 41 Rom.
1200 3139 67 41 8.
1234 3139 89 41 Quos
1289 3139 211 41 praedestinavit,
1467 3139 78 41 hos
1512 3139 56 41 &
1534 3139 189 41 giorificavit:
1690 3139 200 41 Glornificantur

1073 3180 101 38 autem,
1144 3180 81 38 soli
1194 3180 142 38 credentes.
1306 3180 81 38 Ergo
1356 3180 51 38 &
1377 3180 203 38 praedestinantur,
1549 3180 81 38 soli
1589 3180 122 38 credenses.
