2063 3424
171 214 74 46 Ex
208 214 111 46 forma
281 214 172 46 Scripturae
417 214 123 46 Sacrae
503 214 86 46 sic
540 214 184 46 argumentamur:

193 256 159 43 Quaecunque
318 256 148 43 Scriptura
431 256 79 43 est
476 256 125 43 veritas
567 256 114 43 prima,
647 256 193 43 immutabiliter
794 256 148 43 sanctissima

152 277 157 54 iustissima
275 277 56 54 &
298 277 202 54 perfectissima,
467 277 67 54 ea
500 277 135 54 profecto
602 277 79 54 est
647 277 124 54 divina.
737 277 67 54 At
770 277 146 54 Scriptura
872 277 67 54 Pho-

149 321 118 41 phitica
235 321 53 41 &
256 321 150 41 Apostolica
374 321 75 41 est
417 321 118 41 veritas
502 321 107 41 prima,
577 321 75 41 &c.
620 321 86 41 Ergo
673 321 75 41 est
716 321 96 41 cerro
770 321 96 41 diuina.

336 365 102 45 Haec
400 365 76 45 de
438 365 114 45 forma
514 365 178 45 Scripturae
641 365 114 45 Sacrae.

171 412 113 50 FINIS
247 412 138 50 ejusdem
348 412 88 50 est
398 412 76 50 is
436 412 76 50 ad
474 412 101 50 quem
537 412 113 50 nulla
612 412 151 50 doctrina
725 412 101 50 nisi
788 412 126 50 divina
864 412 88 50 citra

148 452 132 43 errorem
244 452 108 43 ullum
316 452 156 43 perducere
437 452 132 43 potest.

188 477 79 42 Est
233 477 90 42 vero
289 477 135 42 geminus.
391 477 68 42 I.
424 477 124 42 Gloriae
515 477 113 42 solius
594 477 79 42 Dei
639 477 180 42 illustratio,
785 477 68 42 ut
819 477 79 42 qui
853 477 90 42 gloria

145 519 89 35 tur,
200 519 66 35 in
233 519 111 35 Domino
311 519 155 35 glorietur,
433 519 111 35 Jerem.
510 519 66 35 9.
543 519 100 35 vers.
610 519 77 35 24.
654 519 66 35 1.
687 519 122 35 Corinti
776 519 66 35 I.
809 519 100 35 vers.
864 519 89 35 ultim.

171 550 92 36 II.
223 550 131 36 Solida
315 550 66 36 &
341 550 144 36 aeterna
446 550 157 36 animatum
564 550 170 36 nostratum
695 550 183 36 consolatio
839 550 66 36 &
852 550 92 36 salus

146 588 94 33 quia
205 588 152 33 Scriptura
322 588 105 33 Sacra
392 588 82 33 hoc
439 588 105 33 etiam
509 588 94 33 fine
567 588 82 33 est
614 588 129 33 exarata
707 588 70 33 ut
743 588 82 33 per
778 588 175 33 consolationem

157 621 106 38 ejus,
228 621 94 38 spem
287 621 153 38 habentes,
405 621 59 38 &
428 621 71 38 in
464 621 118 38 Filium
546 621 83 38 Dei
593 621 165 38 credentes,
723 621 106 38 vitam
794 621 141 38 aeternum
888 621 59 38 ob-

149 654 143 33 tineamus,
259 654 88 33 Rom.
314 654 77 33 15.
358 654 99 33 vers.
424 654 55 33 4
446 654 88 33 Joh.
501 654 77 33 20.
545 654 88 33 ver.
601 654 77 33 31.
645 654 77 33 Hac
689 654 99 33 autem
755 654 121 33 seripta
843 654 99 33 sunt,
909 654 66 33 ut

154 682 142 34 credatis
261 682 107 34 Iesum
332 682 95 34 esse
391 682 142 34 Christum
497 682 118 34 Fulium
580 682 107 34 illum
651 682 95 34 Dei,
710 682 59 34 &
734 682 71 34 ut
770 682 154 34 credentes
876 682 83 34 vitam

154 710 135 43 huheatis
255 710 78 43 per
300 710 101 43 nomen
356 710 78 43 eius.

193 743 96 46 Inde
253 743 84 46 sic
289 743 144 46 colligimus

200 780 159 41 quaecunque
325 780 148 41 Scriptura
438 780 114 41 tradit
518 780 148 41 doctrinam
632 780 91 41 soli
689 780 80 41 Deo
734 780 125 41 gloriam
825 780 68 41 in
848 780 102 41 solidum

156 809 168 40 tricuentem
288 809 60 40 &
312 809 72 40 ad
348 809 204 40 consolationem
516 809 168 40 salutemque
649 809 132 40 aternam
745 809 144 40 animarum
841 809 108 40 nostra-

154 846 76 36 rum
198 846 54 36 a
219 846 76 36 Deo
263 846 174 36 peculiariter
405 846 163 36 destinatam,
535 846 65 36 ea
568 846 131 36 profecto
666 846 109 36 divina
732 846 65 36 est.

187 883 68 38 At
221 883 102 38 Sacra
288 883 147 38 Scriptura
401 883 113 38 tradit
480 883 147 38 doctrinam
593 883 113 38 talem:
672 883 90 38 Ergo
728 883 79 38 est
773 883 90 38 vere
818 883 102 38 divina.

183 918 133 32 Maioris
279 918 121 32 Membra
364 918 84 32 duo
412 918 109 32 sunt:
485 918 121 32 primum
569 918 121 32 negari
653 918 133 32 potest,
750 918 97 32 ideo
810 918 109 32 illud
871 918 72 32 pro-

160 939 101 41 bamus
227 939 157 41 testimonio
350 939 135 41 Christi,
451 939 79 41 qui
496 939 79 41 ait
541 939 79 41 Joh
586 939 67 41 7.
620 939 101 41 vers.
687 939 79 41 18.
732 939 79 41 Qui
777 939 56 41 a
799 939 146 41 semetipso
900 939 56 41 lo-

169 975 119 38 quitur,
255 975 119 38 gloriam
342 975 129 38 propriam
439 975 129 38 quaerit:
536 975 75 38 qui
579 975 97 38 autem
643 975 119 38 quaerit
730 975 119 38 glortam
816 975 86 38 eius
870 975 75 38 qui
902 975 54 38 mi-

163 1008 75 36 sit
206 1008 108 36 ipsum,
282 1008 75 36 hic
325 1008 97 36 verax
389 1008 86 36 est,
443 1008 54 36 &
465 1008 151 36 iniustitia
583 1008 65 36 in
615 1008 65 36 eo
648 1008 75 36 non
691 1008 86 36 est,
744 1008 86 36 idem
798 1008 129 36 Christus
884 1008 65 36 Domi

153 1039 86 42 nus
202 1039 74 42 ut
239 1039 160 42 probaret,
362 1039 160 42 doctrinam
485 1039 99 42 suam
547 1039 99 42 esse
608 1039 148 42 divinam,
719 1039 86 42 hoc
768 1039 99 42 ipso
818 1039 135 42 argumente

157 1078 90 33 usus
213 1078 79 33 est
258 1078 90 33 Joh.
314 1078 68 33 5.
348 1078 101 33 vers.
416 1078 79 33 41.
461 1078 56 33 &
483 1078 180 33 sequentibus.
630 1078 124 33 Gloriam
720 1078 68 33 ab
753 1078 146 33 hominibus
866 1078 79 33 non
900 1078 56 33 ca-

166 1102 90 42 pto.
222 1102 79 42 Sea
267 1102 79 42 vos
312 1102 90 42 novi
368 1102 157 42 charitatem
492 1102 79 42 Dei
537 1102 79 42 non
582 1102 112 42 habere
661 1102 67 42 in
694 1102 112 42 vobis.
773 1102 79 42 Ego
818 1102 90 42 veni
874 1102 67 42 in
897 1102 56 42 no-

164 1139 84 38 mine
216 1139 105 38 Patris
289 1139 84 38 mei,
342 1139 73 38 nec
383 1139 136 38 recipitis
488 1139 94 38 meisi
551 1139 115 38 venerit
635 1139 94 38 alius
698 1139 63 38 in
729 1139 105 38 nomine
802 1139 84 38 suo,
855 1139 94 38 illum
907 1139 42 38 re

169 1170 131 42 tipietis
267 1170 120 42 Quomodo
355 1170 76 42 vos
398 1170 131 42 potestis
497 1170 131 42 credere,
595 1170 87 42 quum
649 1170 120 42 gloriam
737 1170 87 42 alii
791 1170 65 42 ab
824 1170 98 42 aliis
879 1170 76 42 capte

168 1203 81 39 tis,
219 1203 51 39 &
239 1203 112 39 gloriam
321 1203 92 39 illam
382 1203 81 39 quae
433 1203 51 39 a
453 1203 81 39 solo
504 1203 71 39 Deo
545 1203 183 39 proficiscitur,
697 1203 71 39 non
738 1203 143 39 quaeritis:
850 1203 51 39 &
871 1203 81 39 cap.
911 1203 41 39 17

164 1236 97 40 vers.
229 1236 75 40 30.
272 1236 75 40 Ego
315 1236 86 40 viro
369 1236 75 40 non
412 1236 108 40 quaero
487 1236 118 40 gloriam
573 1236 97 40 meum:
638 1236 54 40 &
660 1236 97 40 vers.
724 1236 75 40 54.
767 1236 65 40 Si
799 1236 75 40 ego
832 1236 129 40 glorifici-

161 1265 137 43 meipsum,
263 1265 114 43 gloria
344 1265 80 43 mea
389 1265 103 43 nihil
458 1265 91 43 est.
515 1265 149 43 Similiter
629 1265 114 43 Paulus
709 1265 69 43 ut
744 1265 149 43 doctrinam
858 1265 91 43 suam
904 1265 57 43 di-

160 1303 104 33 vinam
230 1303 93 33 esse
288 1303 128 33 doceat,
381 1303 81 33 hoc
427 1303 93 33 ipso
485 1303 151 33 argumento
601 1303 116 33 utitur
683 1303 116 33 Galat.
764 1303 70 33 1.
799 1303 104 33 vers.
868 1303 81 33 10.
903 1303 58 33 Num

163 1334 97 38 enim
223 1334 109 38 utrum
296 1334 121 38 humana
381 1334 73 38 an
417 1334 133 38 diuvina
514 1334 133 38 suadeo:
610 1334 85 38 aut
659 1334 121 38 quaero
743 1334 157 38 hominibus
852 1334 109 38 placere

166 1365 139 43 Enimuero
270 1365 69 43 si
305 1365 104 43 adhuc
375 1365 150 43 hominibus
490 1365 150 43 placerem,
606 1365 127 43 Christi
698 1365 116 43 servus
779 1365 81 43 non
825 1365 116 43 essem,
895 1365 69 43 Idem

172 1398 160 43 confirmat
295 1398 160 43 oppositio
419 1398 185 43 contratiuus
567 1398 173 43 Quaecunque
702 1398 148 43 doctrina
814 1398 74 43 ad
851 1398 136 43 hominum
937 1398 37 43 &

167 1435 90 32 non
218 1435 128 32 solius
308 1435 90 32 Dei
359 1435 141 32 gloriam
462 1435 166 32 comparata
590 1435 102 32 est,
654 1435 77 32 ea
692 1435 166 32 nequaquam
820 1435 128 32 divina
897 1435 77 32 est;

177 1466 121 44 qualis
261 1466 97 44 erat
322 1466 145 44 doctrina
431 1466 205 44 Pharisaeorum,
600 1466 72 44 de
636 1466 121 44 quibus
720 1466 181 44 Euangelista
853 1466 121 44 Johannes

175 1501 78 36 ait
220 1501 90 36 cap.
276 1501 78 36 12.
320 1501 101 36 vers.
387 1501 78 36 43.
432 1501 157 36 Dilexerunt
555 1501 123 36 gloriam
645 1501 123 36 hominum
734 1501 112 36 potius
813 1501 90 36 quam
857 1501 101 36 gloriat

170 1533 92 39 Dei.
227 1533 92 39 Etgo
284 1533 92 39 illa
342 1533 138 39 doctrina
445 1533 92 39 vere
502 1533 115 39 divina
583 1533 92 39 est,
640 1533 92 39 quae
698 1533 115 39 solius
778 1533 92 39 Dei,
835 1533 57 39 &
858 1533 115 39 quidem
927 1533 46 39 in

170 1560 135 50 solidum,
271 1560 124 50 gloriam
361 1560 135 50 quaerit,
462 1560 90 50 Haec
518 1560 146 50 generalis
630 1560 90 50 nota
686 1560 67 50 ac
720 1560 112 50 regula
799 1560 90 50 est,
855 1560 79 50 qua
889 1560 67 50 divi

177 1597 72 44 na
213 1597 144 44 doctrina
321 1597 72 44 ab
357 1597 120 44 humana
440 1597 180 44 dignoscitur

208 1621 148 44 Secundum
319 1621 136 44 membrum
418 1621 136 44 matoris
517 1621 111 44 extra
591 1621 210 44 controversiam
752 1621 74 44 est.

210 1660 97 39 Quod
271 1660 73 39 ad
307 1660 134 39 minoris
404 1660 219 39 confirmationem
587 1660 146 39 attinet,
696 1660 122 39 Sacrae
782 1660 170 39 Scripturae
903 1660 61 39 do-

166 1696 134 34 ctrinam
263 1696 97 34 soli
324 1696 85 34 Deo
372 1696 134 34 gloriam
470 1696 73 34 in
506 1696 134 34 solidum
603 1696 158 34 vendicate
725 1696 61 34 &
749 1696 73 34 ad
786 1696 134 34 solidam
871 1696 97 34 aeter.

177 1731 134 34 namque
270 1731 160 34 animatum
390 1731 174 34 nostratum
524 1731 227 34 consolationem
711 1731 120 34 atque
791 1731 147 34 salutem
898 1731 67 34 a
912 1731 53 34 De

177 1765 187 37 peculiariter
329 1765 164 37 destinatam
458 1765 105 37 esse,
528 1765 105 37 paulo
599 1765 94 37 ante
657 1765 140 37 ostensum
762 1765 94 37 est.
821 1765 70 37 Ad
844 1765 129 37 confitma-

179 1797 131 37 tionem
271 1797 105 37 vero
336 1797 183 37 ampliorem,
480 1797 92 37 hoc
532 1797 131 37 quoque
624 1797 183 37 referendum
768 1797 105 37 est.
833 1797 105 37 Quod
885 1797 79 37 Sacr

166 1830 158 31 Scriptura
287 1830 97 31 soli
348 1830 85 31 Deo
397 1830 134 31 gloriam
494 1830 73 31 in
530 1830 134 31 solidum
628 1830 146 31 asserat,
737 1830 97 31 inde
798 1830 109 31 etiam
859 1830 109 31 constat

176 1863 106 38 quia
242 1863 106 38 Deum
309 1863 146 38 autorem
415 1863 133 38 unicum
508 1863 120 38 rerum
588 1863 133 38 omnium
681 1863 173 38 praedicat
814 1863 66 38 &
840 1863 159 38 celebrat

174 1894 101 32 quod
237 1894 176 32 inductione
376 1894 126 32 omnium
464 1894 138 32 capitum
564 1894 138 32 veteris
665 1894 63 32 &
690 1894 101 32 novi
753 1894 176 32 testamenti
879 1894 88 32 ostem

172 1918 68 45 di
206 1918 125 45 posset.
297 1918 80 45 Deo
342 1918 148 45 adseribit
456 1918 148 45 creatione
570 1918 102 45 coeli
638 1918 57 45 &
661 1918 114 45 terrae
741 1918 57 45 &
764 1918 114 45 omnium
843 1918 91 45 quae
900 1918 68 45 in
923 1918 57 45 eis

174 1955 119 39 sunt:
253 1955 93 39 Deo
306 1955 172 39 adscribit
439 1955 225 39 gubernationem
624 1955 66 39 &
650 1955 238 39 conservationem
849 1955 132 39 omnium
928 1955 40 39 &

171 1983 183 43 singulorum:
317 1983 85 43 Deo
366 1983 159 43 adscribit
488 1983 159 43 Ecclesiae
610 1983 183 43 vocationem,
756 1983 195 43 redemtionem,
903 1983 73 43 san-

175 2024 204 35 ctificationem
343 2024 84 35 Deo
391 2024 96 35 soli
451 2024 156 35 adscribit
571 2024 132 35 salutem
668 2024 144 35 nostram,
776 2024 72 35 ac
812 2024 72 35 in
848 2024 108 35 summa
908 2024 72 35 Deo.

172 2054 157 49 adscribit
293 2054 133 49 tanquam
390 2054 121 49 autori
475 2054 109 49 unico
547 2054 109 49 omnia
620 2054 97 49 bona
680 2054 97 49 quae
741 2054 145 49 fuerunt,
850 2054 97 49 sunt
910 2054 61 49 &
923 2054 48 49 e-

184 2093 73 32 runt
221 2093 28 32 .

213 2103 97 54 Quod
274 2103 97 54 vero
334 2103 109 54 Sacra
407 2103 158 54 Scriptura
529 2103 61 54 a
553 2103 85 54 Deo
602 2103 158 54 destinata
724 2103 85 54 sit
772 2103 73 54 ad
797 2103 170 54 subministrat

177 2152 91 36 dam
229 2152 118 36 nobis
308 2152 144 36 solidam
412 2152 222 36 consolationem
595 2152 65 36 &
621 2152 196 36 perducendos
778 2152 91 36 nos
830 2152 78 36 ad
856 2152 118 36 salutem

190 2189 158 30 aeternam,
311 2189 158 30 similiter
433 2189 182 30 inductionee
579 2189 122 30 Veteri
664 2189 61 30 &
688 2189 97 30 Novo
749 2189 170 30 Testamento
871 2189 109 30 osten

187 2217 68 39 di
221 2217 114 39 posset
301 2217 103 39 Docet
369 2217 91 39 enim
426 2217 114 39 passim
506 2217 160 39 Scriptura,
632 2217 80 39 nos
677 2217 160 39 peccatores
803 2217 114 39 recipi
883 2217 68 39 in
906 2217 68 39 gra-

182 2251 101 38 tiam
245 2251 63 38 &
270 2251 138 38 placete
371 2251 88 38 Deo
421 2251 63 38 &
446 2251 113 38 vitam
522 2251 151 38 aeternam
635 2251 126 38 habere
723 2251 138 38 propter
823 2251 138 38 Christi
911 2251 63 38 per

190 2278 185 41 fectissimam
337 2278 185 41 obedientiam
485 2278 62 41 &
510 2278 160 41 justitiam
633 2278 111 41 nobis
706 2278 172 41 imputatam:
842 2278 86 41 tum
879 2278 98 41 submi-

183 2315 137 42 nistrat
282 2315 186 42 multiplicem
431 2315 62 42 &
456 2315 174 42 constantem
592 2315 149 42 adversus
704 2315 112 42 omnis
778 2315 137 42 generis
865 2315 112 42 miseria

190 2347 61 42 &
214 2347 183 42 calamitates
361 2347 110 42 atque
434 2347 146 42 adversus
544 2347 110 42 ipsam
617 2347 122 42 mortem
702 2347 220 42 consolationem,
885 2347 98 42 quae
934 2347 49 42 o-

185 2379 104 41 mnem
250 2379 143 41 superat
355 2379 235 41 consolationeme
550 2379 196 41 Philosophia
694 2379 130 41 petitam-

401 2456 304 66 CAPUT
570 2456 203 66 XIIB

253 2516 84 69 In
295 2516 98 69 quo
351 2516 154 69 secunda
464 2516 126 69 ratio
548 2516 98 69 pro
604 2516 197 69 divinitate
758 2516 140 69 Sacrae
843 2516 98 69 Scri-

385 2568 155 69 pturae
493 2568 216 69 explicatur
663 2568 77 69 &
678 2568 124 69 defen-

547 2621 129 53 ditur.

224 2677 160 50 YECUNNA
340 2677 131 50 RATIO
427 2677 160 50 sumitur
543 2677 87 50 ab
586 2677 174 50 effectis
717 2677 203 50 Scripturae
862 2677 131 50 Prophe-

200 2711 124 75 Qucae
283 2711 69 75 &
296 2711 179 75 Apostolita.

293 2754 131 50 quiicquid
394 2754 121 50 potenter
485 2754 111 50 efficit
565 2754 61 50 ea
596 2754 81 50 quae
646 2754 111 50 nonnisi
727 2754 111 50 virtute
807 2754 101 50 divina
878 2754 101 50 effici
939 2754 50 50 po-

206 2790 89 48 sunt,
266 2790 60 48 id
295 2790 129 48 praefecto
395 2790 79 48 esse
444 2790 109 48 divinum
524 2790 109 48 necesse
593 2790 50 48 est

238 2808 67 65 At
271 2808 145 65 Scriptura
383 2808 156 65 Prophetica
505 2808 56 65 &
528 2808 156 65 Apostolica
650 2808 134 65 potenter
751 2808 123 65 efficit
840 2808 67 65 ea
862 2808 145 65 quaetantum.

205 2861 85 37 modo
259 2861 117 37 virtute
344 2861 106 37 divina
418 2861 106 37 effici
492 2861 128 37 possunt;
578 2861 74 37 Ergo-

242 2883 99 47 Mejor
308 2883 154 47 neceffatia
429 2883 88 47 est:
484 2883 88 47 quia
539 2883 110 47 quales
616 2883 88 47 sunt
670 2883 121 47 proprii
758 2883 132 47 effectus
857 2883 77 47 rei
890 2883 121 47 alicujus,

207 2924 86 46 talis
265 2924 67 46 est
303 2924 67 46 res
332 2924 57 46 ipse

245 2950 114 46 Menor
321 2950 177 46 inductione
460 2950 164 46 effectuum
586 2950 177 46 Scripturae
725 2950 164 46 probatur.
851 2950 88 46 Nam
889 2950 114 46 Scriptu

212 2983 71 48 ra
248 2983 107 48 Sacra
319 2983 155 48 salvifica
438 2983 107 48 rerum
510 2983 155 48 divinatum
629 2983 167 48 cognitione
760 2983 119 48 oculos
843 2983 119 48 mentis
915 2983 95 48 illumi

217 3017 98 47 nat:
278 3017 123 47 animam
364 3017 74 47 ad
401 3017 98 47 Deum
462 3017 172 47 convertite
597 3017 86 47 cor
646 3017 123 47 solido
731 3017 61 47 &
756 3017 159 47 constanti
878 3017 123 47 gaudio
952 3017 61 47 im-

217 3052 118 49 plet:
295 3052 118 49 veram
374 3052 144 49 denique
479 3052 65 49 &
505 3052 196 49 sempiternam
662 3052 209 49 beatitudinem
832 3052 170 49 praestat.
950 3052 65 49 Hut

225 3093 189 45 quadruplicem
378 3093 141 45 effectum
485 3093 141 45 proponit
591 3093 106 45 David
661 3093 141 45 Psal.29.
767 3093 106 45 vers.
838 3093 71 45 8.
874 3093 59 45 &
897 3093 71 45 9.
921 3093 94 45 Doctri

219 3119 70 39 na
254 3119 129 39 Iehovae
348 3119 129 39 integra
442 3119 94 39 est,
500 3119 164 39 convertens
629 3119 129 39 animam:
722 3119 176 39 testimonium
863 3119 117 39 Iehova
933 3119 82 39 verax

220 3148 156 46 sapientiam
342 3148 133 46 afferens
442 3148 144 46 imperito,
553 3148 122 46 Mandata
642 3148 122 46 Iehovae
731 3148 89 46 sunt
787 3148 111 46 recta,
853 3148 167 46 latifitantis.

223 3191 246 43 animum:praeceptum
434 3191 129 43 Iehovae
528 3191 117 43 puram,
610 3191 164 43 illastrans
739 3191 129 43 oculos:
833 3191 59 43 &
857 3191 106 43 vers.
927 3191 82 43 12.
962 3191 59 43 Tum

975 213 71 53 me
1011 213 118 53 servum
1093 213 94 53 tuum
1152 213 189 53 commonefacis
1306 213 118 53 istis,
1389 213 71 53 in
1424 213 106 53 horum
1495 213 189 53 observatione
1648 213 94 53 esse
1696 213 94 53 emolu-

995 259 142 39 mentum
1080 259 128 39 magnum.

1029 290 164 46 ORIICITUR
1156 290 76 46 I.
1194 290 164 46 Scriptura
1320 290 114 46 Sacra
1396 290 164 46 haeretici
1522 290 88 46 pro
1573 290 152 46 perfidia
1686 290 88 46 sua
1724 290 76 46 con-

995 323 78 38 tra
1039 323 100 38 fidem
1106 323 133 38 utimtur.
1206 323 89 38 Ergo
1261 323 78 38 non
1305 323 144 38 illuminat
1416 323 111 38 mentis
1494 323 111 38 oculos
1571 323 144 38 salvifica
1682 323 100 38 rerum
1738 323 55 38 di-

996 356 127 43 vinarum
1077 356 151 43 cognitione.

1022 373 117 60 RESP.
1100 373 156 60 Fallacia
1217 373 91 60 est
1269 373 182 60 accidentis
1412 373 78 60 in
1450 373 208 60 antecedente:
1619 373 91 60 nam
1658 373 143 60 Scriptura

998 421 103 39 Sacra
1066 421 148 39 haeretici
1180 421 80 39 per
1226 421 137 39 accidens
1328 421 160 39 abutuntur,
1453 421 103 39 velut
1522 421 68 39 si
1556 421 194 39 medicinalibus
1704 421 80 39 ferra

994 456 118 39 mentis
1077 456 142 39 quisquam
1184 456 142 39 graviter
1290 456 71 39 se
1326 456 118 39 vexet,
1408 456 95 39 quae
1468 456 118 39 utique
1550 456 83 39 non
1598 456 71 39 ad
1621 456 178 39 vulnerandum:.

994 488 81 44 sed
1041 488 70 44 ad
1076 488 139 44 sanandum
1180 488 151 44 instituta
1296 488 105 44 sunt;
1366 488 81 44 quo
1413 488 116 44 simili
1494 488 116 44 utitur
1575 488 151 44 Augusinus
1691 488 93 44 tomo
1738 488 58 44 se-

1000 522 104 40 undo,
1070 522 151 40 epistolam
1186 522 151 40 centesima
1302 522 255 40 quadragesimaprima.
1522 522 81 40 Nec
1569 522 116 40 aliter
1650 522 139 40 haereses
1743 522 46 40 e-

990 556 156 34 Scriptura
1110 556 192 34 adstruuntur,
1267 556 96 34 quam
1327 556 72 34 de
1363 556 120 34 nucleo
1447 556 120 34 olivae
1531 556 108 34 mitis
1604 556 60 34 &
1628 556 120 34 opimae
1712 556 60 34 &
1724 556 72 34 sua-

1000 589 133 39 vissimae
1100 589 122 39 ventosa
1188 589 55 39 &
1210 589 89 39 vana
1266 589 155 39 caprificus
1387 589 144 39 exsurgit,
1498 589 66 39 ut
1531 589 78 39 ait
1576 589 177 39 Tertullianus
1709 589 78 39 prae-

1004 618 142 42 cription,
1113 618 131 42 adversus
1200 618 131 42 haereticos

1021 652 81 38 II.
1068 652 150 38 Scriptura
1183 652 104 38 Satra
1252 652 81 38 est
1298 652 138 38 obscura:
1401 652 92 38 Ergo
1459 652 81 38 non
1505 652 150 38 illuminat
1620 652 115 38 mentis
1689 652 104 38 oculos.

992 677 115 45 RESP.
1069 677 128 45 Falsum
1159 677 90 45 est
1210 677 179 45 antecedens
1351 677 192 45 simpliciter
1504 677 141 45 sumtum:
1607 677 154 45 Secundum
1722 677 90 45 qui

994 718 110 31 autem
1067 718 85 31 est
1116 718 122 31 verum.
1201 718 85 31 Nam
1250 718 122 31 aliqua
1335 718 73 31 in
1372 718 158 31 Scriptura
1493 718 97 31 esse
1554 718 134 31 obscura
1652 718 110 31 ultro
1713 718 85 31 fate-

1000 750 89 35 mur,
1055 750 78 35 sed
1100 750 100 35 tamen
1166 750 67 35 in
1199 750 78 35 iis
1244 750 89 35 quae
1299 750 111 35 aperte
1377 750 67 35 in
1410 750 100 35 eadem
1477 750 89 35 sunt
1532 750 111 35 posita
1610 750 166 35 inveniuntur
1743 750 78 35 il

1002 785 73 39 la
1038 785 109 39 omnia
1111 785 97 39 quae
1172 785 158 39 continent
1294 785 109 39 fidem
1366 785 146 39 moresque
1476 785 146 39 vivendi,
1585 785 73 39 ut
1622 785 85 39 ait
1658 785 146 39 Augustinus

1001 815 102 43 libro
1069 815 125 43 secundo
1160 815 68 43 de
1194 815 137 43 doctrina
1297 815 159 43 Christiana
1422 815 91 43 cap.
1467 815 46 43 7.

1036 829 96 58 III.
1096 829 84 58 Lex
1144 829 96 58 iram
1203 829 155 58 operatur:
1323 829 96 58 Ergo
1383 829 155 58 Scriptura
1502 829 84 58 cor
1550 829 84 58 non
1598 829 167 58 letificat:
1717 829 84 58 RESP.

1002 875 95 39 Nego
1061 875 225 39 conrsequentiam,
1251 875 95 39 quia
1310 875 95 39 plus
1369 875 190 39 contluditur,
1523 875 95 39 quam
1583 875 107 39 ferat
1642 875 154 39 Antecedens.

999 914 168 39 Inferendum
1131 914 120 39 tantum
1214 914 108 39 erat,
1286 914 96 39 Ergo
1346 914 84 39 Lex
1394 914 84 39 cor
1442 914 84 39 non
1490 914 180 39 laetificat,
1633 914 96 39 quod
1681 914 120 39 concedi-

998 948 79 33 mus
1043 948 102 33 recte
1111 948 181 33 intellectum.
1258 948 79 33 Lex
1303 948 102 33 enim,
1371 948 91 33 quae
1428 948 79 33 per
1473 948 68 33 se
1507 948 79 33 cor
1552 948 136 33 laetitia
1654 948 147 33 impletura
1756 948 45 33 e-

995 980 83 36 rat,
1046 980 62 36 si
1077 980 114 36 servata
1160 980 124 36 fuisset,
1253 980 72 36 ira
1294 980 124 36 operatur
1387 980 72 36 per
1428 980 134 36 accidens,
1532 980 62 36 no
1563 980 83 36 suo,
1614 980 72 36 sed
1656 980 103 36 nostro
1718 980 72 36 vitio

1021 1017 79 38 IV.
1066 1017 147 38 Scriptura
1179 1017 136 38 occidit:
1281 1017 90 38 Ergo
1337 1017 79 38 nen
1382 1017 147 38 letificat
1495 1017 113 38 corda,
1574 1017 102 38 neque
1631 1017 158 38 beatitudinem

1012 1045 129 31 zonfert,
1109 1045 151 31 Antecedens
1228 1045 129 31 probatur
1324 1045 65 31 ex
1357 1045 65 31 1.
1389 1045 86 31 Cor.
1443 1045 65 31 3.
1475 1045 108 31 Litera
1550 1045 129 31 occidit.
1647 1045 140 31 Scriptura
1744 1045 54 31 est

1009 1073 125 47 litera:
1099 1073 91 47 Ergo
1156 1073 147 47 Scriptura
1269 1073 136 47 occidit.
1371 1073 102 47 RESP.
1439 1073 102 47 Primo
1507 1073 158 47 propositio
1631 1073 102 47 major
1699 1073 125 47 laborat

1006 1107 133 38 fallacia
1106 1107 166 38 accidentis:
1239 1107 111 38 Litera
1316 1107 89 38 enim
1372 1107 133 38 occidit,
1472 1107 78 38 non
1516 1107 78 38 per
1560 1107 78 38 se,
1605 1107 78 38 sed
1649 1107 78 38 per
1682 1107 111 38 accidens

1010 1149 73 35 per
1051 1149 63 35 se
1083 1149 94 35 autem
1146 1149 84 35 erat
1198 1149 178 35 vivificatura,
1344 1149 94 35 juxta
1407 1149 105 35 illud,
1481 1149 73 35 Qui
1522 1149 115 35 fecerit
1606 1149 73 35 ea,
1648 1149 94 35 vivet
1711 1149 73 35 per
1742 1149 63 35 illa

1003 1175 116 35 Galat.
1085 1175 70 35 3.
1119 1175 93 35 Rom.
1177 1175 81 35 10.
1224 1175 128 35 Secundo
1317 1175 81 35 est
1363 1175 139 35 fallacia
1467 1175 58 35 a
1490 1175 104 35 dicto
1560 1175 139 35 secundum
1664 1175 93 35 quid
1722 1175 70 35 ad
1746 1175 46 35 di

1010 1205 88 49 ctum
1065 1205 166 49 simpliciter
1198 1205 66 49 in
1231 1205 122 49 minores
1320 1205 144 49 Scriptura
1430 1205 88 49 enim
1485 1205 77 49 est
1530 1205 111 49 litera
1607 1205 77 49 non
1651 1205 177 49 simpliciter,

1002 1240 86 37 sed
1051 1240 147 37 secundum
1161 1240 110 37 quid,
1234 1240 110 37 nempe
1308 1240 110 37 quoad
1381 1240 110 37 Legem
1455 1240 73 37 in
1492 1240 135 37 tabulis
1590 1240 159 37 scriptam,
1700 1240 110 37 ejusque

1011 1276 177 35 ministerium
1153 1276 154 35 sejunctum
1271 1276 59 35 a
1295 1276 130 35 Spiritu
1389 1276 177 35 regenerante
1531 1276 59 35 &
1555 1276 189 35 vivificantes
1708 1276 83 35 non
1744 1276 59 35 au-

1012 1307 79 36 tem
1057 1307 102 36 quoad
1125 1307 169 36 Evangelium,
1260 1307 90 36 quoa
1317 1307 68 36 no
1350 1307 79 36 est
1396 1307 124 36 litera,
1486 1307 79 36 sed
1531 1307 135 36 spiritus
1633 1307 68 36 in
1667 1307 113 36 animis
1734 1307 68 36 cle-

1014 1337 136 41 ctorum.
1113 1337 99 41 Ideo
1175 1337 112 41 autem
1249 1337 174 41 appellatur
1386 1337 87 41 Lex
1435 1337 124 41 litera
1522 1337 149 41 occidens
1633 1337 62 41 &
1646 1337 161 41 Evangelium.

1011 1370 141 49 spiritus
1117 1370 176 49 vivificans,
1257 1370 94 49 quia
1316 1370 82 49 non
1363 1370 94 49 Lex,
1421 1370 82 49 sed
1468 1370 164 49 Evangelium
1597 1370 129 49 proprie
1691 1370 82 49 est
1726 1370 70 49 orga

1021 1409 67 33 nu
1054 1409 90 33 Dei,
1111 1409 79 33 per
1156 1409 90 33 quod
1212 1409 135 33 Spiritus
1313 1409 124 33 sanctus
1403 1409 101 33 datur
1470 1409 79 33 qui
1515 1409 79 33 nos
1560 1409 157 33 vivificat,
1683 1409 56 33 &
1695 1409 112 33 Spiritus

1017 1433 130 40 sanctus
1111 1433 71 40 ad
1147 1433 82 40 nos
1194 1433 189 40 regenerandos
1347 1433 118 40 utitur
1430 1433 165 40 ministerio
1559 1433 82 40 non
1606 1433 118 40 Legis:
1689 1433 82 40 sed
1724 1433 71 40 Evan

1022 1472 101 35 gelii,
1093 1472 91 35 juxta
1153 1472 91 35 illud
1214 1472 81 35 Gal.
1265 1472 61 35 3.
1295 1472 61 35 v.
1325 1472 61 35 2.
1356 1472 71 35 Hoc
1396 1472 91 35 solum
1457 1472 91 35 velim
1518 1472 111 35 discere
1599 1472 61 35 ex
1629 1472 101 35 vobis,
1700 1472 61 35 Ex
1720 1472 81 35 operi-

1012 1507 74 36 bus
1055 1507 95 36 Legis
1118 1507 127 36 Spiritum
1214 1507 159 36 accepistis,
1341 1507 64 36 an
1373 1507 64 36 ex
1405 1507 85 36 fide
1458 1507 74 36 did
1500 1507 85 36 est,
1553 1507 180 36 praedicatione
1691 1507 117 36 doctrinae

1006 1533 142 35 fidessper
1115 1533 120 35 auditum
1203 1533 142 35 perceptat
1312 1533 55 35 &
1334 1533 66 35 v1
1367 1533 66 35 5.
1400 1533 77 35 Qui
1443 1533 109 35 igitur
1520 1533 175 35 subministrat
1662 1533 98 35 vobis
1717 1533 87 35 Spiri-

1009 1569 86 37 tum,
1063 1569 54 37 &
1085 1569 119 37 efficit
1171 1569 129 37 virtutes
1268 1569 65 37 in
1300 1569 108 37 vobis,
1376 1569 65 37 ex
1408 1569 129 37 operibus
1505 1569 108 37 Legis,
1581 1569 65 37 an
1613 1569 65 37 ex
1645 1569 86 37 fide
1699 1569 75 37 per
1732 1569 75 37 audi-

1008 1595 83 47 tum
1055 1595 142 47 percepta
1150 1595 165 47 subminisirat

1234 1661 300 60 CAPUT
1400 1661 167 60 XII

1144 1709 82 53 In
1185 1709 96 53 quo
1240 1709 137 53 tertia
1336 1709 96 53 est
1391 1709 123 53 ratio
1473 1709 96 53 pro
1514 1709 164 53 divinitate

1283 1756 138 59 Sacrae
1366 1756 180 59 Scripturae.

1029 1798 167 44 TAERTIA
1150 1798 136 44 RATIO
1241 1798 167 44 ducitur
1362 1798 76 44 a
1393 1798 182 44 subjecto
1514 1798 182 44 Scripturae

1112 1836 150 46 Quicquid
1225 1836 75 46 de
1263 1836 113 46 rebus
1338 1836 138 46 diuinis
1438 1836 113 46 citra
1513 1836 113 46 ullum
1588 1836 138 46 errorem
1688 1836 63 46 &
1701 1836 125 46 defectum

1088 1870 114 39 diviuo
1167 1870 91 39 modo
1224 1870 114 39 docet,
1304 1870 68 39 id
1338 1870 114 39 revera
1417 1870 125 39 divinum
1497 1870 68 39 est.

1059 1900 70 52 At
1094 1900 105 52 Sacra
1164 1900 151 52 Scriptura
1281 1900 70 52 de
1316 1900 105 52 rebus
1386 1900 128 52 diuinis
1479 1900 105 52 citra
1549 1900 105 52 ullum
1619 1900 128 52 errorem
1712 1900 58 52 &
1723 1900 82 52 dese-

1022 1930 89 40 ctum
1077 1930 111 40 divino
1155 1930 89 40 modo
1211 1930 111 40 docet,
1277 1930 78 40 Ergo-

1045 1963 207 47 RIICITVRI.
1211 1963 152 47 Deereta
1321 1963 221 47 Conciliorum,
1500 1963 165 47 Symbola,
1610 1963 207 47 Confessiones.

1023 1996 176 40 Catecheses,
1164 1996 59 40 &
1187 1996 117 40 piorum
1269 1996 234 40 Doctorum:scripta
1468 1996 164 40 Theologica
1597 1996 105 40 etiam
1667 1996 70 40 de
1702 1996 105 40 rebus
1760 1996 59 40 di-

1021 2035 100 40 vinis
1088 2035 123 40 docent,
1177 2035 78 40 nec
1222 2035 145 40 propterea
1333 2035 112 40 diuina
1411 2035 100 40 sunt:
1478 2035 89 40 Ergo
1534 2035 78 40 nec
1579 2035 145 40 Scriptura
1690 2035 100 40 Sacra
1746 2035 67 40 pro-

1019 2063 104 51 pterea
1091 2063 104 51 divina
1154 2063 62 51 est.

1055 2091 119 47 RESP.
1134 2091 133 47 Limito
1227 2091 66 47 &
1254 2091 172 47 distinguo
1386 2091 199 47 antecedens.
1546 2091 146 47 Deereta
1639 2091 172 47 Conciliorum

1018 2126 59 51 &
1042 2126 118 51 cetera
1124 2126 177 51 commemorata
1266 2126 130 51 seripta
1360 2126 200 51 Ecclesiastica
1525 2126 118 51 docent
1608 2126 71 51 de
1643 2126 106 51 rebus
1702 2126 118 51 divinis.

1029 2162 71 42 ed
1065 2162 118 42 verbis
1147 2162 59 42 &
1171 2162 165 42 phirasibus
1300 2162 71 42 ab
1336 2162 118 42 humano
1418 2162 141 42 consilio
1524 2162 153 42 profectis
1642 2162 71 42 ad
1666 2162 153 42 explicandas

1018 2197 100 37 illas
1084 2197 78 37 res
1129 2197 133 37 divinas,
1229 2197 78 37 sed
1273 2197 100 37 saepe
1339 2197 78 37 non
1384 2197 111 37 absque
1461 2197 122 37 errore,
1550 2197 78 37 nec
1594 2197 111 37 absque
1672 2197 133 37 defectu,
1761 2197 55 37 non

1029 2226 95 51 ergo
1088 2226 118 51 divino
1171 2226 107 51 modo:
1242 2226 83 51 Non
1290 2226 95 51 sunt
1349 2226 118 51 igitur
1432 2226 118 51 divina
1515 2226 107 51 mos,
1586 2226 118 51 natura
1669 2226 130 51 ortuque
1752 2226 71 51 suos

1025 2259 118 48 licet
1104 2259 131 48 divina
1195 2259 144 48 possint
1379 2259 66 48 &
1405 2259 157 48 secundum
1523 2259 144 48 quandam
1628 2259 157 48 imaginem
1733 2259 79 48 dici

1028 2298 140 34 quatenus
1133 2298 140 34 scilicet
1238 2298 81 34 cum
1284 2298 151 34 Scriptura
1400 2298 105 34 Sacra
1470 2298 186 34 consentiunt.
1621 2298 70 34 At
1656 2298 151 34 Scriptura
1761 2298 58 34 Sa-

1021 2328 82 48 era
1068 2328 70 48 de
1103 2328 105 48 rebus
1173 2328 128 48 divinis
1266 2328 105 48 docet
1336 2328 117 48 divino
1418 2328 105 48 modo,
1488 2328 70 48 ac
1523 2328 128 48 proinde
1616 2328 117 48 divina
1697 2328 82 48 est
1732 2328 82 48 avo-

1030 2355 119 45 natura
1113 2355 83 45 sua
1149 2355 107 45 ortuque

1062 2381 162 48 OBIICITUR
1186 2381 87 48 II.
1236 2381 75 48 Si
1273 2381 162 48 Scriptura
1398 2381 125 48 Satcra
1485 2381 162 48 propterea
1610 2381 125 48 divina
1697 2381 100 48 est,
1747 2381 75 48 quia

1026 2419 66 56 de
1059 2419 98 56 rebus
1124 2419 120 56 divinis
1212 2419 109 56 docet:
1288 2419 77 56 tum
1332 2419 98 56 etiam
1398 2419 164 56 Metaphysica
1529 2419 109 56 divina
1605 2419 98 56 erit,
1671 2419 87 56 quia
1726 2419 66 56 de
1747 2419 77 56 rebus

1040 2454 119 38 livinis
1127 2454 108 38 docet:
1202 2454 65 38 At
1235 2454 76 38 hoc
1278 2454 76 38 est
1321 2454 141 38 absurdum:
1429 2454 87 38 Ergo
1484 2454 54 38 &
1494 2454 76 38 illud

1065 2477 111 47 RESP.
1139 2477 148 47 Connexum
1249 2477 86 47 est
1299 2477 123 47 falsum
1385 2477 135 47 propter
1483 2477 135 47 errorem
1582 2477 123 47 falsae
1656 2477 172 47 identitatis.

1035 2524 95 37 quia
1095 2524 155 37 Scriptura
1214 2524 107 37 Sacra
1285 2524 60 37 &
1309 2524 179 37 Metaphysica
1452 2524 83 37 non
1500 2524 107 37 agunt
1572 2524 72 37 de
1607 2524 119 37 iisdem
1691 2524 119 37 rebus:
1762 2524 72 37 illa

1036 2558 86 36 enim
1090 2558 86 36 agit
1144 2558 65 36 de
1177 2558 86 36 vere
1231 2558 119 36 divinis
1317 2558 54 36 &
1339 2558 140 36 divinitus
1447 2558 151 36 revelatis,
1566 2558 86 36 haec
1620 2558 65 36 de
1652 2558 76 36 iis
1695 2558 86 36 quas
1739 2558 86 36 Philo-

1036 2590 106 35 sophi
1107 2590 153 35 opinantur
1224 2590 94 35 esse
1283 2590 141 35 divinas,
1388 2590 129 35 decepti
1482 2590 211 35 ratiocinatione
1658 2590 153 35 naturali,
1764 2590 70 35 quum

1039 2623 128 35 divinae
1133 2623 82 35 non
1179 2623 105 35 sint.
1249 2623 163 35 Philosophi
1377 2623 93 35 enim
1436 2623 163 35 songissime
1564 2623 163 35 aberratunt
1692 2623 58 35 a
1715 2623 93 35 vero
1762 2623 70 35 Deo.

1039 2652 75 44 qui
1082 2652 75 44 est
1125 2652 108 44 Pater,
1201 2652 108 44 Pilius
1276 2652 54 44 &
1298 2652 129 44 Spiritus
1395 2652 129 44 sanctus,
1492 2652 129 44 habentes
1589 2652 75 44 pro
1632 2652 86 44 diis
1685 2652 75 44 qui
1729 2652 75 44 non
1772 2652 97 44 sunt,

1269 2711 334 52 CAPUT
1455 2711 149 52 XE

1130 2765 99 71 Iin
1186 2765 99 71 quo
1243 2765 141 71 quarta
1342 2765 127 71 ratio
1427 2765 99 71 pro
1483 2765 198 71 divinitate
1625 2765 141 71 Scriptu-

1246 2819 95 64 rae
1301 2819 190 64 explicatur
1450 2819 68 64 &
1477 2819 203 64 defenditur.

1136 2871 129 56 UARTA
1222 2871 129 56 RATIO
1308 2871 158 56 sumitur
1422 2871 86 56 ab
1465 2871 186 56 adjunctis
1594 2871 186 56 Scripturae.

1167 2917 154 40 Quacunque
1286 2917 154 40 Scriptura
1405 2917 83 40 est
1452 2917 190 40 antiquissima
1607 2917 59 40 &
1630 2917 119 40 prima;
1713 2917 107 40 plena
1773 2917 83 40 mnie.

1072 2932 242 60 austaterSatanae
1276 2932 64 60 &
1302 2932 115 60 malis
1378 2932 166 60 hominibus
1505 2932 127 60 odiosa
1595 2932 64 60 &
1620 2932 115 60 tamen
1696 2932 178 60 approbata,
1824 2932 38 60 &

1065 2982 130 40 recepta
1160 2982 71 40 ab
1195 2982 130 40 omnibus
1289 2982 141 40 Gentibus
1395 2982 59 40 &
1419 2982 130 40 populis
1513 2982 130 40 quamvis
1607 2982 165 40 reluctante
1737 2982 130 40 diabolo
1820 2982 35 40 &

1060 3018 118 39 mundo;
1143 3018 165 39 admirahili
1273 3018 177 39 providentia
1414 3018 118 39 diuina
1497 3018 83 39 per
1544 3018 83 39 tot
1591 3018 118 39 secula
1674 3018 106 39 inter
1744 3018 118 39 ruinas
1815 3018 59 39 re-

1069 3051 119 37 gnorum
1152 3051 59 37 &
1176 3051 107 37 savus
1247 3051 83 37 per
1295 3051 166 37 secutiones
1425 3051 178 37 conservata:
1568 3051 143 37 sanguine
1675 3051 166 37 innumeroru
1794 3051 71 37 Mar-

1075 3084 91 41 grum
1132 3084 159 41 ebsignatas
1257 3084 102 41 cutus
1325 3084 137 41 cultores
1427 3084 57 41 &
1450 3084 193 41 propugnatores
1609 3084 171 41 mirabiliter
1746 3084 91 41 sunt
1803 3084 57 41 a
1814 3084 57 41 Deo

1067 3119 125 36 servatie
1160 3119 135 36 periculis
1264 3119 104 36 erepti
1337 3119 52 36 &
1358 3119 125 36 praemiis
1451 3119 125 36 affecti,
1545 3119 104 36 hostes
1618 3119 83 36 uero
1670 3119 52 36 &
1690 3119 156 36 contemtores
1815 3119 73 36 il

1063 3147 91 46 lius
1120 3147 148 46 atrociter
1234 3147 57 46 a
1256 3147 80 46 Deo
1302 3147 160 46 punitiquae
1427 3147 91 46 item
1484 3147 68 46 in
1518 3147 125 46 aternum
1610 3147 114 46 manet,
1689 3147 68 46 &c
1723 3147 91 46 illa
1769 3147 114 46 profeese

1073 3181 77 45 est
1106 3181 99 45 divinas
