2063 3407
222 159 101 51 Ergo
286 159 152 51 dectrina
400 159 76 51 de
438 159 139 51 aeterna
539 159 203 51 reprobatione
704 159 114 51 etiam
780 159 114 51 plebi
856 159 76 51 in
881 159 127 51 Ecclesia

195 198 82 45 Dei
242 198 71 45 in
278 198 177 45 concionibus
407 198 153 45 explicanda,

228 235 112 42 MODUS
302 235 211 42 explicationis
476 235 99 42 est,
538 235 75 42 ut
576 235 99 42 Deum
638 235 75 42 in
675 235 112 42 verbo
750 235 87 42 suo
800 235 174 42 praecuntem
924 235 62 42 se-

189 269 132 48 Quamur;
285 269 108 48 eoque
357 269 144 48 tacente,
465 269 108 48 loqui
537 269 168 48 desinamus:
668 269 84 48 nam
716 269 108 48 nihil
788 269 156 48 praeterea
896 269 84 48 scire

187 304 102 42 gmnia
255 304 102 42 scire
312 304 68 42 est.

459 322 74 64 De
496 322 124 64 tertia
570 322 161 64 quaestione.

216 372 94 55 Quid
275 372 82 55 tum
322 372 70 55 de
357 372 94 55 voce
415 372 211 55 reprobationis,
591 372 82 55 tum
638 372 70 55 de
673 372 117 55 reipsa
755 372 82 55 sit
802 372 176 55 statuendum?
930 372 59 55 Re-

183 421 137 39 probare
282 421 87 39 est
332 421 100 39 idem
394 421 100 39 quod
457 421 87 39 non
506 421 149 39 eligere:
618 421 62 39 &
643 421 187 39 generaliter
793 421 162 39 usurpatur
905 421 87 39 etiam

192 452 83 34 rum
240 452 95 34 quum
299 452 71 34 de
334 452 154 34 electione
453 452 71 34 ad
488 452 166 34 functionem
619 452 130 34 aliquam
713 452 130 34 agitur,
808 452 118 34 veluti
891 452 71 34 1.
915 452 59 34 Sam

196 493 80 32 16.
241 493 69 32 7.
276 493 195 32 Reprobationis
436 493 80 32 vox
482 493 57 32 &
505 493 160 32 reprobatus
631 493 92 32 sunt
688 493 160 32 conjugata:
814 493 149 32 differunt
917 493 57 32 au-

190 517 81 38 tem
236 517 69 38 ut
270 517 138 38 effectus
374 517 58 38 &
397 517 138 38 objectum
500 517 104 38 citca
569 517 92 38 quod
627 517 138 38 effectus
730 517 92 38 ille
788 517 150 38 versatur.
891 517 92 38 Diffe-

193 552 96 35 runt
253 552 108 35 etiam
325 552 144 35 reprobus
433 552 60 35 &
457 552 180 35 reprobatus:
602 552 84 35 nam
650 552 168 35 reprobatus
782 552 144 35 dicitur,
890 552 84 35 qui
926 552 60 35 non

188 582 77 36 est
232 582 55 36 a
254 582 77 36 Deo
299 582 133 36 electus;
398 582 133 36 reprobus
498 582 111 36 autem,
575 582 77 36 qui
620 582 77 36 est
664 582 100 36 talis
730 582 155 36 hominibus,
852 582 66 36 id
885 582 89 36 est,
930 582 55 36 re-

186 620 211 37 prehensibilis
359 620 87 37 seu
409 620 211 37 reprehensione
583 620 62 37 &
608 620 199 37 improbatione
769 620 137 37 dignus,
868 620 99 37 quod
918 620 62 37 cum

184 650 100 42 recta
251 650 111 42 moneat
329 650 100 42 atque
395 650 122 42 doceat,
484 650 89 42 ipse
540 650 122 42 interim
629 650 122 42 pessime
718 650 111 42 vivat,
796 650 89 42 quod
851 650 100 42 genus
907 650 78 42 vitii

189 678 118 36 omnes
268 678 144 36 homines
373 678 171 36 reprobant
504 678 118 36 atque
583 678 158 36 damnant.
701 678 92 36 Hoc
754 678 171 36 discrimen
872 678 105 36 obser-

189 716 118 38 vandum
272 716 71 38 ob
307 716 106 38 locum
378 716 71 38 1.
413 716 94 38 Cor.
472 716 71 38 9.
508 716 83 38 27.
555 716 83 38 ubi
602 716 118 38 Paulus
685 716 94 38 ait:
744 716 83 38 sed
791 716 142 38 contundo
886 716 94 38 corpus

189 748 96 35 meum
249 748 60 35 &
273 748 72 35 in
309 748 168 35 servitutem
440 748 132 35 redigo:
536 748 72 35 ne
572 748 84 35 quo
620 748 108 35 modo,
692 748 96 35 quum
752 748 108 35 aliis
811 748 168 35 praedicarim,

191 777 91 37 ipse
248 777 137 37 reprobus
350 777 103 37 siam.
419 777 80 37 Hoc
464 777 91 37 loco
521 777 137 37 reprobus
624 777 80 37 non
669 777 148 37 opponitur
783 777 125 37 electo,
874 777 80 37 sed
909 777 68 37 pro-

187 812 109 41 bato:
260 812 61 41 &
284 812 85 41 non
332 812 170 41 significat
466 812 170 41 reprobatum
599 812 61 41 a
623 812 97 41 Deo,
684 812 85 41 sed
732 812 97 41 idem
793 812 109 41 valet
866 812 97 41 quod
914 812 85 41 reje-

199 843 143 34 ctaneus,
306 843 59 34 &
330 843 119 34 dignus
413 843 83 34 qui
460 843 166 34 repudietur
591 843 71 34 ab
627 843 166 34 hominibus,
757 843 119 34 utpote
840 843 95 34 quem
888 843 83 34 expe-

186 882 130 32 rientia
281 882 141 32 ostendit
387 882 83 32 non
434 882 106 32 talem
504 882 94 32 esse
563 882 118 32 qualem
646 882 94 32 esse
705 882 165 32 oportebat,
835 882 106 32 juxta
893 882 83 32 illud

193 906 112 40 Christi
274 906 102 40 Matth.
346 906 61 40 5.
377 906 61 40 v.
407 906 71 40 13.
448 906 71 40 Vos
489 906 92 40 estis
550 906 71 40 sal
591 906 112 40 terrae,
673 906 82 40 quod
724 906 61 40 si
754 906 71 40 sal
795 906 143 40 infatuatus
897 906 82 40 fuerit

193 939 75 44 quo
236 939 140 44 salietur?
344 939 65 44 ad
376 939 97 44 nihil
441 939 97 44 valet
506 939 119 44 amplius
592 939 86 44 nisi
646 939 65 44 ut
678 939 151 44 abijciatur
797 939 97 44 foras
861 939 54 44 &
872 939 108 44 conculo-

198 972 108 44 retur
270 972 60 44 a
294 972 168 44 quibusvis.
425 972 156 44 Plerunque
545 972 108 44 tamen
617 972 72 44 in
653 972 84 44 hac
701 972 144 44 doctrina
808 972 144 44 reprobus
916 972 60 44 &
928 972 60 44 re-

198 1004 149 47 probatus
310 1004 87 47 pro
359 1004 112 47 eodem
434 1004 162 47 sumuntur.

222 1035 128 38 Secundo
315 1035 198 38 reprobationis
478 1035 81 38 vox
525 1035 140 38 interdum
630 1035 70 38 de
665 1035 128 38 decreto
758 1035 81 38 Dei
804 1035 128 38 aeterno
886 1035 93 38 intel-

193 1069 130 42 ligitur,
291 1069 130 42 interdum
388 1069 65 42 de
420 1069 108 42 illius
496 1069 119 42 decreti
583 1069 173 42 exsequutione
723 1069 87 42 quae
777 1069 65 42 in
810 1069 119 42 tempore
896 1069 87 42 fit.
940 1069 43 42 In

184 1102 154 53 praesentia
305 1102 121 53 sumitur
393 1102 110 53 priore
471 1102 176 53 significato.

449 1149 104 61 Haec
514 1149 130 61 igitur
604 1149 78 61 de
630 1149 91 61 voce.

212 1205 81 48 Res
259 1205 93 48 ipsa
317 1205 163 48 explicatur
445 1205 186 48 definitione,
596 1205 58 48 &
620 1205 175 48 indicatione
759 1205 140 48 partium,
852 1205 140 48 specierum.

190 1248 158 42 causarum,
312 1248 183 42 effectorum,
458 1248 195 42 subjectorum,
616 1248 195 42 adjunctorum,
762 1248 61 42 &c.

220 1278 172 40 REPROBATIO
355 1278 135 40 aterna,
453 1278 86 40 est
502 1278 221 40 praedestinatio
687 1278 135 40 divina,
785 1278 98 40 quam
847 1278 74 40 ei
871 1278 111 40 placuit

191 1311 111 45 certas
269 1311 145 45 creaturas
380 1311 156 45 rationales
503 1311 67 45 in
536 1311 145 45 electione
648 1311 67 45 ad
681 1311 100 45 vitam
748 1311 134 45 aeternam
837 1311 145 45 praeteritas

191 1347 68 39 ad
225 1347 124 39 exitium
315 1347 135 39 aeternum
416 1347 158 39 destinare,
540 1347 68 39 in
574 1347 135 39 peccatis
676 1347 158 39 relinquere
800 1347 56 39 &
822 1347 147 39 propterea
924 1347 56 39 ju-

188 1379 153 39 stissimo
303 1379 140 39 judicio
405 1379 191 39 condemnate.
558 1379 166 39 Nominatur
686 1379 115 39 etiam
762 1379 115 39 odium
839 1379 89 39 Dei
877 1379 102 39 Synec-

197 1406 134 46 dochice,
297 1406 89 46 quum
353 1406 101 46 illud
420 1406 101 46 plura
487 1406 156 46 significet
610 1406 67 46 in
644 1406 145 46 Scriptura
755 1406 67 46 S.
789 1406 67 46 ut
822 1406 156 46 explicatum
934 1406 56 46 su-

191 1446 69 52 pra
230 1446 59 52 2.
260 1446 78 52 lib.
309 1446 78 52 cap.
348 1446 49 52 35.

227 1462 114 55 Partes
307 1462 80 55 seu
352 1462 103 55 actus
421 1462 92 55 ejus
478 1462 92 55 sunt
536 1462 92 55 duo:
593 1462 114 55 Prior,
673 1462 80 55 est
719 1462 160 55 destinatio
833 1462 172 55 reprobatorum:

196 1505 70 40 ad
231 1505 117 40 mortem
313 1505 152 40 aeternam:
430 1505 164 40 posterior,
558 1505 82 40 est
605 1505 164 40 destinatio
734 1505 140 40 mediorum
839 1505 70 40 ex
862 1505 117 40 sequend.

195 1545 149 40 decretum
307 1545 212 40 reprobationis
481 1545 75 40 ad
518 1545 100 40 quae
581 1545 149 40 pertinet
693 1545 187 40 condemnatio
842 1545 112 40 eorum
904 1545 75 40 pro-

202 1581 93 30 pter
260 1581 139 30 peccatum
364 1581 162 30 justissimo
492 1581 139 30 judicio.
596 1581 93 30 Deus
654 1581 93 30 enim
711 1581 69 30 in
746 1581 127 30 Decreto
827 1581 162 30 Praedestina-

195 1611 122 36 tionis
280 1611 122 36 primum
365 1611 158 36 ordinavit
487 1611 158 36 creaturas
609 1611 73 36 ad
645 1611 110 36 finem
718 1611 146 36 illarum,
828 1611 110 36 nempe
901 1611 85 36 vel
937 1611 49 36 ad

195 1640 114 45 vitam
271 1640 89 45 vel
322 1640 76 45 ad
360 1640 126 45 mortem
448 1640 164 45 aeternam:
575 1640 126 45 deinde
663 1640 114 45 demum
739 1640 202 45 subordinavit
891 1640 101 45 media.

188 1675 78 41 ad
227 1675 194 41 exsequendum
383 1675 169 41 consilium
499 1675 78 41 suum

223 1693 176 54 Scholastici
364 1693 118 54 primam
447 1693 118 54 partem
529 1693 106 54 hujus
600 1693 141 54 decreti,
705 1693 94 54 quod
764 1693 71 54 ad
800 1693 141 54 reprobos
894 1693 82 54 atti-

195 1741 102 38 net,
259 1741 140 38 faciunt
361 1741 153 38 decretum
475 1741 89 38 non
526 1741 115 38 dandi
603 1741 127 38 vitam,
692 1741 64 38 &
718 1741 127 38 vocant
794 1741 191 38 reprobationem

184 1774 122 32 negat:
269 1774 98 32 vam,
330 1774 159 32 passivam,
452 1774 183 32 privativam:
599 1774 85 32 sed
648 1774 98 32 haec
709 1774 134 32 negatio
794 1774 183 32 affirmationem

195 1807 152 35 includit.
312 1807 70 35 Si
348 1807 94 35 enim
406 1807 94 35 Deus
465 1807 141 35 decrevit
570 1807 82 35 non
617 1807 94 35 dare
675 1807 105 35 vitam
746 1807 141 35 aeternam
851 1807 82 35 tam
886 1807 94 35 multis

194 1835 77 37 aut
238 1835 153 37 contrarium
358 1835 142 37 decrevit:
468 1835 77 37 aut
512 1835 99 37 nihil
578 1835 66 37 de
610 1835 99 37 illis
676 1835 99 37 certo
742 1835 55 37 &
764 1835 142 37 affirmate
862 1835 121 37 definiis.

186 1867 72 37 se
222 1867 144 37 putandus
330 1867 96 37 est,
390 1867 96 37 quod
450 1867 96 37 nisi
510 1867 192 37 ausurdissime
667 1867 144 37 cogitari
775 1867 84 37 non
823 1867 132 37 potest.
907 1867 72 37 Omne

190 1898 94 41 enim
249 1898 129 41 Angelos
343 1898 59 41 &
366 1898 129 41 homines
460 1898 94 41 quum
519 1898 82 41 Dei
566 1898 152 41 creaturae
683 1898 106 41 sint,
753 1898 129 41 necesse
847 1898 82 41 est
894 1898 70 41 ad
917 1898 59 41 fi-

197 1939 79 31 nes
242 1939 91 31 suos
299 1939 147 31 divinitus
412 1939 147 31 ordinatos
525 1939 91 31 esse
582 1939 79 31 Nec
627 1939 125 31 passer,
717 1939 79 31 imo
763 1939 79 31 nec
808 1939 102 31 pilus
876 1939 68 31 in
898 1939 91 31 terram

193 1964 107 39 cadit
264 1964 95 39 sine
324 1964 131 39 decreto
419 1964 59 39 &
443 1964 154 39 voluntate
561 1964 95 39 Dei;
621 1964 59 39 &
645 1964 119 39 Angeli
728 1964 166 39 hominesque
858 1964 83 39 tam
894 1964 95 39 multi-

202 1996 92 42 sine
260 1996 127 42 decreto
352 1996 69 42 ac
387 1996 150 42 voluntate
502 1996 81 42 Dei
548 1996 69 42 in
583 1996 127 42 exitium
675 1996 138 42 aeternum
779 1996 115 42 ruunt?
859 1996 81 42 Imo
894 1996 92 42 affir-

196 2037 119 35 mativa,
283 2037 119 35 activa,
370 2037 130 35 positiva
467 2037 163 35 reprobatio,
597 2037 65 35 id
630 2037 87 35 est.
684 2037 141 35 deputatio
793 2037 65 35 ad
825 2037 108 35 mortem
890 2037 87 35 aetere

190 2059 79 47 nam
235 2059 102 47 prior
303 2059 79 47 est
348 2059 125 47 ordine,
439 2059 147 47 posterior
553 2059 91 47 vero
609 2059 79 47 est
655 2059 136 47 negativa
746 2059 147 47 reprobatio-

226 2092 174 44 Scholastici
366 2092 140 44 Doctores
471 2092 151 44 invertunt
587 2092 105 44 actus
657 2092 128 44 decreti
750 2092 209 44 reprobationis,
924 2092 81 44 qui

198 2127 118 39 certum
281 2127 83 39 sit
328 2127 201 39 destinationem
494 2127 107 39 finis
565 2127 190 39 reprobatorum
719 2127 178 39 antecedere:
862 2127 107 39 finis
921 2127 71 39 enim

204 2157 116 42 primus
286 2157 81 42 est
332 2157 70 42 in
367 2157 128 42 agentis
460 2157 174 42 intentione;
599 2157 104 42 finis
668 2157 104 42 autem
738 2157 186 42 reprobatorum
889 2157 81 42 est
924 2157 46 42 in

190 2189 120 42 teritus
277 2189 120 42 illorum
364 2189 76 42 seu
408 2189 87 42 mors
462 2189 120 42 aeterna
549 2189 76 42 non
593 2189 163 42 simpliciter
724 2189 65 42 ut
756 2189 76 42 est
800 2189 142 42 interitus
909 2189 54 42 &
920 2189 54 42 ma-

195 2220 79 47 lum
240 2220 135 47 quiddam,
341 2220 79 47 sed
386 2220 68 47 ut
420 2220 113 47 servit
499 2220 124 47 gloriae
589 2220 79 47 Dei
634 2220 56 47 &
656 2220 113 47 saluti
735 2220 158 47 electorum.
859 2220 68 47 De
893 2220 79 47 hoc
927 2220 56 47 fi-

198 2253 70 44 ne
233 2253 188 44 reprobatorum
386 2253 117 44 Paulus
468 2253 106 44 docet
539 2253 94 44 quum
597 2253 70 44 de
633 2253 106 44 illis
703 2253 82 44 ait
750 2253 94 44 Rom.
809 2253 70 44 9.
844 2253 70 44 v.
879 2253 82 44 21.
914 2253 59 44 quo

199 2293 89 38 sint
255 2293 89 38 vasa
311 2293 67 38 ad
344 2293 134 38 dedecus,
445 2293 56 38 &
467 2293 67 38 v.
501 2293 78 38 22.
545 2293 89 38 vasa
601 2293 101 38 irae,
668 2293 134 38 compacta
769 2293 67 38 ad
802 2293 156 38 interitum.
914 2293 56 38 Et:

206 2317 84 50 Cor.
258 2317 73 50 11.
300 2317 73 50 15.
342 2317 105 50 quorum
415 2317 94 50 finis
478 2317 84 50 erit
531 2317 126 50 secundum
625 2317 94 50 opera
688 2317 126 50 ipsorum,
782 2317 52 50 &
803 2317 126 50 Philipp.
898 2317 63 50 3.
919 2317 52 50 15.

200 2354 102 46 quorum
271 2354 92 46 finis
332 2354 71 46 est
373 2354 122 46 exitium.
465 2354 61 46 1.
495 2354 71 46 Pet
536 2354 61 46 2.
567 2354 61 46 7,
597 2354 61 46 8,
628 2354 122 46 Christus
719 2354 102 46 factus
791 2354 71 46 est
831 2354 92 46 lapis
893 2354 61 46 ad
913 2354 61 46 quen

200 2385 165 45 impingitur,
332 2385 55 45 &
354 2385 99 45 petra
420 2385 165 45 efsendiculi
552 2385 77 45 iis
596 2385 77 45 qui
641 2385 143 45 impingunt
751 2385 66 45 ad
784 2385 143 45 sermonem,
894 2385 77 45 non
927 2385 55 45 as-

198 2414 168 48 sentientes,
332 2414 67 48 ad
366 2414 90 48 quod
422 2414 101 48 etiam
489 2414 157 48 constituti
613 2414 135 48 fuerant:
714 2414 90 48 Hinc
770 2414 135 48 sequitur
871 2414 67 48 ad
893 2414 90 48 ruinam

195 2451 116 41 quoque
277 2451 174 41 constitutos
416 2451 116 41 fuisse
497 2451 70 41 ac
532 2451 128 41 proinde
625 2451 70 41 ad
660 2451 162 41 interitum:
787 2451 58 41 &
811 2451 104 41 Judas
880 2451 70 41 in
903 2451 70 41 epi-

193 2482 100 47 stola
260 2482 78 47 sua
304 2482 100 47 vers.
371 2482 67 47 4.
404 2482 178 47 Subrepserunt
549 2482 111 47 quidam
626 2482 122 47 homines
715 2482 78 47 jam
760 2482 89 47 olim
815 2482 167 47 praescripti
938 2482 44 47 ad

190 2516 99 40 hanc
252 2516 198 40 dimnationem,
412 2516 124 40 impti.
499 2516 173 40 Propositum
635 2516 87 40 non
685 2516 161 40 salvandi,
809 2516 87 40 non
846 2516 136 40 miserendi

197 2546 78 50 non
241 2546 122 50 vocandi
330 2546 178 50 efficaciter,
475 2546 78 50 non
519 2546 122 50 donandi
608 2546 100 50 fide,
675 2546 78 50 &c.
719 2546 111 50 ordine
797 2546 122 50 naturae
875 2546 111 50 sequitur

192 2589 65 40 &
218 2589 182 40 conjunctum
361 2589 117 40 habet
439 2589 156 40 decretum
556 2589 195 40 condemnandi
711 2589 143 40 propter
815 2589 169 40 peccatum.
945 2589 78 40 Ut

209 2612 92 43 enim
266 2612 183 43 justificatio
415 2612 92 43 est,
472 2612 92 43 unum
529 2612 69 43 ex
564 2612 115 43 mediis
644 2612 172 43 exsecutioni
781 2612 126 43 decreti
862 2612 137 43 electionis

210 2646 203 39 praeordinatis:
379 2646 79 39 ita
424 2646 169 39 condemnatio
559 2646 90 39 quae
615 2646 203 39 justificationi
784 2646 158 39 opponitur,
907 2646 79 39 est
941 2646 45 39 me

190 2684 95 42 dium
249 2684 189 42 exsequutioni
403 2684 130 42 decreti
498 2684 201 42 reprobationis
664 2684 201 42 praeordinatum

238 2708 166 44 Reprobatio
369 2708 130 44 aeterna
464 2708 83 44 est
511 2708 83 44 tum
558 2708 142 44 diaboli,
665 2708 83 44 tum
713 2708 154 44 membrorum
819 2708 119 44 diaboli.

244 2743 153 43 Reprobatio
365 2743 121 43 aeterna
452 2743 131 43 diaboli,
551 2743 77 43 est
595 2743 77 43 qua
638 2743 88 43 Deus
693 2743 66 43 ab
726 2743 121 43 aeterno
814 2743 153 43 repudiavit
923 2743 66 43 dia-

205 2777 115 42 bolum,
285 2777 80 42 qui
331 2777 138 42 princeps
434 2777 57 42 &
457 2777 103 42 caput
526 2777 126 42 futurus
618 2777 92 42 erat
675 2777 172 42 defectionis
813 2777 57 42 a
836 2777 80 42 Deo
882 2777 57 42 &
893 2777 92 42 aeter.

213 2817 72 33 nis
254 2817 103 33 poenis
326 2817 72 33 eum
367 2817 124 33 addixit.

241 2842 166 51 Reprobatio
372 2842 131 51 aeterna
467 2842 154 51 membrorum
585 2842 142 51 diaboli,
692 2842 83 51 est
740 2842 107 51 eorum
811 2842 83 51 qui
858 2842 131 51 diabolo
942 2842 47 51 u-

206 2885 131 41 prineipi
304 2885 55 41 &
326 2885 109 41 capiti
402 2885 76 41 suo
446 2885 142 41 adhaerent

244 2907 150 42 Ambrosius
359 2907 69 42 in
393 2907 115 42 Psalmi
474 2907 230 42 trigesimi-quinti
669 2907 173 42 enarratione
807 2907 92 42 ait:
865 2907 104 42 Sicut
922 2907 69 42 san-

206 2940 79 41 cti
251 2940 90 41 sunt
307 2940 113 41 membra
386 2940 135 41 Christi:
488 2940 79 41 ita
533 2940 102 41 impii
601 2940 90 41 sunt
657 2940 113 41 membra
725 2940 113 41 diaboli,

246 2971 162 44 Augustinus
374 2971 116 44 octavo
455 2971 104 44 tomo,
525 2971 174 44 enatratione
664 2971 116 44 Psalmi
745 2971 220 44 trigesimi-noni:
918 2971 70 44 Sic-

204 3005 82 43 cut
251 3005 129 43 bonorum
345 3005 105 43 caput
415 3005 140 43 Christus
520 3005 94 43 est,
579 3005 82 43 sic
625 3005 129 43 illorum
719 3005 117 43 (nempe
801 3005 140 43 malorum)
906 3005 105 43 caput

192 3042 119 40 diabolus.

233 3071 134 43 Estque
327 3071 94 43 tum
380 3071 148 43 malorum
488 3071 188 43 angelorum,
635 3071 94 43 tum
689 3071 148 43 hominum
783 3071 188 43 damnandorum.

232 3112 171 36 Reprobatio
366 3112 134 36 aeterna
464 3112 134 36 malorum
561 3112 171 36 angelorum,
695 3112 85 36 est
744 3112 85 36 qua
793 3112 98 36 Deus
854 3112 73 36 ab
878 3112 110 36 aeterne

197 3138 164 40 constituit
326 3138 129 40 quosdam
420 3138 129 40 Angelos
514 3138 188 40 beatitudinis
667 3138 141 40 aeternae
772 3138 153 40 fruitione
878 3138 129 40 exclusos,

1014 166 72 58 in
1050 166 96 58 bono
1110 166 84 58 non
1158 166 180 58 confirmare,
1302 166 84 58 sed
1350 166 144 58 desertos
1458 166 120 58 sinere
1542 166 96 58 labi
1602 166 84 58 per
1650 166 156 58 superbiam
1770 166 60 58 &
1782 166 48 58 de

1036 213 105 31 coelo
1106 213 163 31 deturbatos
1234 213 128 31 aeterno
1327 213 116 31 exitio
1397 213 116 31 devovere

1081 244 166 39 reprobatio
1212 244 130 39 aeterna
1306 244 130 39 hominum
1401 244 190 39 damnandorum,
1555 244 83 39 est
1603 244 83 39 qua
1650 244 95 39 Deus
1709 244 71 39 ab
1733 244 95 39 aeter-

1030 275 71 39 no
1066 275 131 39 homines
1161 275 83 39 non
1208 275 131 39 electos
1303 275 71 39 ad
1339 275 107 39 vitam
1410 275 142 39 aeternam
1517 275 214 39 praedestinavit
1695 275 71 39 ad
1718 275 107 39 interi-

1023 313 85 40 tum
1072 313 195 40 sempiternum,
1230 313 73 40 in
1267 313 98 40 quem
1328 313 110 40 omnes
1401 313 85 40 per
1450 313 146 40 peccatum
1560 313 98 40 sese
1621 313 134 40 fuerant
1706 313 110 40 praeci-

1039 341 154 46 pitaturi;
1158 341 59 46 &
1181 341 142 46 decrevit
1288 341 130 46 illorum
1383 341 83 46 non
1430 341 154 46 misereri,
1549 341 107 46 idque
1620 341 71 46 ad
1643 341 178 46 demonstrandam

1040 371 145 46 gloriam
1145 371 105 46 suam
1211 371 66 46 &
1238 371 198 46 promovendam
1396 371 145 46 salutem
1488 371 145 46 electorum

1067 401 137 44 Doctrina
1170 401 92 44 haec
1227 401 160 44 Scripturae
1353 401 114 44 Sacrae
1433 401 92 44 est,
1490 401 69 44 ut
1524 401 160 44 testimonia
1650 401 80 44 tum
1696 401 92 44 ante
1742 401 80 44 addu-

1035 433 95 49 cta;
1094 433 83 49 tum
1142 433 142 49 deinceps
1248 433 154 49 adducenda
1367 433 178 49 confirmant.
1509 433 83 49 Nec
1556 433 107 49 aliud
1627 433 154 49 docuerunt
1734 433 83 49 vete-

1026 477 89 44 res
1077 477 165 44 orthodoxi
1204 477 139 44 Patres,
1305 477 127 44 quorum
1394 477 177 44 testimonia
1533 477 165 44 videantur
1660 477 76 44 in
1686 477 139 44 Symphonia

1034 499 157 52 Catholica,
1157 499 90 52 cap.
1213 499 67 52 4.
1247 499 101 52 Thesi
1314 499 67 52 2.
1348 499 56 52 &
1359 499 56 52 co-

1146 541 76 52 De
1184 541 114 52 causa
1260 541 177 52 efficiente
1399 541 215 52 reprobationis
1564 541 126 52 aternae.

1358 596 144 64 Thesis
1444 596 58 64 I.

1057 660 97 40 Chusa
1122 660 86 40 ejus
1176 660 140 40 efficiens
1283 660 162 40 principalis
1413 660 75 40 est
1456 660 97 40 Deus:
1520 660 65 40 is
1553 660 86 40 enim
1606 660 75 40 est
1649 660 75 40 qui
1682 660 129 40 reprobavi:

1030 694 91 40 eos,
1087 694 137 40 quotquot
1189 694 80 40 non
1235 694 91 40 sunt
1292 694 114 40 electi
1372 694 68 40 ad
1406 694 103 40 vitam
1474 694 148 40 aeternam;
1588 694 57 40 &
1611 694 80 40 qui
1656 694 160 40 destinavit
1770 694 46 40 ad

1022 727 207 54 sempiternum
1187 727 179 54 interitum
1325 727 124 54 omnes
1408 727 165 54 quotquot
1532 727 207 54 damnabuntur
1683 727 138 54 propter-

1030 758 136 45 peccata,
1132 758 114 45 Jerem.
1211 758 68 45 6.
1234 758 57 45 30.

1316 796 193 62 Thesis
1431 796 58 62 I

1056 841 109 51 Causa
1128 841 157 51 efficiens
1249 841 157 51 impellens
1370 841 133 51 propter
1466 841 97 51 quam
1526 841 145 51 decretum
1623 841 193 51 reprobationis,

1020 885 93 42 sive
1078 885 185 42 affirmativae
1229 885 93 42 sive
1287 885 150 42 negativae
1402 885 58 42 a
1426 885 81 42 Deo
1472 885 127 42 factum,
1564 885 81 42 non
1611 885 81 42 est
1657 885 150 42 peccatum,
1761 885 58 42 (ad

1030 918 91 39 quod
1087 918 137 39 pertinet
1189 918 57 39 &
1212 918 102 39 malus
1280 918 91 39 usus
1337 918 114 39 liberi
1416 918 159 39 arbitrii,)
1542 918 68 39 ut
1576 918 148 39 argumenta
1689 918 91 39 haec
1735 918 91 39 osten

1014 952 98 41 dunt:

1066 982 130 44 Primum:
1161 982 142 44 Quicquid
1267 982 118 44 factum
1350 982 83 44 est
1397 982 94 44 ante
1456 982 154 44 peccatum,
1574 982 94 44 ejus
1633 982 106 44 causa
1692 982 130 44 efficiens

1024 1014 86 44 non
1073 1014 86 44 est
1122 1014 160 44 peccatum:
1245 1014 74 44 At
1282 1014 147 44 decretum
1392 1014 209 44 reprobationis
1564 1014 123 44 factum
1650 1014 86 44 est
1699 1014 98 44 ante
1748 1014 74 44 pec-

1023 1053 115 37 catum:
1104 1053 92 37 Ergo
1162 1053 127 37 decreti
1254 1053 196 37 reprobationis
1415 1053 104 37 causa
1484 1053 150 37 efficiens
1600 1053 81 37 non
1646 1053 81 37 est
1692 1053 138 37 peccatum

1062 1087 142 40 Assumtio
1169 1087 106 40 plana
1240 1087 83 40 fit
1287 1087 71 40 ex
1322 1087 166 40 testimonio
1452 1087 106 40 Pauli
1523 1087 95 40 Rom.
1582 1087 71 40 9.
1618 1087 71 40 v.
1653 1087 83 40 11.
1701 1087 118 40 Nondum
1772 1087 47 40 e-

1037 1120 75 38 nim
1080 1120 97 38 natis
1145 1120 119 38 pueris,
1231 1120 86 38 quum
1285 1120 97 38 nehil
1350 1120 140 38 fecissent
1457 1120 86 38 boni
1511 1120 75 38 vel
1554 1120 97 38 mali,
1619 1120 65 38 ut
1651 1120 151 38 propositum
1759 1120 54 38 Dei

1036 1157 86 43 quod
1090 1157 75 43 est
1133 1157 129 43 secundum
1230 1157 108 43 ipsius
1305 1157 161 43 electionem,
1434 1157 75 43 non
1477 1157 65 43 ex
1509 1157 129 43 operibus
1606 1157 75 43 sed
1649 1157 65 43 ex
1681 1157 118 43 vocante
1757 1157 65 43 fir-

1030 1193 78 38 mum
1074 1193 134 38 maneret,
1175 1193 112 38 Dictum
1253 1193 78 38 est
1298 1193 78 38 ei,
1342 1193 100 38 Major
1409 1193 123 38 serviet
1499 1193 123 38 minori,
1588 1193 100 38 sicut
1655 1193 134 38 sucintum
1744 1193 67 38 est;

1032 1221 142 45 lacobum
1136 1221 142 45 dilexi,
1239 1221 130 45 Esavum
1330 1221 104 45 odio
1395 1221 130 45 habui.
1485 1221 104 45 Unde
1550 1221 207 45 argumentamur
1718 1221 78 45 in
1744 1221 78 45 hunc

1009 1249 133 49 modum:

1054 1277 71 52 Si
1090 1277 118 52 Esavus
1172 1277 94 52 fuit
1231 1277 59 52 a
1254 1277 82 52 Deo
1302 1277 94 52 odio
1360 1277 141 52 habitus,
1466 1277 94 52 quum
1525 1277 118 52 nondum
1608 1277 106 52 natus
1678 1277 118 52 esset,
1749 1277 59 52 cum

1033 1313 101 42 nihil
1100 1313 135 42 fecisset
1202 1313 101 42 mali;
1269 1313 79 42 tum
1314 1313 135 42 decretum
1416 1313 192 42 reprobatronis
1573 1313 90 42 ejus
1630 1313 113 42 factum
1709 1313 79 42 est
1742 1313 68 42 ante

1038 1356 158 30 peccatum.
1160 1356 170 30 Antecedens
1293 1356 110 30 verum
1367 1356 97 30 est:
1427 1356 97 30 Ergo
1488 1356 61 30 &
1513 1356 183 30 consequens.
1659 1356 110 30 Ratio
1720 1356 97 30 conse-

1040 1386 132 35 quentiae
1139 1386 88 35 est,
1194 1386 88 35 quia
1248 1386 99 35 odium
1314 1386 77 35 quo
1358 1386 88 35 Deus
1413 1386 88 35 odit
1468 1386 121 35 Esavumi
1556 1386 55 35 n
1578 1386 77 35 hil
1622 1386 77 35 est
1665 1386 99 35 aliud
1731 1386 77 35 hoc
1764 1386 55 35 lo

1031 1424 42 25 co-

1066 1420 95 36 quam
1126 1420 167 36 reprobatio
1257 1420 83 36 seu
1304 1420 143 36 decretum
1411 1420 71 36 de
1447 1420 190 36 reprobatione
1590 1420 95 36 Esavi.

1066 1453 152 36 Secundum:
1184 1453 106 36 Cujus
1254 1453 106 36 causa
1324 1453 152 36 efficiens
1442 1453 106 36 extra
1512 1453 94 36 Deum
1571 1453 106 36 nulla
1641 1453 94 36 est,
1700 1453 94 36 ejus
1747 1453 70 36 pro-

1036 1477 90 45 inde
1092 1477 102 45 causa
1160 1477 147 45 efficiens
1273 1477 79 45 non
1318 1477 79 45 est
1364 1477 147 45 peccatum:
1477 1477 68 45 At
1511 1477 124 45 decreti
1601 1477 192 45 reprobationis
1748 1477 68 45 cau-

1031 1515 68 39 sa
1065 1515 147 39 efficiens
1177 1515 101 39 extra
1245 1515 101 39 Deum,
1313 1515 90 39 ulla
1369 1515 90 39 est:
1425 1515 101 39 Ergo,
1482 1515 56 39 &c.

1058 1551 193 36 Assumtionem
1212 1551 167 36 probamus:
1341 1551 90 36 Nam
1393 1551 154 36 consilii
1508 1551 154 36 aeternae
1624 1551 180 36 voluntatis
1753 1551 64 36 DEI

1030 1584 108 34 causa
1102 1584 120 34 movens
1186 1584 108 34 extra
1258 1584 96 34 Deum
1318 1584 108 34 nulla
1390 1584 96 34 est:
1451 1584 72 34 At
1487 1584 144 34 decretum
1595 1584 204 34 reprobationis
1751 1584 60 34 est

1039 1615 153 35 consilium
1157 1615 141 35 aeternae
1262 1615 164 35 voluntatis
1392 1615 94 35 Dei:
1450 1615 94 35 Ergo
1509 1615 129 35 decreti
1603 1615 200 35 reprobationis
1756 1615 70 35 cau-

1036 1644 70 42 sa
1071 1644 117 42 movens
1154 1644 106 42 extra
1224 1644 94 42 Deum
1283 1644 106 42 nulla
1342 1644 70 42 est.

1060 1677 168 38 Probationis
1194 1677 101 38 hujus
1262 1677 101 38 major
1329 1677 101 38 certa
1396 1677 79 38 est
1441 1677 67 38 ex
1475 1677 79 38 iis
1520 1677 90 38 quae
1576 1677 67 38 in
1610 1677 146 38 attributo
1711 1677 112 38 volunta-

1037 1708 71 43 tis
1077 1708 71 43 Dei
1118 1708 91 43 dicta
1168 1708 61 43 sunt

1070 1743 137 42 Tertium:
1172 1743 69 42 Si
1207 1743 126 42 decreti
1298 1743 194 42 reprobationis
1458 1743 103 42 causa
1527 1743 149 42 efficiens
1641 1743 103 42 esset
1698 1743 126 42 peccatum;

1029 1773 85 49 tum
1078 1773 146 49 aeternum
1187 1773 146 49 decretum
1297 1773 85 49 Dei
1346 1773 73 49 ab
1383 1773 159 49 hominibus
1505 1773 159 49 penderet.
1627 1773 73 49 At
1663 1773 85 49 hoc
1712 1773 85 49 est
1761 1773 85 49 ab

1037 1807 191 44 urdissimum:
1190 1807 102 44 Ergo
1254 1807 64 44 &
1267 1807 102 44 prius.

1075 1840 139 46 Quartum:
1180 1840 70 46 Si
1214 1840 127 46 decreti
1307 1840 197 46 reprobationis
1469 1840 104 46 causa
1539 1840 151 46 efficiens
1655 1840 81 46 est
1690 1840 127 46 peccatum:

1040 1875 77 33 tum
1084 1875 77 33 aut
1128 1875 143 33 originale
1238 1875 88 33 erit
1293 1875 77 33 aut
1337 1875 132 33 actuale.
1437 1875 66 33 At
1470 1875 143 33 originale
1580 1875 132 33 peccatum
1679 1875 121 33 decreti
1756 1875 55 33 res

1039 1905 178 37 probationis
1181 1905 107 37 causa
1253 1905 83 37 non
1300 1905 95 37 est,
1359 1905 95 37 quia
1419 1905 83 37 sic
1466 1905 107 37 omnes
1537 1905 130 37 homines
1632 1905 178 37 naturaliter
1763 1905 47 37 na

1030 1938 133 35 scentes,
1129 1938 144 35 reprobati
1240 1938 144 35 fuissent,
1351 1938 88 35 quum
1406 1938 100 35 omnes
1472 1938 122 35 peccato
1561 1938 144 35 originati
1671 1938 88 35 sint
1715 1938 111 35 infecti-

1034 1969 102 42 Neque
1102 1969 102 42 etiam
1170 1969 125 42 actuale
1261 1969 137 42 peccatum
1364 1969 80 42 est
1409 1969 91 42 ejus
1466 1969 114 42 causa,
1546 1969 91 42 quia
1602 1969 80 42 sic
1648 1969 102 42 nulli
1705 1969 125 42 infantes,

1034 2005 119 35 etiam
1113 2005 212 35 blasphemorum
1285 2005 185 35 Judaeorum,
1431 2005 159 35 Turcarum
1550 2005 66 35 &
1576 2005 145 35 aliorum
1669 2005 145 35 Geutitium

1024 2037 80 33 vel
1069 2037 68 33 in
1103 2037 103 33 utero
1172 2037 137 33 materno,
1275 2037 80 33 vel
1320 2037 103 33 paulo
1389 2037 91 33 post
1446 2037 171 33 nativitatem
1582 2037 114 33 mortui
1662 2037 114 33 essent
1742 2037 57 33 a
1754 2037 68 33 Deo.

1034 2070 158 44 reprobati.
1158 2070 90 44 Ergo
1214 2070 124 44 decreti
1304 2070 191 44 reprobationis
1461 2070 101 44 causa
1529 2070 146 44 efficiens
1641 2070 79 44 non
1686 2070 79 44 est
1720 2070 90 44 pecca

1013 2105 72 26 tum

1053 2117 140 53 Quintum:
1158 2117 70 53 Si
1193 2117 128 53 peccata
1287 2117 117 53 essent
1369 2117 105 53 causa
1439 2117 152 53 efficiens
1555 2117 210 53 reprobationis,
1731 2117 82 53 tum
1766 2117 58 53 bo-

1037 2168 67 33 na
1070 2168 100 33 opera
1137 2168 111 33 essent
1215 2168 100 33 causa
1281 2168 144 33 efficiens
1392 2168 167 33 electionis.
1536 2168 67 33 At
1570 2168 78 33 hoc
1614 2168 78 33 non
1659 2168 89 33 est:
1714 2168 89 33 Ergo
1758 2168 56 33 nec

1032 2197 107 38 illud
1103 2197 107 38 Istud
1175 2197 166 38 argumentum
1305 2197 131 38 adducit
1400 2197 166 38 Augustinus
1531 2197 119 38 quarto
1614 2197 107 38 tomo,
1685 2197 107 38 libro
1745 2197 71 38 pri-

1028 2234 74 32 mo
1065 2234 74 32 ad
1102 2234 198 32 Simplixianum
1263 2234 174 32 quaestione
1387 2234 124 32 secunda.

1053 2256 131 45 Sextum:
1148 2256 178 45 Cujuscunque
1291 2256 154 45 permissio
1409 2256 83 45 est
1457 2256 143 45 effectus
1564 2256 214 45 reprobationis,
1742 2256 107 45 illud

1043 2297 124 32 rofecto
1133 2297 79 32 non
1178 2297 79 32 est
1223 2297 90 32 ullo
1279 2297 90 32 modo
1335 2297 101 32 causa
1403 2297 146 32 efficiens
1515 2297 124 32 illius.
1605 2297 68 32 At
1639 2297 124 32 peccati
1718 2297 101 32 permis-

1028 2330 80 40 sin
1073 2330 80 40 est
1119 2330 137 40 effectus
1221 2330 205 40 reprobationis:
1392 2330 137 40 Peccatum
1495 2330 114 40 igitur
1574 2330 103 40 nullo
1643 2330 91 40 modo
1700 2330 80 40 est
1734 2330 91 40 causa-

1040 2355 114 43 fficiens
1117 2355 76 43 illius

1064 2381 146 46 Septimum:
1176 2381 67 46 Si
1210 2381 135 46 peccatum
1311 2381 90 46 sive
1367 2381 146 46 originale
1479 2381 90 46 sive
1535 2381 135 46 actuale,
1636 2381 101 46 causa
1693 2381 124 46 efficiens

1024 2426 105 29 esset
1094 2426 210 29 reprobationis,
1270 2426 82 29 tum
1316 2426 152 29 Apostolus
1433 2426 70 29 ad
1468 2426 234 29 interrogationes.
1667 2426 82 29 Num
1702 2426 117 29 injusti-

1031 2454 79 44 tia
1076 2454 79 44 est
1121 2454 90 44 apud
1178 2454 102 44 Deum?
1245 2454 68 44 &.
1279 2454 90 44 Quid
1336 2454 102 44 adhuc
1404 2454 158 44 succenset?
1528 2454 147 44 uoluntati
1641 2454 90 44 enim
1698 2454 90 44 ejus
1754 2454 90 44 quis

1025 2490 155 43 resistit?
1144 2490 191 43 responderet:
1299 2490 95 43 Deum
1359 2490 143 43 injustum
1466 2490 83 43 non
1513 2490 107 43 esse,
1585 2490 83 43 qui
1632 2490 131 43 propter
1716 2490 95 43 pecca-

1035 2521 75 36 um
1072 2521 149 36 reprobos
1184 2521 187 36 reprobavit,
1333 2521 112 36 illum
1408 2521 137 36 propter
1508 2521 149 36 peccatum
1620 2521 187 36 succensere.
1757 2521 62 36 Seo

1026 2554 93 37 tale
1084 2554 104 37 nihil
1154 2554 162 37 respondet,
1281 2554 81 37 imo
1328 2554 174 37 reprehendit
1467 2554 197 37 interrogantem
1629 2554 93 37 ista
1687 2554 58 37 &
1698 2554 116 37 rationem

1030 2584 60 35 a
1054 2584 84 35 Deo
1102 2584 181 35 reposcentem
1247 2584 108 35 rerum
1319 2584 72 35 ab
1355 2584 96 35 illo
1415 2584 157 35 factarum.
1536 2584 72 35 q.
1572 2584 72 35 d.
1608 2584 120 35 Justum
1692 2584 96 35 esse
1741 2584 84 35 quic-

1041 2618 96 42 quid
1101 2618 84 42 Deo
1149 2618 168 42 placuerit,
1282 2618 84 42 non
1330 2618 96 42 esse
1390 2618 144 42 adversus
1498 2618 96 42 Deum
1558 2618 193 42 disputandum.
1715 2618 96 42 Ergo
1763 2618 60 42 re-

1036 2648 168 50 probationis
1170 2648 101 50 causa
1237 2648 78 50 non
1282 2648 78 50 est
1327 2648 146 50 peccatum.

1062 2676 146 42 Octavum:
1171 2676 73 42 Si
1207 2676 146 42 peccatum
1317 2676 109 42 esset
1389 2676 158 42 efficiens
1511 2676 109 42 causa
1584 2676 218 42 reprobationis,
1753 2676 61 42 tum

1026 2716 146 37 mysterium
1138 2716 79 37 hoc
1183 2716 79 37 non
1228 2716 101 37 esset
1295 2716 112 37 tantae
1373 2716 179 37 altitudinis,
1519 2716 67 37 ut
1553 2716 146 37 penetrari
1665 2716 135 37 nequeat.
1755 2716 67 37 Deum

1031 2749 102 35 enim
1095 2749 178 35 reprobasse
1235 2749 140 35 homines
1336 2749 140 35 propter
1438 2749 165 35 peccatum,
1565 2749 114 35 etiam
1641 2749 152 35 antequam
1743 2749 76 35 nati

1045 2780 92 38 int,
1103 2780 127 38 rationi
1195 2780 242 38 convenientissimum
1402 2780 92 38 est.
1460 2780 69 38 At
1495 2780 150 38 nysterium
1610 2780 196 38 reprobationis
1759 2780 58 38 est

1036 2818 114 37 tantae
1115 2818 170 37 altitudinis
1251 2818 68 37 ut
1285 2818 148 37 penetrari
1399 2818 136 37 nequeat:
1501 2818 79 37 Sic
1547 2818 102 37 enini
1615 2818 159 37 Apostolus.
1728 2818 91 37 Paulus

1051 2846 147 36 postquam
1161 2846 73 36 de
1197 2846 195 36 reprobatione
1356 2846 159 36 judaeorum
1478 2846 110 36 multa
1551 2846 159 36 dixisset,
1673 2846 159 36 exclamat:
1783 2846 37 36 O

1046 2885 144 33 profundas
1156 2885 133 33 divicias
1256 2885 77 33 tum
1300 2885 155 33 supientiae
1421 2885 77 33 tum
1466 2885 166 33 cognitionis
1598 2885 88 33 DeiI
1653 2885 88 33 quam
1698 2885 121 33 inscruta.

1033 2913 99 46 bilia
1099 2913 88 46 sunt
1154 2913 88 46 ejus
1209 2913 132 46 judicis,
1308 2913 55 46 &
1330 2913 88 46 ejus
1385 2913 88 46 iae
1440 2913 242 46 impervistigabiles!
1649 2913 88 46 Ergo
1693 2913 132 46 reprobati-

1039 2938 86 43 onis
1093 2938 97 43 causa
1158 2938 140 43 efficiens
1266 2938 76 43 non
1309 2938 76 43 est
1352 2938 129 43 peccatum

1072 2962 102 55 Plura
1139 2962 147 55 argumenta
1252 2962 169 55 proposuimus
1388 2962 68 55 in
1422 2962 158 55 Didascalia
1546 2962 68 55 de
1580 2962 113 55 aterna
1659 2962 79 55 Dei
1693 2962 135 55 praedesti

1034 3009 118 41 natione.

1070 3039 186 43 OEJICITUR:
1216 3039 160 43 Peccatum
1336 3039 93 43 est
1389 3039 120 43 causa
1469 3039 213 43 damnationis:
1642 3039 106 43 Ergo
1708 3039 67 43 &
1722 3039 106 43 repro

1039 3069 103 45 bationis:.

1062 3093 115 53 RESP.
1139 3093 154 53 Fallacia
1255 3093 90 53 est
1306 3093 77 53 ex
1344 3093 154 53 ambiguo.
1460 3093 90 53 Nam
1511 3093 77 53 si
1550 3093 180 53 reprobatio
1691 3093 90 53 pro
1729 3093 103 53 damna-

1037 3137 100 41 tione
1104 3137 144 41 capiatur,
1215 3137 67 41 ut
1248 3137 56 41 a
1270 3137 211 41 quibusdamsolet,
1448 3137 155 41 conceditur
1570 3137 111 41 totum.
1647 3137 78 41 Sin
1692 3137 89 41 vero
1736 3137 89 41 repro
