2063 3443
209 157 113 46 batio
285 157 88 46 pro
335 157 139 46 decreto
436 157 265 46 praedestinationis
663 157 76 46 ad
701 157 126 46 mortem
789 157 151 46 aeternam
903 157 63 46 &
915 157 101 46 conde-

217 197 160 41 mnationis
340 197 74 41 ad
376 197 111 41 illam
450 197 147 41 sumatur,
561 197 86 41 tum
610 197 135 41 negatur
708 197 111 41 major
782 197 172 41 propositio
917 197 98 41 quae
966 197 49 41 o-

207 227 108 49 missa
279 227 96 49 est,
339 227 144 49 nimirum;
447 227 144 49 Quicquid
555 227 84 49 est
603 227 108 49 causa
676 227 192 49 damnationis,
832 227 96 49 idem
892 227 84 49 est
928 227 96 49 causae

206 266 218 34 reprobationis.
387 266 85 34 Nam
436 266 145 34 damnatio
545 266 85 34 fit
593 266 73 34 in
630 266 145 34 tempore,
738 266 206 34 reprobationis
896 266 133 34 decretum.

220 301 123 45 factum
306 301 86 45 est
355 301 74 45 ab
392 301 147 45 aeterno:
502 301 98 45 ideo
564 301 184 45 damnationis
711 301 111 45 causa
785 301 172 45 temporalis
920 301 98 45 esse
969 301 49 45 po

214 332 102 53 test;
282 332 125 53 decreti
372 332 193 53 reprobationis
531 332 79 53 non
565 332 102 53 potest.

536 370 162 61 Thesis
633 370 97 61 III.

250 421 94 59 Neque
312 421 115 59 aeterna
396 421 136 59 praevisio
501 421 115 59 peccati
584 421 73 59 est
626 421 94 59 causa
689 421 115 59 decreti
773 421 188 59 reprobationis,
930 421 63 59 ut
951 421 73 59 argu-

210 466 114 46 menta
287 466 165 46 sequentia
401 466 140 46 evincunt.

259 488 127 45 Primum:
352 488 69 45 Si
387 488 127 45 aeterna
479 488 151 45 praevisio
595 488 127 45 peccati
688 488 104 45 esset
757 488 104 45 causa
827 488 127 45 decreti
908 488 139 45 reprobati-

227 530 105 46 onis,
298 530 199 46 consequeretur
462 530 94 46 quod
520 530 152 46 praevisio
637 530 129 46 peccati
731 530 117 46 aliquo
813 530 94 46 modo
860 530 164 46 praecessisse

215 573 182 37 voluntatem
358 573 104 37 Dei:
423 573 78 37 At
462 573 91 37 hoc
514 573 78 37 in
553 573 91 37 Deo
605 573 130 37 omnino
695 573 156 37 ἀδυναζον
812 573 104 37 est,
877 573 104 37 quum
929 573 104 37 volun-

219 604 104 45 tatis
289 604 81 45 Dei
335 604 104 45 nulla
405 604 116 45 possit
486 604 93 45 dari
544 604 116 45 causa,
625 604 81 45 sed
671 604 93 45 ipsa
729 604 104 45 rerum
798 604 116 45 omnium
879 604 81 45 est
914 604 116 45 suprema.

225 632 116 42 causa:
307 632 93 42 Ergo
365 632 58 42 &
388 632 105 42 illud
458 632 128 42 ἀδυναον
540 632 58 42 est

262 662 148 44 Secundum:
375 662 68 44 Si
409 662 125 44 aeterna
500 662 148 44 praevisio
613 662 125 44 peccati
704 662 102 44 esset
772 662 102 44 causa
840 662 125 44 decreti
920 662 102 44 reproba

222 699 135 38 tionis,
320 699 86 38 tum
369 699 111 38 omnes
443 699 135 38 homines
542 699 185 38 naturaliter
690 699 172 38 propagati,
825 699 160 38 reprobati
948 699 62 38 a
960 699 62 38 DEI

231 738 156 33 fuissent:
351 738 108 33 Ratio
423 738 204 33 consequentiae
591 738 96 33 est,
650 738 96 33 quia
710 738 72 33 in
746 738 132 33 omnibus
842 738 156 33 hominibus
950 738 72 33 natu

232 766 133 39 raliter
329 766 133 39 genitis
426 766 97 39 Deus
486 766 145 39 peccatum
596 766 170 39 praevidit.
729 766 73 39 At
765 766 85 39 non
814 766 109 39 omnes
887 766 133 39 homines
971 766 61 39 na-

236 804 152 48 turaliter
353 804 163 48 propagati,
481 804 93 48 sunt
539 804 58 48 a
563 804 82 48 Deo
609 804 163 48 reprobati:
737 804 105 48 Ergo,
796 804 58 48 &c.

546 838 164 65 Thesis
644 838 82 65 IV.

268 895 76 50 Nec
312 895 175 50 praescientia
454 895 142 50 contemtus
563 895 153 50 Evangelii,
683 895 55 50 &
705 895 164 50 rejectionis
836 895 120 50 gratiae
924 895 76 50 est
957 895 76 50 causo

232 934 122 36 decreti
320 934 199 36 reprobationis.
487 934 77 36 Nam
531 934 66 36 si
564 934 111 36 esset,
642 934 77 36 tum
686 934 100 36 nulli
752 934 133 36 infantes
852 934 100 36 extra
918 934 100 36 fedus
974 934 66 36 gra-

242 969 88 42 tiae
297 969 142 42 morientes
406 969 110 42 essent
483 969 153 42 reprobati;
604 969 99 42 nulli
669 969 99 42 etiam
735 969 121 42 adulti,
823 969 77 42 qui
867 969 99 42 nihil
932 969 66 42 de
954 969 77 42 Evan-

240 1002 117 43 gelio,
322 1002 105 43 nihil
392 1002 70 43 de
427 1002 117 43 gratia
509 1002 129 43 Christi
603 1002 152 43 audierunt
720 1002 129 43 unquam,
813 1002 70 43 ac
849 1002 129 43 proinde
930 1002 94 43 Evange

236 1034 102 41 lium
300 1034 89 41 non
351 1034 203 41 contemserunt
516 1034 64 41 &
541 1034 140 41 gratiam
643 1034 140 41 Christi
745 1034 89 41 per
796 1034 229 41 incredulitatem
973 1034 64 41 non

244 1076 171 47 rejecerunt,
381 1076 114 47 essent
461 1076 160 47 reprobati.
586 1076 114 47 Negata
666 1076 91 47 enim
723 1076 114 47 causa,
803 1076 126 47 negatur
883 1076 126 47 effectus.

543 1110 179 58 Thesis
650 1110 54 58 V

285 1164 98 46 Vera
346 1164 111 46 atque
420 1164 111 46 unica
494 1164 111 46 causa
568 1164 160 46 impellens
691 1164 135 46 propter
789 1164 98 46 quam
851 1164 148 46 decretum
950 1164 98 46 repro-

246 1204 141 39 bationis
352 1204 130 39 factum,
447 1204 83 39 est
494 1204 141 39 aeternum
600 1204 189 39 beneplacitum
753 1204 83 39 seu
800 1204 141 39 voluntas
907 1204 83 39 Dei
942 1204 106 39 libera:

246 1245 184 37 quemadmodum
393 1245 74 37 in
430 1245 172 37 didascalia
564 1245 123 37 nostra
650 1245 74 37 de
687 1245 135 37 aeterna
785 1245 86 37 Dei
822 1245 221 37 Praedestinatione

241 1276 223 46 confirmavimus
424 1276 66 46 &
451 1276 144 46 objecta
543 1276 170 46 refutavimus

448 1311 75 67 De
485 1311 100 67 fine
547 1311 212 67 reprobationis
709 1311 137 67 aeternae.

572 1365 157 65 Thesis
666 1365 63 65 1.

273 1421 105 48 Finis
343 1421 199 48 reprobationis
507 1421 140 48 aeternae
612 1421 82 48 non
659 1421 82 48 est
706 1421 140 48 peccatum

280 1467 71 43 I.
316 1467 95 43 Quia
375 1467 83 43 rei
423 1467 83 43 per
470 1467 71 43 se
506 1467 131 43 optimae
601 1467 107 43 finis
672 1467 83 43 non
720 1467 119 43 potest
803 1467 95 43 esse
862 1467 154 43 peccatum,
981 1467 95 43 quod

241 1500 81 54 est
288 1500 128 54 quiddam
381 1500 81 54 per
427 1500 70 54 se
462 1500 116 54 malum:
544 1500 70 54 At
579 1500 163 54 reprobatio
707 1500 128 54 aeterna
800 1500 81 54 est
846 1500 81 54 res
893 1500 81 54 per
939 1500 70 54 se
963 1500 81 54 opti-

241 1534 89 41 ma:
292 1534 114 41 Ergo,
356 1534 63 41 &c.

282 1565 81 41 II.
329 1565 93 41 Quia
387 1565 128 41 nullius
480 1565 81 41 rei
526 1565 105 41 finis
596 1565 116 41 potest
677 1565 93 41 esse
735 1565 93 41 nisi
793 1565 128 41 quiddam
886 1565 81 41 per
933 1565 70 41 se
956 1565 93 41 bonum:

242 1597 81 44 At
282 1597 161 44 peccatum
403 1597 161 44 quatenus
524 1597 161 44 peccatum
645 1597 94 44 non
699 1597 94 44 est
752 1597 148 44 quiddam
860 1597 94 44 per
914 1597 81 44 se
940 1597 108 44 bonum:

235 1630 122 53 Ergo,
303 1630 68 53 &c.

544 1653 167 66 Thesis
645 1653 84 66 11.

271 1717 84 53 Nec
319 1717 108 53 finis
391 1717 205 53 reprobationis
560 1717 84 53 est
608 1717 156 53 interitus
728 1717 168 53 reproborum
861 1717 84 53 per
909 1717 84 53 se,
957 1717 72 53 id
981 1717 72 53 est,

240 1754 144 41 quatenus
348 1754 84 41 est
396 1754 156 41 interitus
516 1754 60 41 &
540 1754 108 41 malum
612 1754 108 41 quid,
683 1754 84 41 sed
731 1754 144 41 quatenus
839 1754 84 41 est
887 1754 120 41 medium
959 1754 96 41 servi-

241 1787 80 42 ens
286 1787 182 42 illustrandae
434 1787 125 42 gloriae
526 1787 80 42 Dei
571 1787 57 42 &
594 1787 160 42 adjuvandae
719 1787 114 42 saluti
788 1787 125 42 electorum

533 1822 160 61 Thesis
629 1822 96 61 III.

268 1877 88 61 Ergo
323 1877 100 61 finis
390 1877 188 61 reprobationis
544 1877 77 61 per
589 1877 66 61 se
622 1877 77 61 est
666 1877 77 61 tum
710 1877 111 61 gloria
788 1877 88 61 Dei,
843 1877 77 61 tum
887 1877 100 61 salus
942 1877 100 61 electe

215 1917 87 44 rum.

262 1949 118 41 Gloria
345 1949 83 41 Dei
392 1949 106 41 finis
463 1949 83 41 est
510 1949 165 41 primarius:
640 1949 95 41 quia
699 1949 189 41 reprobatione
853 1949 118 41 voluit
936 1949 95 41 Deus
983 1949 59 41 de-

222 1985 137 41 clarare
321 1985 174 41 liberrimam
458 1985 186 41 voluntatem,
607 1985 87 41 jus
657 1985 62 41 &
682 1985 162 41 potentiam
806 1985 99 41 suam
868 1985 75 41 in
905 1985 112 41 omnes
967 1985 75 41 cre-

235 2017 133 49 aturas:
331 2017 60 49 &
356 2017 205 49 misericordiam
524 2017 96 49 erga
585 2017 145 49 electos,
693 2017 157 49 justitiam
814 2017 96 49 vero
874 2017 60 49 &
898 2017 96 49 iram
959 2017 72 49 in
983 2017 60 49 re-

244 2050 144 41 probatos,
354 2050 88 41 Rom.
410 2050 66 41 9.
443 2050 77 41 17,
476 2050 66 41 211.

262 2069 108 59 Salus
334 2069 156 59 electorum
454 2069 108 59 finis
526 2069 84 59 est
574 2069 192 59 secundarius:
729 2069 96 59 quia
789 2069 96 59 ideo
849 2069 96 59 Deus
909 2069 84 59 tam
945 2069 96 59 multos

220 2119 168 40 reprobavit,
354 2119 67 40 ut
388 2119 67 40 in
421 2119 123 40 electis
511 2119 146 40 excitaret
623 2119 168 40 reverentiam
757 2119 146 40 potentiae
869 2119 101 40 suae,
936 2119 56 40 &
947 2119 90 40 decla-

219 2151 112 40 raret
293 2151 198 40 magnitudinem
454 2151 136 40 gratiae
553 2151 99 40 suae
615 2151 99 40 erga
677 2151 136 40 electos
776 2151 74 40 eo
814 2151 99 40 quod
875 2151 62 40 &
900 2151 87 40 eos
950 2151 87 40 non
987 2151 62 40 re-

229 2189 161 44 probavit,
352 2189 124 44 eosque
439 2189 74 44 ad
476 2189 198 44 gratitudinem
636 2189 185 44 sempiternam
785 2189 99 44 sibi
846 2189 161 44 obligaret
970 2189 62 44 &
982 2189 62 44 im-

222 2220 154 46 pelleret
338 2220 77 46 ad
376 2220 167 46 operandam
504 2220 141 46 salutem
607 2220 103 46 suam
671 2220 90 46 cum
722 2220 128 46 timore
812 2220 64 46 &
825 2220 115 46 tremore

445 2253 82 60 De
486 2253 163 60 effectis
595 2253 218 60 reprobationis.

547 2301 170 64 Thesis
649 2301 68 64 I.

256 2357 140 49 Effectus
361 2357 199 49 reprobationis
525 2357 140 49 aeternae
630 2357 82 49 non
677 2357 82 49 est
723 2357 152 49 peccatum,
840 2357 70 49 id
875 2357 93 49 est,
922 2357 105 49 reproba

216 2403 83 52 tio
264 2403 131 52 aeterna
359 2403 83 52 non
406 2403 83 52 est
454 2403 107 52 causa
525 2403 143 52 peccati,
632 2403 71 52 ut
668 2403 154 52 sequentia
786 2403 154 52 argumenta
905 2403 119 52 planum
977 2403 59 52 fa

203 2434 107 42 ciunt.

256 2466 73 45 I.
292 2466 86 45 Rei
341 2466 183 45 simpliciter
488 2466 134 45 optimae
586 2466 110 45 atque
659 2466 196 45 sanctissimae
818 2466 147 45 effectus
928 2466 86 45 non
965 2466 61 45 est

236 2502 149 38 peccatum:
350 2502 69 38 At
384 2502 103 38 repro
453 2502 103 38 hatio
522 2502 126 38 aeterna
614 2502 80 38 est
659 2502 80 38 res
705 2502 172 38 simpliciter
843 2502 115 38 optima
923 2502 103 38 atque
980 2502 69 38 san-

226 2530 150 47 ctissima:
342 2530 104 47 Ergo,
399 2530 58 47 &c.

264 2564 84 44 II.
312 2564 72 44 Si
348 2564 168 44 reprobatio
480 2564 84 44 est
528 2564 108 44 causa
600 2564 144 44 peccati,
709 2564 84 44 tum
757 2564 60 44 &
781 2564 96 44 Deus
841 2564 96 44 erit
901 2564 108 44 causa
961 2564 72 44 pec-

225 2601 104 48 cati:
295 2601 92 48 Quod
352 2601 92 48 enim
410 2601 81 48 est
456 2601 104 48 causa
525 2601 127 48 causae,
617 2601 81 48 est
663 2601 104 48 etiam
732 2601 104 48 causa
802 2601 138 48 causati.
905 2601 104 48 Atqui
963 2601 69 48 Deus

217 2642 83 47 non
264 2642 83 47 est
312 2642 106 47 causa
382 2642 142 47 peccati:
488 2642 94 47 Ergo
547 2642 83 47 nec
595 2642 165 47 reprobatio
724 2642 106 47 causa
795 2642 94 47 ejus
854 2642 118 47 statui
925 2642 106 47 potest.

226 2664 74 42 aut
269 2664 105 42 debet.

545 2684 160 72 Thesis
641 2684 80 72 II.

254 2749 226 58 Reprobationis
440 2749 159 58 effectum
559 2749 119 58 etiam
639 2749 93 58 non
692 2749 93 58 est
745 2749 199 58 condemnatio
904 2749 80 58 ad
931 2749 106 58 mortem

219 2789 151 46 aeternam,
336 2789 81 46 nec
382 2789 93 46 ipsa
440 2789 93 46 mors
498 2789 139 46 aeterna,
603 2789 93 46 quae
661 2789 128 46 peccati
754 2789 81 46 est
801 2789 174 46 stipendium.
940 2789 93 46 Nemo
987 2789 46 46 e-

228 2822 88 51 nim
279 2822 201 51 condemnatur,
442 2822 101 51 nemo
505 2822 138 51 punitur
606 2822 63 51 a
631 2822 88 51 Deo
681 2822 164 51 propterea
807 2822 101 51 quod
870 2822 88 51 sit
908 2822 113 51 reproba

225 2860 95 39 tus,
285 2860 83 39 sed
332 2860 131 39 propter
427 2860 154 39 peccatum.
546 2860 83 39 Nam
593 2860 95 39 mors
653 2860 131 39 aeterna
748 2860 83 39 est
795 2860 166 39 stipendium
914 2860 107 39 peccat.

222 2894 87 43 non
271 2894 112 43 autem
346 2894 225 43 reprobationis.
534 2894 125 43 Deinde
621 2894 150 43 exemplum
733 2894 87 43 non
783 2894 125 43 potest
871 2894 150 43 proferri
971 2894 62 43 ul-

229 2917 112 55 lius,
303 2917 99 55 quem
365 2917 99 55 Deus
427 2917 198 55 condemnatit,
588 2917 99 55 nisi
650 2917 87 55 qui
699 2917 223 55 condemnationem
885 2917 136 55 peccato
972 2917 62 55 suo

227 2959 79 48 vel
272 2959 125 48 actuali
363 2959 79 48 vel
408 2959 113 48 saltem
487 2959 147 48 originali
600 2959 79 48 est
645 2959 136 48 meritus.
747 2959 158 48 Reprobatio
872 2959 113 48 quidem
940 2959 79 48 ante-

231 2987 112 50 cedit
305 2987 199 50 damnationem,
467 2987 87 50 sed
517 2987 87 50 non
567 2987 75 50 ut
604 2987 125 50 causa,
692 2987 112 50 verum
766 2987 75 50 ut
804 2987 162 50 adjunctum
916 2987 112 50 antece-

233 3013 117 57 dens.
311 3013 117 57 Omnis
389 3013 130 57 quidem
480 3013 117 57 causa
558 3013 91 57 est
610 3013 143 57 quiddam
713 3013 195 57 antecedens,
869 3013 91 57 sed
921 3013 91 57 non
960 3013 78 57 omne

237 3051 170 52 antecedens
371 3051 85 52 est
419 3051 122 52 causa.
505 3051 85 52 Sic
553 3051 146 52 damnatio
663 3051 146 52 sequitur
772 3051 207 52 reprobationem
943 3051 85 52 non
979 3051 49 52 u-

224 3084 165 53 effectus,
351 3084 89 53 sed
402 3084 127 53 tantum
491 3084 76 53 ut
529 3084 178 53 consequens
669 3084 152 53 quoddam.
783 3084 114 53 Omnis
859 3084 127 53 quidem
935 3084 89 53 effe-

224 3117 97 53 ctus
285 3117 85 53 est
333 3117 170 53 consequens
467 3117 146 53 quiddam,
576 3117 85 53 sed
624 3117 85 53 non
673 3117 97 53 omne
734 3117 170 53 consequens
867 3117 85 53 est
904 3117 121 53 effectus

530 3157 176 60 Thesis
636 3157 88 60 II1

267 3190 212 60 Reprobationis
441 3190 150 60 effectus
541 3190 87 60 sunt:

1097 166 75 44 1.
1135 166 163 44 Excitatio
1261 166 88 44 seu
1311 166 138 44 creatio
1412 166 188 44 reproborum,
1562 166 75 44 ut
1600 166 101 44 Deus
1663 166 75 44 in
1701 166 113 44 ipsis
1763 166 126 44 ostendat

1071 190 96 52 suam
1131 190 156 52 potentiam
1250 190 60 52 &
1274 190 167 52 justitiam,
1406 190 108 52 Prov.
1478 190 84 52 16.
1526 190 72 52 4.
1561 190 96 52 Rom.
1621 190 72 52 9.
1645 190 60 52 17.

1108 236 72 40 2.
1144 236 156 40 Permissio
1264 236 120 40 lapsus
1347 236 84 40 seu
1395 236 144 40 peccati,
1503 236 72 40 in
1539 236 84 40 quo
1587 236 156 40 reprobati
1706 236 144 40 percunt.
1802 236 84 40 Sicut

1071 268 96 40 enim
1131 268 217 40 praedestinatio
1312 268 72 40 ad
1348 268 108 40 vitam
1420 268 144 40 includit
1528 268 168 40 voluntatem
1660 268 168 40 conferendi
1781 268 108 40 gratiam

1067 301 63 40 &
1093 301 152 40 gloriam:
1207 301 89 40 Ita
1258 301 178 40 reprobatio
1397 301 152 40 includit
1511 301 178 40 voluntatem
1651 301 190 40 permittendi
1791 301 102 40 cadere

1071 334 80 44 in
1111 334 133 44 culpam
1204 334 67 44 &
1231 334 173 44 inferendi
1364 334 200 44 damnationis
1524 334 133 44 poenam
1618 334 93 44 pro
1671 334 133 44 culpa.
1765 334 80 44 1.
1791 334 107 44 Thomas

1079 366 115 42 Aquinas
1162 366 94 42 part.
1225 366 63 42 1.
1257 366 115 42 quaest.
1340 366 73 42 23.
1382 366 84 42 art.
1424 366 42 42 3.

1099 389 75 53 3.
1136 389 150 53 Desertio
1249 389 138 53 divina.
1349 389 100 53 Ideo
1411 389 100 53 enim
1474 389 100 53 Deus
1536 389 150 53 reprobos
1649 389 75 53 in
1686 389 150 53 peccatis
1786 389 100 53 conce-

1087 434 81 39 tos
1134 434 127 39 deserit
1226 434 81 39 sua
1272 434 127 39 gratia,
1364 434 138 39 illisque
1468 434 104 39 fidem
1537 434 162 39 salvificam
1664 434 81 39 non
1710 434 138 39 largitur
1814 434 58 39 &
1826 434 69 39 con-

1068 466 173 47 versionem,
1204 466 99 47 quia
1266 466 87 47 eos
1303 466 148 47 reprobavit

1101 499 74 45 4.
1138 499 174 45 Reverentia
1274 499 62 45 &
1299 499 99 45 amor
1361 499 87 45 Dei
1411 499 74 45 in
1448 499 149 45 electis;
1560 499 99 45 item
1622 499 174 45 humilitas,
1746 499 149 45 patientia,

1068 532 93 40 &c.
1121 532 93 40 Nam
1174 532 132 40 electi
1266 532 185 40 concipiunt
1412 532 79 40 ex
1452 532 212 40 reprobatione
1624 532 146 40 aliorum
1717 532 172 40 reverentiam

1067 570 104 39 erga
1132 570 104 39 Deum
1197 570 65 39 &
1223 570 143 39 amorem,
1326 570 195 39 humilitatem
1482 570 117 39 item,
1560 570 182 39 patientiam
1702 570 65 39 &
1728 570 117 39 alias
1793 570 104 39 virtu

1064 602 60 37 tes.

1304 629 81 60 De
1344 629 162 60 subiecto
1452 629 215 60 reprobationis.

1108 684 109 37 Sicut
1181 684 170 37 electionis
1315 684 146 37 aeternae
1424 684 158 37 subjectum
1545 684 97 37 sunt
1606 684 109 37 omnes
1679 684 109 37 illi,
1752 684 122 37 quorum
1825 684 73 37 Deus

1077 718 118 34 voluit
1160 718 153 34 misereri:
1277 718 82 34 Ita
1324 718 200 34 reprobationis
1489 718 141 34 aeternae
1594 718 153 34 subjectum
1712 718 94 34 sunt
1771 718 106 34 omnes
1829 718 59 34 il-

1086 753 71 35 i,
1122 753 118 35 quorum
1204 753 94 35 Deus
1263 753 83 35 non
1310 753 94 35 vult
1369 753 153 35 misereri,
1487 753 94 35 quos
1546 753 177 35 haereditate
1688 753 141 35 aeternae
1782 753 106 35 saluti-

1087 785 116 40 lonate
1169 785 81 40 non
1215 785 128 40 voluit,
1308 785 81 40 sed
1354 785 151 40 indurare,
1470 785 104 40 juxta
1540 785 104 40 illud
1610 785 93 40 Rom.
1668 785 70 40 9.
1702 785 81 40 18.
1749 785 104 40 Cujus
1807 785 81 40 vult.

1061 828 175 37 miseretur,
1198 828 100 37 quem
1260 828 112 37 autem
1335 828 100 37 vult
1398 828 150 37 indurat.
1510 828 125 37 Eosque
1598 828 100 37 Deus
1660 828 187 37 praeteriens
1810 828 62 37 &
1823 828 62 37 no-

1077 857 134 41 eligens
1174 857 158 41 spectavit
1296 857 73 41 ut
1332 857 134 41 homines
1429 857 182 41 communiter,
1575 857 85 41 non
1624 857 122 41 habita
1709 857 134 41 ratione
1794 857 97 41 quali-

1088 886 102 43 catis
1156 886 113 43 ullius
1235 886 68 43 in
1269 886 113 43 illis:
1348 886 79 43 sed
1394 886 68 43 ad
1428 886 113 43 poenam
1507 886 79 43 eos
1552 886 147 43 ordinavit
1665 886 68 43 ut
1699 886 170 43 infligendam
1824 886 68 43 pro-

1083 922 95 48 pter
1142 922 142 48 peccatum

1126 949 173 48 DBJICITUR.
1261 949 86 48 Qui
1311 949 160 48 reprobati
1434 949 111 48 sunt,
1508 949 86 48 vel
1558 949 111 48 digni
1632 949 136 48 fuerunt
1731 949 185 48 reprobatio¬

1090 986 75 40 ne,
1133 986 75 40 vel
1176 986 75 40 non
1218 986 106 40 digni.
1293 986 64 40 Si
1325 986 106 40 digni,
1399 986 75 40 tum
1442 986 85 40 Deus
1495 986 138 40 reprobans
1601 986 64 40 ac
1633 986 160 40 praeteriens
1761 986 75 40 eos
1793 986 96 40 specta.

1078 1026 82 41 vit
1125 1026 70 41 in
1160 1026 106 41 illis
1231 1026 164 41 qualitatem
1360 1026 129 41 aliquam
1454 1026 129 41 propter
1548 1026 94 41 quam
1606 1026 176 41 reprobavit;
1747 1026 70 41 Si
1782 1026 82 41 non
1818 1026 70 41 fue-

1084 1051 92 39 runt
1141 1051 103 39 digni
1209 1051 194 39 reprobatione,
1370 1051 80 39 tum
1415 1051 92 39 Deus
1473 1051 80 39 est
1518 1051 137 39 injustus
1621 1051 80 39 qui
1667 1051 80 39 eos
1701 1051 149 39 reprobavit.

1105 1087 125 35 RESE.
1189 1087 195 35 Disjunctio
1342 1087 97 35 non
1397 1087 97 35 est
1453 1087 153 35 ἀυισος:
1564 1087 125 35 datur
1648 1087 111 35 enim
1717 1087 153 35 medium,
1815 1087 83 35 nem-

1099 1125 56 41 e
1121 1125 78 41 aut
1166 1125 89 41 Deus
1221 1125 111 41 libero
1299 1125 78 41 suo
1343 1125 89 41 jure
1399 1125 89 41 usus
1455 1125 78 41 est
1499 1125 78 41 non
1543 1125 133 41 spectata
1643 1125 89 41 ulla
1699 1125 144 41 qualitate
1810 1125 67 41 in
1832 1125 56 41 ho-

1073 1154 150 44 minibus,
1186 1154 63 44 &
1211 1154 150 44 faciendo
1324 1154 75 44 de
1362 1154 88 44 suo
1412 1154 100 44 quod
1475 1154 150 44 volebat.
1588 1154 113 44 Sicut
1663 1154 88 44 Rex
1713 1154 88 44 seu
1763 1154 150 44 Princeps
1863 1154 38 44 &

1088 1189 127 38 subditis
1184 1189 85 38 suis
1237 1189 95 38 alios
1300 1189 106 38 eligit
1374 1189 64 38 ad
1406 1189 117 38 officia
1491 1189 53 38 &
1512 1189 159 38 dignitates,
1639 1189 95 38 alios
1703 1189 148 38 praeterit,
1809 1189 95 38 etiamsi

1084 1221 68 36 ii
1118 1221 91 36 quos
1174 1221 159 36 praeteriit
1299 1221 102 36 nulla
1367 1221 79 36 sua
1412 1221 102 36 culpa
1480 1221 147 36 promeriti
1593 1221 91 36 sint
1650 1221 68 36 ut
1684 1221 91 36 ipsi
1740 1221 79 36 non
1774 1221 125 36 eligeren-

1084 1261 94 37 tur.
1143 1261 82 37 Nec
1190 1261 105 37 ullus
1260 1261 164 37 subditorum
1388 1261 94 37 quos
1447 1261 140 37 Princeps
1552 1261 175 37 praeteriit,
1692 1261 129 37 punitur
1774 1261 117 37 propter-

1090 1291 71 42 ea
1126 1291 95 42 quod
1185 1291 83 42 sit
1233 1291 178 42 praeteritus
1376 1291 59 42 &
1399 1291 83 42 non
1447 1291 131 42 electus
1542 1291 71 42 ad
1578 1291 143 42 officium
1685 1291 59 42 &
1709 1291 167 42 dignitatem
1828 1291 71 42 ali-

1083 1325 105 42 quam:
1153 1325 81 42 sed
1200 1325 70 42 si
1235 1325 116 42 crimen
1316 1325 116 42 laesae
1398 1325 163 42 majestatis
1526 1325 81 42 aut
1572 1325 105 42 aliud
1642 1325 163 42 maleficium
1770 1325 105 42 morte
1828 1325 70 42 ple-

1082 1354 140 51 ctendum
1184 1354 153 51 deinceps
1299 1354 166 51 commisit.

1292 1390 85 63 De
1334 1390 184 63 adiunctis
1462 1390 226 63 reprobationis.

1419 1445 153 61 Thesis
1511 1445 61 61 1.

1120 1486 213 46 Reprobationem
1295 1486 200 46 consequuntur
1457 1486 100 46 tria
1520 1486 150 46 adjuncta
1632 1486 188 46 necessaria,
1770 1486 138 46 privatio-

1089 1530 130 46 gratiae
1184 1530 165 46 salvantis,
1314 1530 142 46 peccata,
1420 1530 59 46 &
1443 1530 142 46 damnatio
1550 1530 130 46 propter
1644 1530 142 46 peccata,
1750 1530 71 46 ac
1786 1530 130 46 proinde
1869 1530 35 46 &

1091 1571 111 47 poenae
1169 1571 156 47 peccatorum
1291 1571 156 47 temporales
1414 1571 100 47 atque
1481 1571 145 47 aeternae.
1592 1571 67 47 1.
1626 1571 89 47 Sam.
1682 1571 67 47 2.
1715 1571 67 47 v.
1737 1571 56 47 25.

1391 1602 172 64 Thesis
1494 1602 86 64 I1.

1119 1662 162 45 Reprobatio
1246 1662 81 45 est
1293 1662 115 45 firma,
1373 1662 208 45 irrevocabilis,
1546 1662 185 45 infallibilis
1696 1662 104 45 atque
1754 1662 150 45 immutabilis

1076 1698 90 41 tum
1127 1698 77 41 ex
1166 1698 115 41 parte
1243 1698 90 41 Dei
1294 1698 205 41 reprobantis,
1461 1698 90 41 tum
1512 1698 77 41 ex
1551 1698 115 41 parte
1628 1698 141 41 hominum
1717 1698 180 41 reprobatorum

1390 1740 168 55 Thesis
1491 1740 101 55 III.

1112 1782 206 55 Reprobationis
1281 1782 109 55 signa
1354 1782 97 55 sunt
1402 1782 85 55 haec:

1108 1821 86 40 I.
1151 1821 172 40 Omnimoda
1280 1821 187 40 denegatio
1423 1821 230 40 beneficiorum
1610 1821 100 40 Dei
1667 1821 115 40 quae
1725 1821 172 40 electionem

1083 1854 162 40 necessario
1211 1854 197 40 consequuntur,
1373 1854 104 40 nempe
1443 1854 162 40 vocationis
1570 1854 162 40 efficacis,
1697 1854 104 40 sidei
1755 1854 151 40 salvificae,

1085 1888 217 39 justificationis
1267 1888 57 39 &
1290 1888 239 39 sanctificationis.
1495 1888 103 39 Illos
1563 1888 91 39 enim
1620 1888 91 39 Deus
1677 1888 171 39 reprobavit,
1803 1888 91 39 quibus

1087 1927 96 31 ista
1147 1927 156 31 beneficia
1267 1927 132 31 penitus
1363 1927 168 31 denegavit,
1495 1927 84 31 qui
1544 1927 132 31 proinde
1640 1927 84 31 non
1688 1927 180 31 obtemperant
1820 1927 84 31 voca-

1081 1954 99 40 tioni
1147 1954 132 40 divinae,
1246 1954 77 40 sed
1290 1954 99 40 illam
1355 1954 154 40 rejiciunt,
1476 1954 110 40 Matth.
1553 1954 77 40 22.
1597 1954 66 40 v.
1630 1954 66 40 3.
1663 1954 55 40 &
1685 1954 176 40 sequentibus:
1827 1954 66 40 Et
1849 1954 55 40 ca.

1090 1989 75 40 23.
1133 1989 75 40 37.
1176 1989 86 40 Joh.
1230 1989 65 40 8.
1262 1989 75 40 47.
1305 1989 75 40 Non
1348 1989 118 40 credunt
1434 1989 65 40 in
1467 1989 129 40 Christum
1564 1989 86 40 fide
1617 1989 151 40 salvifica,
1736 1989 86 40 Joh.
1789 1989 65 40 3.
1822 1989 65 40 v.
1843 1989 54 40 18.

1089 2021 73 34 19,
1130 2021 73 34 20,
1172 2021 73 34 36.
1214 2021 84 34 Joh.
1267 2021 63 34 5.
1298 2021 73 34 40.
1340 2021 52 34 &
1361 2021 84 34 cap.
1413 2021 73 34 10.
1455 2021 73 34 26.
1497 2021 84 34 item
1549 2021 84 34 cap.
1602 2021 73 34 12.
1644 2021 73 34 37.
1686 2021 73 34 non
1727 2021 189 34 justificantur.

1084 2057 80 34 sed
1129 2057 149 34 moriuntur
1244 2057 69 34 in
1279 2057 138 34 peccatis
1382 2057 103 34 suis,
1451 2057 80 34 ira
1497 2057 80 34 Dei
1542 2057 126 34 manente
1634 2057 103 34 super
1703 2057 92 34 eos,
1760 2057 92 34 Joh.
1818 2057 69 34 3.
1841 2057 57 34 36.

1077 2092 61 43 &
1101 2092 98 43 cap.
1163 2092 74 43 6.
1199 2092 74 43 v.
1236 2092 86 43 21,
1285 2092 86 43 24.
1334 2092 86 43 Non
1383 2092 208 43 regenerantur,
1555 2092 86 43 sed
1604 2092 110 43 ruunt
1677 2092 110 43 magis
1751 2092 147 43 magisque
1849 2092 49 43 in

1088 2122 138 35 peccata,
1191 2122 92 35 Rom.
1249 2122 69 35 1.
1283 2122 81 35 24.
1329 2122 58 35 &
1352 2122 104 35 seqq.
1421 2122 104 35 Multi
1490 2122 69 35 ex
1525 2122 104 35 illis
1594 2122 127 35 nunquam
1686 2122 69 35 in
1720 2122 81 35 hac
1766 2122 92 35 vita
1824 2122 58 35 a
1835 2122 69 35 Deo.

1072 2156 187 43 castigantur,
1224 2156 128 43 nunquam
1317 2156 198 43 flagellantur,
1481 2156 82 43 sic
1527 2156 70 43 ut
1562 2156 105 43 etiam
1632 2156 117 43 signum
1714 2156 82 43 sit
1749 2156 140 43 reprobatis

1075 2188 110 39 onis,
1148 2188 134 39 nunquam
1246 2188 61 39 a
1270 2188 85 39 Deo
1319 2188 183 39 flagellari,
1465 2188 110 39 sicut
1538 2188 134 39 contra,
1636 2188 134 39 Dominus
1733 2188 146 39 castigat
1831 2188 73 39 quem

1081 2220 129 39 diligit
1175 2220 59 39 &
1198 2220 164 39 quemcunque
1327 2220 117 39 filium
1409 2220 152 39 agnoscit.
1526 2220 105 39 Hebr.
1597 2220 82 39 12.
1643 2220 70 39 v.
1679 2220 70 39 6,
1714 2220 70 39 7,
1749 2220 70 39 8.
1784 2220 94 39 Quem
1831 2220 70 39 enim

1081 2254 124 36 diligit
1171 2254 136 36 Dominus,
1273 2254 147 36 castigat:
1386 2254 147 36 flagellat
1499 2254 102 36 autem
1567 2254 158 36 quemeunque
1691 2254 113 36 filium
1771 2254 147 36 agnoscit.

1083 2287 62 45 Si
1114 2287 175 45 castigationem
1258 2287 155 45 sustinetis,
1382 2287 82 45 Deus
1433 2287 82 45 sese
1485 2287 93 45 vobis
1547 2287 113 45 exhibet
1629 2287 62 45 ut
1660 2287 113 45 filiis,
1742 2287 82 45 quis
1794 2287 82 45 enim
1835 2287 62 45 est.

1083 2322 104 38 filius
1156 2322 83 38 quem
1208 2322 73 38 non
1249 2322 125 38 castiget
1343 2322 104 38 pater?
1416 2322 83 38 Quod
1468 2322 63 38 si
1500 2322 94 38 estis
1562 2322 104 38 absque
1635 2322 177 38 castigatione,
1781 2322 94 38 cujus
1833 2322 63 38 par-

1079 2355 112 47 ticipes
1160 2355 81 47 sunt
1211 2355 102 47 omnes,
1282 2355 91 47 nempe
1343 2355 163 47 supposititii
1475 2355 102 47 estis,
1546 2355 71 47 non
1577 2355 71 47 filii

1109 2382 88 51 II.
1160 2382 176 51 Excaecatio
1298 2382 63 51 &
1323 2382 163 51 induratio
1449 2382 75 51 in
1486 2382 101 51 malo
1549 2382 88 51 seu
1599 2382 151 51 peccato:
1713 2382 88 51 nam
1750 2382 151 51 reprobatis

1083 2419 178 46 excaecautur
1225 2419 59 46 &
1249 2419 166 46 indurantur
1379 2419 107 46 justo
1451 2419 130 46 judicio
1545 2419 95 46 Dei,
1605 2419 71 46 ut
1640 2419 71 46 in
1676 2419 142 46 peccatis
1770 2419 119 46 perseve-

1085 2460 106 38 pent
1151 2460 66 38 &
1177 2460 159 38 pereant.
1296 2460 145 38 Proinde
1402 2460 185 38 contemnunt
1547 2460 93 38 jus
1600 2460 238 38 primogenitorum
1785 2460 106 38 quorum

1075 2489 115 42 nomina
1155 2489 126 42 scripta
1247 2489 92 42 sunt
1304 2489 69 42 in
1338 2489 126 42 coelis,
1430 2489 69 42 id
1464 2489 92 42 est,
1522 2489 138 42 filiorum
1625 2489 57 42 &
1648 2489 138 42 haeredum
1751 2489 92 42 Dei,
1808 2489 57 42 &
1820 2489 80 42 juri-

1077 2523 92 38 illi
1134 2523 103 38 etiam
1203 2523 161 38 vilissimas
1329 2523 57 38 &
1352 2523 172 38 brevissimas
1490 2523 161 38 voluptates
1617 2523 138 38 corporis
1720 2523 172 38 praeferunt,
1858 2523 69 38 ut

1074 2555 118 41 Esavus
1157 2555 118 41 fecit,
1240 2555 118 41 Genes.
1322 2555 83 41 25.
1369 2555 71 41 v.
1405 2555 83 41 31,
1452 2555 83 41 32,
1499 2555 83 41 33,
1547 2555 83 41 32.
1594 2555 154 41 Opinantur
1712 2555 106 41 omnem
1771 2555 130 41 felicita-

1078 2596 81 46 tem
1124 2596 127 46 nostram
1216 2596 138 46 mortalis
1319 2596 104 46 hujus
1388 2596 104 46 vitae
1457 2596 138 46 terminis
1561 2596 161 46 contineri,
1687 2596 92 46 Gen.
1745 2596 81 46 25.
1791 2596 69 46 v.
1814 2596 58 46 31.

1283 2630 80 56 De
1323 2630 213 56 dissentaneis
1483 2630 213 56 reprobationis.

1106 2685 64 45 A
1132 2685 205 45 reprobatione
1298 2685 141 45 quaedam
1401 2685 192 45 dissentiunt
1554 2685 77 45 ut
1593 2685 141 45 diversa
1695 2685 141 45 tantum,
1785 2685 115 45 quaedam

1071 2718 61 44 ut
1091 2718 111 44 opposita.

1113 2741 71 45 Ut
1149 2741 131 45 diversa
1244 2741 119 45 tantum
1327 2741 178 45 dissentiunt
1470 2741 59 45 a
1494 2741 190 45 reprobatione
1648 2741 71 45 ea
1684 2741 95 45 quae
1743 2741 83 45 cum
1791 2741 95 45 ipsa
1839 2741 59 45 si-

1077 2786 85 40 mul
1125 2786 109 40 stare
1198 2786 133 40 possunt
1294 2786 60 40 &
1318 2786 145 40 reprobis
1427 2786 121 40 quoque
1512 2786 72 40 in
1548 2786 157 40 Scriptura
1669 2786 109 40 Sacra
1741 2786 181 40 tribuuntur,

1085 2819 151 40 cujusmodi
1202 2819 93 40 sunt
1260 2819 128 40 vocatio
1353 2819 128 40 externa
1446 2819 70 40 ad
1481 2819 151 40 Christum,
1598 2819 105 40 fides
1668 2819 151 40 simulata,
1784 2819 93 40 quin
1831 2819 58 40 et-

1079 2850 75 40 iam
1122 2850 75 40 non
1165 2850 129 40 simulata
1262 2850 75 40 sed
1305 2850 162 40 temporaria,
1435 2850 172 40 illuminatio,
1575 2850 108 40 gustus
1650 2850 86 40 doni
1704 2850 108 40 illius
1769 2850 129 40 coelestis,

1075 2882 176 46 participatio
1218 2882 132 46 Spiritu.
1317 2882 121 46 Sancti,
1405 2882 187 46 sanctificatio
1559 2882 77 46 per
1603 2882 143 46 sanguinem
1713 2882 132 46 federis,
1812 2882 55 46 &
1823 2882 66 46 alis

1078 2917 90 45 quae
1134 2917 157 45 recitantur
1258 2917 90 45 Luc.
1314 2917 56 45 8
1336 2917 67 45 v.
1370 2917 79 45 12.
1415 2917 56 45 &
1437 2917 101 45 seqq.
1505 2917 101 45 Hebr.
1572 2917 67 45 6.
1606 2917 67 45 4,
1640 2917 67 45 5.
1673 2917 56 45 &
1696 2917 79 45 cap
1741 2917 79 45 10.
1786 2917 79 45 26,
1831 2917 79 45 29.
1864 2917 34 45 &

1076 2949 67 38 2.
1109 2949 101 38 Petr.
1177 2949 67 38 2.
1210 2949 79 38 20,
1255 2949 79 38 21.
1300 2949 90 38 Item
1356 2949 101 38 fidis
1424 2949 180 38 miraculorum,
1570 2949 101 38 donum
1637 2949 79 38 res
1682 2949 123 38 futuras
1760 2949 135 38 praedicen-

1078 2986 78 40 di,
1122 2986 144 40 persuasio
1233 2986 111 40 aliqua
1311 2986 67 40 de
1345 2986 122 40 aeterno
1433 2986 100 40 amore
1500 2986 89 40 Dei,
1556 2986 89 40 amor
1611 2986 122 40 aliquis
1700 2986 89 40 erga
1756 2986 100 40 Deum,
1811 2986 78 40 timos

1072 3018 74 46 Dei
1115 3018 116 46 aliquis

1105 3038 189 51 Vocationem
1254 3038 162 51 externam
1376 3038 81 51 ad
1416 3038 162 51 Christum
1538 3038 122 51 etiam
1619 3038 81 51 ad
1659 3038 162 51 reprobos
1767 3038 122 51 quosdam

1066 3083 69 41 se
1101 3083 162 41 extendere,
1228 3083 139 41 testatur
1333 3083 150 41 Christus,
1448 3083 116 41 Matth.
1529 3083 81 41 20.
1576 3083 81 41 16.
1622 3083 93 41 quum
1680 3083 93 41 ait,
1738 3083 104 41 multi
1807 3083 104 41 sunt.

1085 3117 126 40 vocati,
1176 3117 103 40 pauci
1245 3117 91 40 vero
1302 3117 126 40 electi;
1393 3117 57 40 &
1416 3117 114 40 Matth.
1496 3117 80 40 22.
1542 3117 69 40 in
1576 3117 137 40 parabola
1679 3117 69 40 de
1713 3117 126 40 vocatis
1805 3117 69 40 ad
1828 3117 57 40 nu-

1090 3151 116 42 ptias:
1172 3151 151 42 confirmat
1288 3151 174 42 praedicatio
1427 3151 151 42 Evangelii
1543 3151 93 42 quod
1602 3151 81 42 non
1648 3151 116 42 tantum
1729 3151 139 42 electis,
1834 3151 81 42 sed

1066 3189 109 37 etiam
1138 3189 145 37 reprohis
1247 3189 193 37 annunciatur.
1404 3189 72 37 ut
1440 3189 145 37 ostendit
1548 3189 145 37 parabola
1657 3189 72 37 de
1693 3189 181 37 quadruplici
1826 3189 72 37 ter-

1081 3221 79 47 ra,
1126 3221 68 47 in
1160 3221 91 47 quam
1217 3221 102 47 semen
1285 3221 102 47 verbi
1353 3221 79 47 Dei
1398 3221 159 47 projicitur
1523 3221 113 47 Matth.
1602 3221 79 47 13.
1648 3221 68 47 3.
1682 3221 57 47 &
1705 3221 170 47 sequentibus
1829 3221 57 47 te
