2063 3396
172 181 120 54 Stella
256 181 96 54 ista
316 181 60 54 e
339 181 108 54 caelo
411 181 120 54 cadens
495 181 84 54 est
543 181 155 54 primarius
662 181 120 54 quidam
746 181 155 54 Episcopus
865 181 84 54 qui
913 181 60 54 a
925 181 60 54 ve-

169 225 69 39 ri
203 225 126 39 Christi
294 225 137 39 Ecclesia
397 225 148 39 discessit
511 225 57 39 &
534 225 137 39 terrenus
637 225 114 39 factus
717 225 80 39 est
762 225 137 39 doctrina
865 225 69 39 ac
888 225 80 39 vita.

179 261 66 37 Et
212 261 89 37 cap.
268 261 66 37 12
301 261 100 37 vers.
367 261 55 37 7
389 261 66 37 Et
423 261 111 37 factum
500 261 78 37 est
544 261 133 37 praelium
644 261 66 37 in
677 261 100 37 caelo
744 261 122 37 Michael
832 261 55 37 &
854 261 111 37 Angeli
921 261 44 37 e-

175 285 76 48 jus
219 285 196 48 praeliabaretur
382 285 76 48 cum
426 285 131 48 dracone,
524 285 55 48 &
546 285 109 48 draeco
623 285 131 48 pugnabat
721 285 55 48 &
743 285 109 48 angeli
819 285 87 48 ejus
874 285 65 48 Et
896 285 65 48 Jes.

167 320 79 43 65.
212 320 101 43 vers.
279 320 79 43 17.
325 320 90 43 Ecce
381 320 79 43 ego
426 320 147 43 creaturus
539 320 79 43 sum
584 320 113 43 caelos
663 320 113 43 novos.
742 320 56 43 &
764 320 90 43 cap.
820 320 79 43 66.
866 320 90 43 vers
911 320 56 43 22.

176 349 186 48 Quemadmodum
325 349 112 48 caeli
399 349 99 48 illi
461 349 99 48 novi
523 349 62 48 &
548 349 112 48 terra
622 349 99 48 ipsa
685 349 99 48 nova
747 349 99 48 quam
809 349 87 48 ego
846 349 124 48 facturus

166 385 95 45 sum,
226 385 167 45 constituta
357 385 95 45 sunt
416 385 107 45 coram
488 385 83 45 me,
535 385 119 45 dictum
619 385 143 45 Iehovae,
726 385 83 45 ita
773 385 179 45 constitutum
904 385 60 45 est

171 423 106 38 semen
242 423 141 38 vestrum,
348 423 59 38 &
372 423 106 38 nomen
442 423 141 38 vestrum.
548 423 94 38 Luc.
607 423 83 38 10.
655 423 71 38 v.
690 423 83 38 18.
737 423 153 38 Spectabam
843 423 118 38 Satanam,

181 454 65 36 ut
214 454 108 36 fulgur
289 454 54 36 e
310 454 97 36 caelo
375 454 140 36 cadentem,
483 454 65 36 id
515 454 86 36 est,
569 454 65 36 ex
601 454 129 36 Ecclesia
698 454 75 36 Dei
741 454 54 36 &
762 454 129 36 cordibus
849 454 118 36 electorum

206 483 110 45 ejectum
286 483 189 45 profligatumque.

206 519 120 39 Eadem
286 519 107 39 voce
352 519 133 39 itidem
445 519 93 39 per
499 519 187 39 metonymiam
645 519 226 39 intelliguntur
818 519 147 39 quandoque

171 554 107 34 nubes
243 554 60 34 &
267 554 96 34 alia
326 554 143 34 meteora,
434 554 72 34 ut
470 554 96 34 quum
529 554 96 34 Deus
589 554 107 34 dicit
661 554 119 34 Levit.
744 554 84 34 26.
792 554 72 34 v.
828 554 84 34 19.
863 554 96 34 reddam

181 580 109 38 caelum
257 580 120 38 vestrum
345 580 120 38 tanquam
432 580 120 38 ferrum,
519 580 65 38 id
552 580 87 38 est,
606 580 98 38 nubes
672 580 76 38 ita
715 580 131 38 solidabo
813 580 65 38 ut
846 580 76 38 non
879 580 76 38 stil-

177 617 100 42 lent
239 617 137 42 pluviam
338 617 75 42 ad
376 617 199 42 foecundandam
525 617 112 42 terram.

212 648 79 35 Per
257 648 170 35 Synecdochen
393 648 91 35 vero
449 648 113 35 totius
529 648 79 35 pro
574 648 113 35 parte,
653 648 147 35 usurpatur
766 648 68 35 in
800 648 113 35 sacris
868 648 102 35 literis

171 685 142 36 interdum
277 685 83 36 pro
325 685 118 36 summa,
407 685 94 36 alta
466 685 71 36 ac
502 685 142 36 gloriosa
608 685 177 36 habitatione
750 685 94 36 Dei,
809 685 71 36 ut
844 685 106 36 Marc.
903 685 59 36 16.

181 710 98 45 v.19.
247 710 120 45 Dominus
334 710 109 45 igitur
410 710 131 45 postquam
509 710 131 45 loquutus
607 710 120 45 fuisset
694 710 87 45 eis,
749 710 109 45 sursum
825 710 131 45 receptus
912 710 55 45 est

182 751 65 30 in
215 751 120 30 caelum:
302 751 131 30 Interdum
400 751 76 30 pro
444 751 120 30 corpore
531 751 87 30 illo
585 751 65 30 in
618 751 76 30 quo
662 751 120 30 stellae
749 751 87 30 sunt
803 751 164 30 collocatae,
923 751 44 30 ut

175 780 100 38 Psal.
241 780 78 38 19.
286 780 66 38 7.
319 780 66 38 Ab
352 780 166 38 extremitate
485 780 133 38 caelorum
585 780 122 38 exortus
673 780 111 38 Solis:
751 780 133 38 Interdum
850 780 78 38 pro
884 780 78 38 aëre,

177 814 67 36 ut
210 814 89 36 quum
266 814 134 36 dicuntur
366 814 134 36 volucres
466 814 100 36 caeli
533 814 89 36 Gen.
589 814 67 36 1.
622 814 67 36 v.
644 814 56 36 26.

204 844 74 47 In
241 844 174 47 praesentia
377 844 199 47 intelligimus
539 844 124 47 caelum
626 844 87 47 tum
675 844 161 47 supremum,
799 844 87 47 tum
836 844 137 47 sidereum:

179 877 97 46 quod
239 877 145 46 utrumque
349 877 109 46 primo
421 877 85 46 die
470 877 61 46 a
494 877 85 46 Deo
542 877 133 46 creatum
627 877 73 46 est.

214 901 64 49 Ac
246 901 64 49 ut
278 901 64 49 de
310 901 106 49 reipsa
385 901 117 49 agatur,
470 901 64 49 de
502 901 96 49 caelo
566 901 117 49 supremo
651 901 149 49 quaeritur,
768 901 85 49 unde
821 901 85 49 ejus
864 901 106 49 cognitio

191 939 136 40 habeatur?
295 939 52 40 &
316 939 104 40 qualis
389 939 84 40 illa
441 939 125 40 cognitio
535 939 84 40 sit?
588 939 63 40 an
619 939 73 40 sit
661 939 104 40 caelum
734 939 94 40 tale?
796 939 84 40 quid
849 939 84 40 sit?
890 939 84 40 quibus

181 972 148 44 nominibus
294 972 171 44 appelletur?
431 972 68 44 an
465 972 80 44 sit
511 972 137 44 creatum?
613 972 68 44 an
647 972 80 44 sit
693 972 68 44 in
727 972 102 44 loco?
795 972 125 44 quantum
886 972 57 44 &
897 972 80 44 quale

188 1008 83 39 sit?
239 1008 62 39 an
271 1008 93 39 extra
333 1008 93 39 illud
395 1008 83 39 Deus
447 1008 83 39 sit?
499 1008 83 39 quem
550 1008 93 39 nobis
612 1008 83 39 usum
664 1008 124 39 praestet
758 1008 83 39 ejus
799 1008 114 39 cognitio?

216 1032 141 48 Cognitio
322 1032 129 48 supremi
416 1032 106 48 caeli
486 1032 129 48 aliunde
580 1032 117 48 haberi
662 1032 82 48 non
709 1032 129 48 potest,
803 1032 94 48 quam
861 1032 70 48 ex
885 1032 82 48 verbo

190 1069 85 41 Dei,
244 1069 75 41 seu
286 1069 64 41 ex
318 1069 85 41 sola
371 1069 160 41 revelatione
499 1069 117 41 divina,
585 1069 85 41 quae
638 1069 75 41 jam
680 1069 64 41 in
712 1069 107 41 sacris
787 1069 117 41 literis
861 1069 107 41 contine-

184 1103 90 43 tur:
240 1103 67 43 ac
274 1103 124 43 proinde
364 1103 135 43 cognitio
465 1103 112 43 illius
544 1103 79 43 non
589 1103 79 43 est
634 1103 157 43 naturalis.
757 1103 112 43 Caelum
836 1103 90 43 enim
881 1103 90 43 supre-

186 1144 87 32 mum
235 1144 87 32 dum
285 1144 75 32 in
323 1144 87 32 hac
373 1144 100 32 vita
435 1144 162 32 versamur,
560 1144 112 32 nulli
634 1144 125 32 nostro
722 1144 162 32 subjectum
846 1144 87 32 est
884 1144 112 32 sensui,

184 1171 94 34 unde
243 1171 153 34 naturalis
361 1171 141 34 cognitio
467 1171 130 34 initium
561 1171 118 34 sumit:
644 1171 106 34 neque
715 1171 130 34 ratione
809 1171 141 34 naturali
903 1171 71 34 per-

190 1205 138 39 cipitur;
294 1205 92 39 quum
352 1205 115 39 nullus
432 1205 92 39 ejus
490 1205 150 39 effectus,
605 1205 92 39 unde
663 1205 127 39 tanquam
755 1205 58 39 a
778 1205 161 39 posteriori
905 1205 69 39 in
928 1205 46 39 e-

194 1237 89 40 jus
245 1237 192 40 cognitionem
399 1237 141 40 perduci
501 1237 153 40 queamus,
616 1237 77 40 ad
654 1237 89 40 nos
706 1237 115 40 usque
782 1237 179 40 pertingat.
910 1237 64 40 Non

188 1270 142 40 prodest
291 1270 77 40 ad
330 1270 206 40 indagationem
497 1270 103 40 ejus
561 1270 167 40 Geometria
690 1270 64 40 &
716 1270 206 40 Arithmetica:
883 1270 90 40 non
922 1270 51 40 O-

195 1302 119 42 ptice,
279 1302 83 42 non
326 1302 215 42 observationes,
505 1302 83 42 non
553 1302 167 42 hypotheses
684 1302 119 42 ullae:
767 1302 83 42 non
815 1302 143 42 Physica,
910 1302 72 42 quum

194 1331 163 38 caelestia
320 1331 138 38 corpora
421 1331 75 38 ex
458 1331 101 38 solo
521 1331 101 38 motu
584 1331 163 38 aspectuve
710 1331 239 38 deprehendantur;
899 1331 75 38 cae-

190 1364 98 39 lum
246 1364 126 39 autem
330 1364 169 39 supremum
457 1364 169 39 immobile
583 1364 112 39 sit,
654 1364 141 39 nullum
752 1364 126 39 motum
836 1364 112 39 sibi
893 1364 84 39 ven-

197 1395 139 37 dicans,
298 1395 114 37 neque
374 1395 88 37 sub
425 1395 151 37 aspectum
538 1395 139 37 nostrum
639 1395 139 37 cadens.
740 1395 114 37 Nihil
816 1395 126 37 igitur
904 1395 76 37 de
930 1395 50 37 eo

199 1430 92 35 scit
257 1430 116 35 humana
338 1430 185 35 Philosophia:
488 1430 116 35 maxime
569 1430 92 35 quum
627 1430 173 35 Aristoteles
766 1430 69 35 in
801 1430 116 35 libris
882 1430 69 35 de
905 1430 69 35 cae-

198 1466 71 32 lo
234 1466 59 32 &
257 1466 106 32 mundo
328 1466 130 32 probet,
422 1466 106 32 extra
493 1466 118 32 caelum
576 1466 189 32 stelliferum,
729 1466 118 32 nullum
811 1466 94 32 esse
870 1466 118 32 corpus
941 1466 59 32 aut

171 1496 115 40 locum.

225 1517 120 46 Caelum
309 1517 156 46 supremum,
428 1517 96 46 quod
488 1517 72 46 ab
524 1517 96 46 aere
584 1517 60 46 &
608 1517 108 46 caelo
680 1517 144 46 stellato
788 1517 168 46 distinctum
907 1517 72 46 est,

192 1561 124 41 revera
278 1561 111 41 esse,
352 1561 161 41 Scriptura
476 1561 111 41 Sacra
550 1561 161 41 testatur.
674 1561 87 41 Nam
723 1561 124 41 Paulus
810 1561 161 41 Apostolus
921 1561 62 41 ait

202 1594 68 36 2.
236 1594 148 36 Corinth.3
350 1594 91 36 vers
407 1594 68 36 2.
441 1594 68 36 se
475 1594 114 36 raptum
555 1594 68 36 in
589 1594 125 36 tertium
680 1594 102 36 usque
748 1594 125 36 caelum:
839 1594 57 36 &
862 1594 114 36 Ephes.
930 1594 46 36 4.

197 1626 100 33 vers.
264 1626 67 33 10
297 1626 112 33 dicit,
375 1626 134 33 Christum
476 1626 167 33 adscendisse
610 1626 100 33 longe
677 1626 100 33 supra
744 1626 100 33 omnes
810 1626 123 33 caelos,
889 1626 100 33 nimirum

190 1657 103 38 hosce
258 1657 195 38 adspectabiles
418 1657 126 38 caelos,
510 1657 103 38 aerem
579 1657 57 38 &
601 1657 114 38 caelum
682 1657 160 38 stellatum.
807 1657 103 38 Plura
865 1657 114 38 testimo-

189 1689 81 41 nia
236 1689 81 41 hic
282 1689 81 41 non
329 1689 105 41 addo,
399 1689 93 41 quia
457 1689 70 41 in
491 1689 174 41 sequentibus
631 1689 198 41 allegabuntur:
794 1689 81 41 sed
828 1689 163 41 definitionem

197 1722 87 49 ejus
241 1722 120 49 subjicio.

228 1756 154 39 CAELUM
335 1756 200 39 SUPREMUM,
489 1756 107 39 est
550 1756 200 39 expansum,
704 1756 169 39 extimum
826 1756 138 39 illum
903 1756 77 39 hu-

200 1786 88 38 jus
251 1786 213 38 universitatis
426 1786 138 38 ambitum
526 1786 238 38 circumplectens,
727 1786 225 38 gloriosissimum
902 1786 75 38 Dei,

205 1820 193 32 sanctorum
354 1820 193 32 Angelorum
503 1820 74 32 &
533 1820 164 32 hominum
652 1820 179 32 beatorum
771 1820 208 32 habitaculum.

205 1851 78 38 Huc
249 1851 133 38 pertinet
349 1851 78 38 quo
393 1851 122 38 dicitur
482 1851 111 38 Psalm.
560 1851 89 38 113.
615 1851 100 38 vers.
682 1851 67 38 5.
715 1851 89 38 Quis
770 1851 78 38 est
815 1851 78 38 par
859 1851 122 38 Iehovae
937 1851 55 38 Deo

208 1883 122 33 nostro,
297 1883 78 33 qui
341 1883 67 33 in
375 1883 156 33 altissimis
497 1883 133 33 habitat?
597 1883 145 33 Deuteron.
708 1883 78 33 26.
753 1883 89 33 vers
808 1883 78 33 15.
853 1883 133 33 Prospice
942 1883 44 33 ex

200 1915 139 42 habitaculo
309 1915 149 42 sanctitatis
428 1915 79 42 tuae
478 1915 50 42 e
497 1915 109 42 caelis:
577 1915 50 42 &
596 1915 59 42 1.
626 1915 79 42 Reg.
676 1915 59 42 7.
705 1915 89 42 vers.
765 1915 69 42 30,
805 1915 129 42 Auscultes
904 1915 59 42 in
923 1915 50 42 lo-

197 1949 63 36 co
229 1949 169 36 habitationis
366 1949 84 36 tuae
419 1949 63 36 in
451 1949 116 36 caelis.
535 1949 106 36 Matth.
609 1949 74 36 18.
651 1949 95 36 vers.
715 1949 74 36 10.
757 1949 106 36 Videte
831 1949 63 36 ne
852 1949 137 36 contemnatis

207 1977 113 38 aliquem
289 1977 62 38 ex
320 1977 103 38 parvis
392 1977 103 38 istis:
464 1977 82 38 dico
516 1977 82 38 enim
567 1977 103 38 vobis,
639 1977 113 38 Angelos
722 1977 93 38 eorum
783 1977 62 38 in
814 1977 103 38 caelis
886 1977 72 38 per
917 1977 62 38 omne

202 2010 112 41 tempus
280 2010 123 41 intueri
370 2010 112 41 faciem
448 2010 112 41 Patris
527 2010 78 41 mei
571 2010 78 41 qui
616 2010 67 41 in
650 2010 101 41 calis
717 2010 90 41 est.
773 2010 112 41 Johan.
852 2010 78 41 14.
885 2010 101 41 versic.

205 2042 88 38 2,3.
260 2042 66 38 In
293 2042 88 38 domo
348 2042 110 38 Patris
425 2042 77 38 mei
469 2042 176 38 habitationes
611 2042 110 38 multae
688 2042 99 38 sunt:
754 2042 121 38 alioqui
842 2042 132 38 dixissem
930 2042 55 38 vo-

200 2076 88 38 bis:
255 2076 164 38 Proficiscor
386 2076 142 38 paraturus
496 2076 98 38 vobis
561 2076 109 38 locum:
638 2076 55 38 &
660 2076 88 38 quum
714 2076 142 38 profectus
824 2076 98 38 fuero
889 2076 55 38 &
900 2076 77 38 para-

1.0153845E7 9.999999E6 -1.230769E6 -9.999999E6 vero
9.384614E6 9.999999E6 -1.384615E6 -9.999999E6 vobis
8.461538E6 9.999999E6 -1.538461E6 -9.999999E6 locum,
7.384615E6 9.999999E6 -1.538461E6 -9.999999E6 rursum
6.307692E6 9.999999E6 -1.692308E6 -9.999999E6 veniam,
5.076923E6 9.999999E6 -769231 -9.999999E6 &
4.76923E6 9.999999E6 -1.692308E6 -9.999999E6 assumam
3.538461E6 9.999999E6 -1.076923E6 -9.999999E6 vos
2.923077E6 9.999999E6 -923077 -9.999999E6 ad
2.461538E6 9.999999E6 -1.846154E6 -9.999999E6 meipsum:
1.076923E6 9.999999E6 -923077 -9.999999E6 ut
769231 9.999999E6 -769231 -9.999999E6 ubi

199 2106 97 52 vero
260 2106 109 52 vobis
332 2106 121 52 locum,
417 2106 121 52 rursum
502 2106 134 52 veniam,
599 2106 61 52 &
624 2106 134 52 assumam
721 2106 85 52 vos
769 2106 73 52 ad
806 2106 146 52 meipsum:
915 2106 73 52 ut
939 2106 61 52 ubi

203 2141 66 48 ego
240 2141 75 48 ero,
287 2141 47 48 &
306 2141 66 48 vos
334 2141 75 48 sitis.

230 2171 131 41 NOMINA
322 2171 118 41 habet
400 2171 131 41 multa,
492 2171 105 41 quae
557 2171 92 41 vel
609 2171 157 41 expresse
727 2171 144 41 exstant
832 2171 79 41 in
858 2171 131 41 Scriptu-

201 2203 70 44 ra
236 2203 117 44 Sacra,
318 2203 82 44 vel
365 2203 70 44 ex
400 2203 70 44 ea
435 2203 175 44 deducuntur:
575 2203 70 44 in
610 2203 152 44 Scriptura
726 2203 140 44 expresse
831 2203 140 44 duplicia
925 2203 58 44 no-

213 2241 93 39 nina
271 2241 93 39 ejus
329 2241 162 39 occurrunt,
457 2241 127 39 propria
549 2241 58 39 &
572 2241 139 39 tropica.
676 2241 127 39 Prioris
769 2241 127 39 generis
862 2241 104 39 sunt,
920 2241 69 39 ter-

210 2278 93 31 tium
268 2278 128 31 caelum,
361 2278 116 31 caelum
442 2278 151 31 caelorum,
558 2278 128 31 templum
651 2278 93 31 Dei.
709 2278 128 31 Tertium
802 2278 116 31 caelum
872 2278 104 31 nomina-

212 2307 69 39 ur
246 2307 69 39 I.
280 2307 137 39 Corinth.
383 2307 80 39 12.
429 2307 69 39 v.
463 2307 69 39 2.
497 2307 137 39 respectu
600 2307 114 39 duorum
680 2307 137 39 aliorum,
783 2307 103 39 nempe
852 2307 103 39 caeli
909 2307 80 39 stel-

201 2335 94 39 lati
260 2335 58 39 &
283 2335 117 39 aeris.
365 2335 117 39 Caelum
447 2335 140 39 caelorum
552 2335 164 39 nuncupatur
681 2335 152 39 Deuteron.
798 2335 82 39 10.
845 2335 129 39 versic.
927 2335 58 39 14.

205 2368 54 43 &
227 2368 65 43 I.
259 2368 76 43 Reg
302 2368 65 43 8.
335 2368 97 43 vers.
399 2368 76 43 27.
443 2368 108 43 Psalm.
518 2368 86 43 115.
572 2368 97 43 vers.
637 2368 76 43 16.
680 2368 86 43 quia
734 2368 140 43 sublimius
842 2368 76 43 est
874 2368 108 43 caeteris

205 2401 120 41 caelis.
292 2401 120 41 Templum
379 2401 76 41 Dei
423 2401 120 41 dicitur
510 2401 98 41 Psal.
575 2401 98 41 11.4.
640 2401 54 41 &
662 2401 98 41 18.7.
727 2401 87 41 quia
781 2401 54 41 e
803 2401 98 41 caelo
868 2401 87 41 Deus
912 2401 76 41 omnia

209 2434 111 43 tuetur
286 2434 55 43 &
297 2434 89 43 videt.

239 2456 140 51 Tropica
341 2456 127 51 nomina
430 2456 127 51 illius
518 2456 114 51 plura
595 2456 178 51 occutrunt:
734 2456 114 51 eaque
810 2456 89 51 vel
848 2456 140 51 metonymi-

204 2493 75 39 ca
241 2493 87 39 vel
291 2493 199 39 metaphorica,
453 2493 87 39 vel
502 2493 212 39 Synecdochica.
677 2493 174 39 Metonymice
814 2493 137 39 vocatur
901 2493 87 39 Para-

204 2532 102 38 disus,
275 2532 92 38 Lucae
336 2532 71 38 23.
377 2532 92 38 vers.
438 2532 71 38 42.
479 2532 61 38 2.
510 2532 122 38 Corinth.
602 2532 71 38 12.
642 2532 61 38 v.
673 2532 61 38 4.
704 2532 133 38 Ierusalem
806 2532 82 38 quae
857 2532 102 38 sursum
918 2532 61 38 est,

213 2561 101 38 Galat.
284 2561 61 38 4.
314 2561 91 38 vers.
374 2561 71 38 26.
415 2561 131 38 Ierusalem
516 2561 131 38 caelestis
617 2561 91 38 Hebr.
677 2561 61 38 12
707 2561 91 38 vers.
768 2561 71 38 22.
808 2561 81 38 mons
859 2561 91 38 Sion,
919 2561 81 38 ibi¬

211 2592 85 39 dem.
265 2592 149 39 Sacrarium.
382 2592 96 39 Hebr.
445 2592 64 39 9.
477 2592 106 39 versic
552 2592 74 39 12.
594 2592 128 39 Christus
690 2592 138 39 ingressus
796 2592 74 39 est
839 2592 96 39 semel
903 2592 64 39 in
924 2592 53 39 Sa-

209 2632 135 34 crarium,
310 2632 56 34 &
332 2632 112 34 capite
411 2632 79 34 10.
456 2632 67 34 v.
490 2632 67 34 9.
523 2632 90 34 Quum
579 2632 124 34 igitur,
669 2632 135 34 fratres,
770 2632 135 34 habeamus
860 2632 135 34 libertatem

206 2656 174 43 ingrediendi
346 2656 151 43 Sacrarium
462 2656 81 43 per
508 2656 151 43 sanguinem
624 2656 104 43 Iesu.
693 2656 81 43 Nam
740 2656 151 43 Paradisus
844 2656 151 43 terrestris,

204 2690 96 40 urbs
264 2690 168 40 Jerusalem,
396 2690 96 40 mons
455 2690 108 40 Sion,
527 2690 156 40 Sacrarium
647 2690 120 40 templi
731 2690 227 40 Jerosolymitani,
910 2690 72 40 fue-

206 2727 86 44 runt
260 2727 86 44 typi
314 2727 97 44 caeli
368 2727 108 44 supremi.

250 2750 171 48 Metaphorica
387 2750 114 48 nomina
467 2750 126 48 supremi
558 2750 103 48 caeli
627 2750 103 48 sunt;
695 2750 103 48 domus
764 2750 114 48 Patris
844 2750 137 48 Christi,
935 2750 57 48 Jo-

218 2789 90 37 han.
274 2789 79 37 14.
319 2789 68 37 2.
353 2789 169 37 habitaculum
489 2789 169 37 sanctitatis
624 2789 90 37 Dei,
681 2789 147 37 Deuteron.
794 2789 68 37 26
828 2789 102 37 vers.
895 2789 68 37 15
918 2789 79 37 locus

219 2823 167 37 habitationis
354 2823 125 37 Iehovae,
448 2823 94 37 Psal.
511 2823 63 37 33
542 2823 84 37 ver.
594 2823 73 37 14.
636 2823 94 37 Sinus
699 2823 136 37 Abrahami,
803 2823 84 37 Luc.
855 2823 73 37 16.
897 2823 84 37 vers
939 2823 52 37 22.

219 2855 83 35 Sic
267 2855 95 35 enim
326 2855 130 35 vocatur
421 2855 107 35 locus
492 2855 154 35 exoptatae
610 2855 130 35 quietis
705 2855 59 35 &
729 2855 190 35 beatitudinis
883 2855 59 35 a
906 2855 83 35 Deo
942 2855 59 35 de-

211 2887 149 41 stinatus
323 2887 75 41 ac
360 2887 137 41 paratus
460 2887 149 41 Abrahamo
572 2887 112 41 patri
646 2887 187 41 credentium,
796 2887 62 41 &
821 2887 137 41 omnibus
908 2887 87 41 illis

208 2923 78 37 qui
252 2923 144 37 insistunt
363 2923 144 37 vestigiis
474 2923 100 37 fidei
541 2923 144 37 Abrahami.
652 2923 189 37 Similitudinis
807 2923 100 37 ratio
874 2923 89 37 est;
918 2923 67 37 Sic-

211 2955 67 39 ut
244 2955 101 39 filii
312 2955 146 39 laboribus
424 2955 124 39 diurnis
514 2955 101 39 fessi
582 2955 79 39 aut
627 2955 67 39 ex
661 2955 202 39 peregrinatione
829 2955 101 39 domum
886 2955 112 39 paternam

212 2994 114 36 reversi
295 2994 104 36 veluti
367 2994 62 36 in
398 2994 93 36 sinum
460 2994 104 36 patris
533 2994 166 36 suscipiuntur
668 2994 62 36 ut
699 2994 145 36 quiescant:
813 2994 73 36 ita
854 2994 124 36 fideles,
937 2994 52 36 qui

214 3022 142 34 vestigiis
323 3022 98 34 fidei
388 3022 131 34 Abrahami
486 3022 152 34 insistunt,
606 3022 87 34 post
660 3022 120 34 labores
748 3022 98 34 hujus
813 3022 152 34 aerumnosae
922 3022 76 34 vitae

209 3049 56 34 &
231 3049 123 34 peracta
321 3049 101 34 hujus
388 3049 101 34 vitae
456 3049 202 34 peregrinatione
624 3049 67 34 ab
657 3049 123 34 Angelis
747 3049 123 34 sanctis
837 3049 67 34 in
871 3049 112 34 caelum
938 3049 56 34 as-

219 3082 152 43 portantur
336 3082 58 43 &
360 3082 105 43 velut
430 3082 70 43 in
465 3082 105 43 sinum
535 3082 70 43 ab
570 3082 140 43 Abrahamo
675 3082 199 43 suscipiuntur,
839 3082 82 43 dum
886 3082 70 43 in
909 3082 82 43 caelo

213 3120 127 34 tanquam
306 3120 69 34 in
340 3120 150 34 tutissimo
456 3120 92 34 loco
513 3120 58 34 a
537 3120 150 34 laboribus
652 3120 92 34 suis
710 3120 150 34 quiescunt
825 3120 58 34 &
848 3120 69 34 in
883 3120 104 34 veram
940 3120 58 34 pa-

220 3153 92 41 riam
278 3153 185 41 pervenerunt,
428 3153 81 41 ubi
474 3153 127 41 aeterna
567 3153 173 41 beatitudine
705 3153 58 41 &
728 3153 162 41 praesentia
855 3153 81 41 Dei
890 3153 104 41 perfru

994 181 119 47 untur.
1077 181 107 47 Sinus
1149 181 143 47 Abrahami
1256 181 83 47 est
1303 181 71 47 in
1339 181 119 47 caelo,
1422 181 71 47 ut
1458 181 107 47 patet
1529 181 71 47 ex
1564 181 119 47 Matth.
1648 181 59 47 8
1671 181 71 47 v.
1707 181 83 47 11.
1743 181 71 47 quum

1011 224 86 38 sit
1060 224 110 38 locus
1133 224 147 38 quietis,
1244 224 74 38 in
1281 224 98 38 quem
1342 224 159 38 sanctorum
1465 224 123 38 animae
1550 224 172 38 deveniunt:
1685 224 86 38 non
1722 224 86 38 autem

1005 259 72 34 in
1041 259 144 34 inferno.
1149 259 96 34 Unde
1209 259 168 34 Augustinus
1341 259 84 34 ait
1389 259 144 34 epistola
1498 259 228 34 nonagesimanona,
1690 259 96 34 quae
1738 259 60 34 est

1013 292 62 33 ad
1044 292 125 33 Evodium:
1138 292 73 33 Non
1179 292 104 33 utique
1252 292 94 33 sinus
1315 292 83 33 ille
1367 292 125 33 Abrahae,
1460 292 62 33 id
1492 292 83 33 est,
1544 292 125 33 secretae
1637 292 125 33 cujusdam
1731 292 94 33 quie¬

1015 324 77 38 tis
1059 324 153 38 habitatio,
1179 324 110 38 aliqua
1256 324 88 38 pars
1311 324 142 38 inferorum
1420 324 88 38 esse
1475 324 131 38 credenda
1574 324 88 38 est:
1629 324 131 38 quanquam
1727 324 66 38 in
1749 324 55 38 his

1015 351 95 43 ipsis
1079 351 95 43 tanti
1142 351 105 43 verbis
1215 351 137 43 magistri,
1321 351 74 43 ibi
1363 351 74 43 ait
1405 351 116 43 dixisse
1489 351 116 43 Abraam,
1573 351 95 43 inter
1637 351 74 43 nos
1679 351 53 43 &
1700 351 74 43 vos
1731 351 74 43 chaos

1011 384 116 43 magnum
1093 384 140 43 firmatum
1197 384 93 43 est,
1256 384 105 43 satis
1325 384 70 43 ut
1360 384 116 43 opinor
1442 384 140 43 appareat
1546 384 81 43 non
1593 384 93 43 esse
1651 384 128 43 quandam
1732 384 70 43 par-

1011 421 81 42 tem
1058 421 58 42 &
1081 421 104 42 quasi
1150 421 127 42 membrum
1243 421 150 42 inferorum
1359 421 116 42 tantae
1440 421 116 42 illius
1521 421 174 42 felicitatis
1660 421 116 42 sinum.
1729 421 81 42 Chaos

1005 457 93 37 enim
1064 457 128 37 magnum,
1157 457 93 37 quid
1215 457 82 37 est
1262 457 93 37 nisi
1320 457 117 37 quidam
1402 457 128 37 hiatus,
1495 457 117 37 multum
1577 457 70 37 ea
1611 457 152 37 separans,
1716 457 82 37 inter

1003 487 91 41 quae
1059 487 79 41 non
1105 487 102 41 solum
1173 487 91 41 est,
1230 487 102 41 verum
1298 487 102 41 etiam
1366 487 136 41 firmatus
1457 487 68 41 est?

1044 509 152 46 Nominatur
1161 509 105 46 etiam
1231 509 128 46 civitas
1324 509 82 46 Dei
1371 509 140 46 viventis
1476 509 93 46 Heb.
1534 509 82 46 12.
1581 509 70 46 22
1616 509 128 46 civitas
1709 509 93 46 illa
1756 509 58 46 ha-

1010 544 96 47 bens
1070 544 180 47 fundamenta,
1214 544 108 47 cujus
1286 544 132 47 artifex
1382 544 60 47 &
1406 544 144 47 conditor
1513 544 84 47 est
1561 544 96 47 Deus
1621 544 96 47 Heb.
1681 544 84 47 11.
1729 544 72 47 v.
1753 544 60 47 10.

1013 582 128 42 Dicitur
1106 582 58 42 &
1130 582 116 42 patria
1211 582 140 42 respectu
1316 582 116 42 terrae
1397 582 70 42 in
1432 582 81 42 qua
1478 582 105 42 certe
1548 582 151 42 peregrini
1664 582 105 42 sumus
1734 582 58 42 &
1746 582 58 42 ad-

1015 621 107 37 venae.
1090 621 86 37 Etsi
1144 621 86 37 enim
1197 621 64 37 in
1230 621 107 37 terris
1305 621 182 37 uniuscujusque
1454 621 107 37 patria
1529 621 118 37 dicitur
1615 621 64 37 in
1647 621 75 37 qua
1690 621 86 37 quis
1733 621 75 37 natus

1008 651 81 35 est:
1059 651 92 35 tamen
1120 651 122 35 fidelib.
1211 651 81 35 alia
1262 651 61 35 ac
1293 651 102 35 potior
1364 651 71 35 est
1405 651 112 35 patria,
1486 651 92 35 nempe
1547 651 143 35 caelestis,
1659 651 92 35 sicut
1710 651 92 35 legitur

1015 682 91 35 Heb.
1072 682 80 35 11.
1117 682 68 35 v.
1151 682 80 35 13,
1197 682 80 35 14.
1243 682 137 35 Secundum
1345 682 103 35 fidem
1414 682 114 35 mortui
1494 682 91 35 sunt
1551 682 91 35 isti
1608 682 114 35 omnes,
1688 682 80 35 non
1722 682 91 35 adepti

1015 714 139 38 promissa,
1122 714 75 38 sed
1165 714 107 38 eminus
1240 714 64 38 ea
1272 714 150 38 conspicati
1390 714 128 38 postquam
1486 714 96 38 ipsis
1550 714 128 38 fuissent
1647 714 139 38 persuasa,
1754 714 53 38 &
1764 714 43 38 ea

1013 750 117 35 amplexi
1099 750 139 35 fuissent,
1205 750 64 35 ac
1237 750 85 35 sese
1291 750 128 35 professi
1387 750 149 35 peregrinos
1504 750 53 35 &
1525 750 117 35 advenas
1610 750 85 35 esse
1664 750 64 35 in
1696 750 107 35 terra.
1760 750 53 35 Nam

1012 779 76 42 qui
1055 779 86 42 haec
1109 779 119 42 dicunt,
1196 779 97 42 palam
1260 779 151 42 ostendunt,
1379 779 65 42 se
1412 779 119 42 patriam
1498 779 140 42 quaerere.
1606 779 86 42 Quod
1660 779 65 42 si
1692 779 108 42 illius
1757 779 54 42 me-

996 817 103 33 mores
1064 817 137 33 fuissent
1167 817 69 33 ex
1202 817 80 33 qua
1247 817 149 33 exierant,
1362 817 114 33 habere
1442 817 137 33 poterant
1545 817 114 33 tempus
1625 817 69 33 ad
1648 817 160 33 revertendum:

1009 845 67 37 At
1042 845 78 37 qui
1087 845 133 37 potiorem
1186 845 144 37 expetunt,
1297 845 78 37 hoc
1341 845 89 37 est,
1397 845 155 37 caelestem:
1519 845 155 37 quapropter
1641 845 89 37 Deum
1696 845 78 37 non
1729 845 78 37 pudet

1005 875 104 36 eorum
1075 875 69 36 id
1109 875 92 36 est,
1167 875 173 36 cognominari
1305 875 92 36 Deus
1363 875 115 36 eorum,
1444 875 150 36 paraverat
1559 875 92 36 enim
1617 875 81 36 eis
1652 875 92 36 urbem.

1054 906 86 40 Per
1103 906 184 40 Synecdochen
1250 906 122 40 caelum
1335 906 147 40 supremum
1446 906 147 40 nominari
1556 906 110 40 solet
1629 906 122 40 caelum
1703 906 110 40 simpli-

1024 937 100 41 citer
1091 937 56 41 &
1113 937 112 41 absque
1191 937 156 41 additione,
1314 937 67 41 ad
1347 937 156 41 denotandam
1470 937 100 41 caeli
1537 937 112 41 illius
1615 937 190 41 excellentiam,
1771 937 67 41 ut

1028 974 98 35 Acto.
1094 974 66 35 3.
1127 974 66 35 v.
1159 974 77 35 21.
1203 974 88 35 Quem
1258 974 120 35 oportet
1345 974 109 35 quidem
1422 974 109 35 caelum
1499 974 109 35 capiat
1575 974 98 35 usque
1641 974 120 35 tempora
1717 974 88 35 resti-

1020 1007 142 36 tutionis
1127 1007 130 36 omnium.
1221 1007 154 36 Nominatur
1340 1007 71 36 τὸ
1375 1007 106 36 ὕψος,
1446 1007 118 36 Altum,
1529 1007 154 36 Excelsum,
1647 1007 71 36 ob
1683 1007 95 36 loci
1730 1007 71 36 sub-

1018 1036 149 40 limitatem.
1135 1036 85 40 Luc.
1188 1036 74 40 24.
1231 1036 74 40 49.
1273 1036 85 40 Eph.
1327 1036 64 40 4.
1359 1036 64 40 8.
1390 1036 85 40 Item
1444 1036 96 40 alta,
1507 1036 117 40 ὕψιστα,
1592 1036 149 40 altissima,
1699 1036 106 40 excelsa;

1027 1072 65 35 Ps
1060 1072 65 35 7.
1092 1072 65 35 v.
1125 1072 54 35 8
1146 1072 65 35 In
1179 1072 97 35 altum
1244 1072 152 35 revertere,
1363 1072 87 35 Luc.
1417 1072 65 35 2.
1450 1072 65 35 v.
1482 1072 76 35 14.
1525 1072 108 35 Gloria
1601 1072 65 35 in
1634 1072 152 35 altissimis
1742 1072 65 35 Deo.

1028 1103 82 43 Heb.
1079 1103 62 43 1.
1110 1103 62 43 v.
1141 1103 62 43 3.
1172 1103 123 43 Christus
1264 1103 92 43 sedet
1326 1103 62 43 ad
1357 1103 123 43 dexteram
1449 1103 144 43 majestatis
1562 1103 103 43 illius
1634 1103 62 43 in
1655 1103 164 43 excelsissimis.

1047 1138 97 34 Haec
1107 1138 60 34 &
1131 1138 133 34 similia
1228 1138 121 34 nomina
1312 1138 145 34 expresse
1421 1138 72 34 in
1457 1138 157 34 Scriptura
1578 1138 109 34 Sacra
1650 1138 145 34 exstant.
1747 1138 72 34 Alia

1017 1171 124 41 nomina
1103 1171 173 41 deducuntur
1239 1171 99 41 bona
1301 1171 198 41 consequentia
1462 1171 74 41 ex
1499 1171 173 41 Scriptura:
1635 1171 74 41 ut
1672 1171 87 41 cum
1709 1171 99 41 appel-

1025 1200 102 43 latur
1092 1200 113 43 caelum
1171 1200 135 43 supremum
1273 1200 135 43 respectu
1375 1200 124 43 aliorum
1465 1200 135 43 caelorum
1567 1200 79 43 qui
1612 1200 158 43 inferiores
1736 1200 102 43 sunt:

1029 1236 86 32 nam
1078 1236 110 32 supra
1151 1236 98 32 hunc
1213 1236 159 32 visibilem
1335 1236 123 32 mundum
1421 1236 135 32 occupat
1519 1236 123 32 summum
1605 1236 123 32 locum:
1678 1236 135 32 caelestes

1024 1265 103 39 sedes
1092 1265 69 39 ab
1127 1265 126 39 August.
1218 1265 92 39 lib.
1276 1265 80 39 22.
1321 1265 69 39 de
1356 1265 137 39 Civitate
1459 1265 92 39 Dei,
1516 1265 92 39 cap.
1573 1265 69 39 4.
1608 1265 115 39 caelum
1688 1265 137 39 beatorum
1780 1265 34 39 a

1032 1296 169 37 Theologis
1162 1296 143 37 omnibus
1266 1296 195 37 communiter:
1422 1296 130 37 Caelum
1512 1296 156 37 Empyreum
1629 1296 91 37 aut
1668 1296 143 37 Empyrium,

1032 1337 69 41 id
1067 1337 93 41 est,
1125 1337 127 41 igneum,
1218 1337 69 41 eo
1252 1337 93 41 quod
1310 1337 197 41 admirabiliter
1472 1337 81 41 sit
1518 1337 139 41 lucidum,
1622 1337 58 41 &
1645 1337 150 41 fulgidum,
1750 1337 69 41 quia

1025 1365 67 44 1.
1058 1365 89 44 Tim.
1114 1365 67 44 6.
1147 1365 78 44 15.
1191 1365 133 44 legitur,
1291 1365 89 44 quod
1346 1365 89 44 Deus
1402 1365 122 44 habitat
1490 1365 100 44 lucem
1546 1365 144 44 inaccessam.

1173 1402 133 57 Tantum
1266 1402 80 57 de
1306 1402 173 57 nominibus
1439 1402 146 57 supremi
1545 1402 133 57 caeli.

1066 1452 80 49 Jam
1111 1452 161 49 quaeritur,
1238 1452 69 49 An
1272 1452 115 49 caelum
1353 1452 138 49 supremum
1456 1452 80 49 seu
1502 1452 138 49 beatorum
1605 1452 80 49 sit
1651 1452 92 49 Deus
1709 1452 103 49 ipse?
1766 1452 69 49 Sunt

1029 1487 86 42 qui
1078 1487 183 42 contendunt,
1224 1487 110 42 supra
1298 1487 110 42 nonam
1371 1487 147 42 sphaeram
1481 1487 122 42 nullum
1566 1487 110 42 aliud
1640 1487 98 42 esse
1701 1487 134 42 caelum,
1786 1487 49 42 in

1038 1526 81 37 quo
1085 1526 81 37 vel
1131 1526 81 37 jam
1177 1526 81 37 sit
1223 1526 115 37 corpus
1304 1526 127 37 Christi
1396 1526 58 37 &
1419 1526 115 37 sancti
1500 1526 115 37 Angeli
1581 1526 69 37 ac
1616 1526 104 37 beati
1685 1526 139 37 spiritus
1777 1526 58 37 ho-

1027 1555 110 43 minum
1100 1555 172 43 sanctorum,
1235 1555 86 43 vel
1284 1555 123 43 futuri
1370 1555 98 43 sint
1431 1555 135 43 homines
1529 1555 98 43 post
1591 1555 98 43 hanc
1652 1555 123 43 vitam:
1738 1555 74 43 ac
1762 1555 74 43 pro-

1030 1589 96 44 inde
1090 1589 120 44 caelum
1174 1589 108 44 illud
1247 1589 72 44 in
1283 1589 84 44 quo
1331 1589 84 44 jam
1379 1589 84 44 est
1427 1589 144 44 Christus
1535 1589 132 44 corpore
1631 1589 84 44 suo
1680 1589 60 44 &
1704 1589 72 44 in
1740 1589 84 44 quo
1776 1589 60 44 nos

1033 1621 122 35 erimus
1118 1621 98 35 post
1179 1621 98 35 hanc
1240 1621 122 35 vitam,
1325 1621 98 35 esse
1386 1621 110 35 ipsum
1459 1621 110 35 Deum.
1533 1621 110 35 Istud
1606 1621 134 35 probare
1703 1621 146 35 conantur

1026 1655 72 38 ex
1062 1655 72 38 eo
1098 1655 96 38 quod
1157 1655 155 38 Apostolus
1277 1655 119 38 Paulus
1360 1655 84 38 ait
1408 1655 72 38 1.
1444 1655 96 38 Cor.
1504 1655 84 38 15.
1551 1655 84 38 20.
1599 1655 96 38 Deum
1659 1655 131 38 futurum
1742 1655 84 38 omnia

1028 1686 77 44 in
1067 1686 154 44 omnibus.
1195 1686 77 44 At
1233 1686 103 44 hinc
1297 1686 90 44 non
1349 1686 167 44 sequitur,
1477 1686 128 44 caelum
1567 1686 154 44 beatorum
1682 1686 103 44 esse
1733 1686 90 44 ipsum

1032 1720 107 36 Deum:
1103 1720 95 36 quia
1163 1720 119 36 caelum
1246 1720 83 36 non
1293 1720 83 36 est
1341 1720 83 36 nec
1388 1720 95 36 erit
1448 1720 71 36 in
1483 1720 131 36 corpore
1578 1720 143 36 Christi,
1685 1720 71 36 in
1709 1720 107 36 Angelis

1030 1752 124 41 sanctis
1120 1752 56 41 &
1142 1752 113 41 beatis
1221 1752 158 41 hominibus,
1345 1752 79 41 sed
1391 1752 113 41 corpus
1469 1752 135 41 Christi,
1571 1752 113 41 Angeli
1650 1752 113 41 sancti
1729 1752 56 41 &
1740 1752 79 41 beati

1023 1783 134 37 homines
1120 1783 97 37 sunt
1181 1783 61 37 &
1205 1783 109 37 erunt
1278 1783 73 37 in
1314 1783 122 37 caelo.
1400 1783 122 37 Deinde
1485 1783 122 37 Paulus
1570 1783 85 37 non
1618 1783 109 37 docet
1691 1783 85 37 his
1728 1783 109 37 verbis,

1029 1819 135 39 quodnam
1127 1819 86 39 sit
1176 1819 122 39 caelum
1261 1819 159 39 beatorum,
1384 1819 86 39 sed
1433 1819 135 39 quaenam
1531 1819 122 39 futura
1617 1819 86 39 sit
1666 1819 159 39 beatitudo
1776 1819 61 39 Ec-

1032 1857 141 36 clesiae
1135 1857 141 36 Christi
1237 1857 102 36 post
1301 1857 192 36 universalem
1454 1857 230 36 resurrectionem
1646 1857 128 36 omnium
1723 1857 115 36 hominum

1027 1883 73 35 ex
1063 1883 133 35 mortuis
1160 1883 60 35 &
1184 1883 181 35 adductionem
1329 1883 157 35 Ecclesiae
1450 1883 133 35 Christi
1547 1883 73 35 ad
1583 1883 133 35 Patrem.
1680 1883 97 35 Deus
1740 1883 97 35 erit
1789 1883 48 35 o-

1029 1914 92 38 mnia
1087 1914 69 38 in
1122 1914 138 38 omnibus,
1225 1914 69 38 id
1260 1914 92 38 est,
1318 1914 150 38 resignato
1433 1914 81 38 per
1479 1914 115 38 Filium
1560 1914 104 38 regno
1629 1914 173 38 Mediatorio,
1756 1914 69 38 Deus

1045 1948 90 33 ipse
1101 1948 135 33 deinceps
1202 1948 68 33 in
1236 1948 135 33 aeternum
1338 1948 68 33 in
1371 1948 124 33 omnibus
1462 1948 124 33 electis
1552 1948 101 33 omnia
1619 1948 101 33 erit,
1687 1948 68 33 id
1721 1948 90 33 est,
1766 1948 56 33 do-

1031 1977 102 46 ctor,
1099 1977 182 46 illuminator,
1247 1977 91 46 rex,
1304 1977 171 46 gubernator,
1440 1977 102 46 vita,
1508 1977 114 46 salus,
1588 1977 114 46 gloria
1668 1977 57 46 &
1690 1977 137 46 quicquid
1781 1977 46 46 ad

1036 2014 141 35 aeternam
1142 2014 188 35 beatitudinem
1295 2014 153 35 pertinet,
1413 2014 106 35 idque
1483 2014 94 35 erit
1542 2014 153 35 immediate
1660 2014 59 35 &
1672 2014 141 35 perfectis-

1036 2039 105 44 sime,
1106 2039 93 44 sine
1164 2039 105 44 opera
1234 2039 174 44 Mediatoris,
1374 2039 93 44 sine
1432 2039 105 44 verbi
1501 2039 198 44 praedicatione
1664 2039 140 44 externa,
1757 2039 70 44 sine

1039 2074 203 47 Sacramentorum
1206 2074 238 47 administratione,
1409 2074 95 47 sine
1468 2074 107 47 aliis
1540 2074 119 47 mediis
1623 2074 72 47 in
1659 2074 83 47 hac
1707 2074 95 47 vita
1754 2074 60 47 ne

1033 2104 108 41 cessariis.

1058 2137 95 53 Nos
1113 2137 123 53 autem
1195 2137 164 53 negamus,
1317 2137 136 53 caelum
1413 2137 164 53 beatorum
1536 2137 109 53 esse
1604 2137 123 53 Deum;
1686 2137 68 53 &
1699 2137 123 53 nostram

1032 2161 177 57 sententiam
1171 2161 189 57 confirmamus
1322 2161 189 57 sequentibus
1461 2161 164 57 argumentis:

1065 2202 139 46 Primum,
1166 2202 201 46 Habitaculum,
1330 2202 126 46 sedes,
1418 2202 139 46 solium,
1519 2202 151 46 thronus,
1632 2202 126 46 domus,
1708 2202 113 46 civitas

1038 2231 93 41 Dei,
1096 2231 81 41 non
1143 2231 81 41 est
1189 2231 93 41 ipse
1247 2231 104 41 Deus:
1316 2231 116 41 Caelum
1397 2231 139 41 beatorum
1501 2231 81 41 est
1547 2231 185 41 habitaculum,
1698 2231 116 41 sedes,
1767 2231 58 41 so-

1030 2265 107 48 lium,
1101 2265 142 48 thronus,
1208 2265 119 48 domus,
1291 2265 131 48 civitas
1386 2265 95 48 Dei:
1445 2265 95 48 Ergo
1505 2265 119 48 caelum
1588 2265 142 48 beatorum
1695 2265 83 48 non
1742 2265 83 48 est
1778 2265 47 48 i-

1043 2296 77 39 se
1069 2296 89 39 Deus.

1059 2333 158 36 Secundum:
1180 2333 122 36 Caelum
1266 2333 61 36 &
1290 2333 109 36 caeli
1363 2333 158 36 caelorum,
1484 2333 97 36 Deum
1545 2333 85 36 non
1594 2333 146 36 capiunt:
1703 2333 97 36 Ergo
1752 2333 73 36 cae-

1039 2370 84 55 lum
1087 2370 144 55 beatorum
1195 2370 84 55 non
1243 2370 84 55 est
1291 2370 96 55 Deus
1351 2370 108 55 ipse.
1423 2370 168 55 Antecedens
1554 2370 144 55 probatur
1662 2370 72 55 ex
1698 2370 72 55 1.
1734 2370 96 55 Reg.
1782 2370 48 55 8.

1028 2394 89 40 vers.
1078 2394 49 40 27.

1056 2431 150 43 Tertium:
1168 2431 100 43 Deus
1230 2431 87 43 est
1280 2431 125 43 ubique
1367 2431 125 43 Caelum
1454 2431 150 43 beatorum
1566 2431 87 43 non
1616 2431 87 43 est
1666 2431 137 43 ubique:
1753 2431 75 43 Ergo

1039 2468 117 44 caelum
1121 2468 141 44 beatorum
1227 2468 82 44 non
1274 2468 82 44 est
1321 2468 106 44 Deus.
1391 2468 141 44 Assumtio
1497 2468 106 44 certa
1567 2468 94 44 est:
1626 2468 94 44 quia
1684 2468 117 44 caelum
1755 2468 70 44 bea-

1028 2494 98 36 torum
1094 2494 76 36 non
1137 2494 76 36 est
1181 2494 65 36 in
1213 2494 109 36 terra,
1290 2494 98 36 mari,
1355 2494 55 36 &
1366 2494 109 36 inferno.

1066 2523 148 61 Quartum:
1176 2523 98 61 Deus
1238 2523 86 61 non
1287 2523 86 61 est
1337 2523 135 61 corpus:
1435 2523 123 61 Caelum
1521 2523 148 61 beatorum
1632 2523 86 61 est
1681 2523 135 61 corpus:
1767 2523 62 61 Er-

1029 2559 72 51 go
1065 2559 120 51 caelum
1149 2559 144 51 beatorum
1258 2559 84 51 non
1306 2559 84 51 est
1342 2559 84 51 Deus.

1068 2589 116 37 Caelum
1150 2589 139 37 beatorum
1254 2589 93 37 esse
1312 2589 127 37 corpus,
1404 2589 70 37 id
1439 2589 93 37 est,
1497 2589 174 37 substantiam
1636 2589 81 37 non
1671 2589 162 37 spiritualem,

1033 2621 92 57 sed
1085 2621 171 57 corpoream
1217 2621 144 57 quamvis
1321 2621 236 57 subtilissimam,
1518 2621 79 57 ex
1558 2621 171 57 subjectis
1676 2621 157 57 argumentis

1024 2661 83 46 patet:

1058 2685 79 45 I.
1097 2685 79 45 In
1137 2685 92 45 quo
1189 2685 197 45 continentur
1347 2685 66 45 &
1373 2685 118 45 locum
1452 2685 131 45 habent
1544 2685 158 45 corpora,
1662 2685 79 45 id
1688 2685 145 45 corporeum

1039 2717 91 44 esse
1096 2717 126 44 necesse
1187 2717 91 44 est:
1244 2717 69 44 In
1279 2717 103 44 caelo
1347 2717 137 44 beatorum
1450 2717 171 44 continentur
1587 2717 57 44 &
1610 2717 103 44 locum
1679 2717 114 44 habent
1747 2717 69 44 cor-

1042 2756 103 38 pora:
1110 2756 92 38 Ergo
1167 2756 103 38 celum
1236 2756 137 38 beatorum
1339 2756 80 38 est
1385 2756 160 38 corporeum.
1511 2756 160 38 Propositio
1636 2756 103 38 major
1705 2756 80 38 est
1739 2756 69 38 cer-

1029 2790 83 36 ta:
1076 2790 95 36 quia
1136 2790 130 36 oportet
1230 2790 106 36 inter
1301 2790 154 36 contentum
1420 2790 59 36 &
1443 2790 166 36 continens,
1573 2790 106 36 inter
1644 2790 130 36 locatum
1739 2790 59 36 &
1751 2790 59 36 lo-

1046 2820 75 38 um
1084 2820 201 38 proportionem
1248 2820 138 38 aliquam
1348 2820 101 38 esse
1411 2820 63 38 &
1436 2820 226 38 convenientiam,
1625 2820 101 38 quae
1687 2820 113 38 certe
1750 2820 63 38 non

1035 2854 85 39 est
1084 2854 110 39 inter
1157 2854 122 39 corpus
1242 2854 134 39 locatum
1339 2854 61 39 &
1364 2854 110 39 locum
1437 2854 97 39 mere
1497 2854 195 39 incorporeum.
1656 2854 134 39 Corpora
1741 2854 73 39 enim

1039 2888 78 33 non
1084 2888 179 33 continentur,
1229 2888 89 33 nisi
1285 2888 67 33 in
1318 2888 89 33 loco
1374 2888 145 33 corporeo.
1486 2888 134 33 Quicquid
1586 2888 156 33 domicilium
1709 2888 78 33 est
1743 2888 67 33 cor-

1042 2921 112 34 porum,
1120 2921 67 34 id
1153 2921 145 34 corporeum
1265 2921 78 34 sit
1310 2921 123 34 necesse
1399 2921 89 34 est.
1455 2921 134 34 Assumtio
1555 2921 100 34 certa
1622 2921 89 34 est:
1678 2921 78 34 nam
1723 2921 67 34 in
1745 2921 78 34 caelo

1041 2952 144 41 beatorum
1149 2952 180 41 continentur
1293 2952 132 41 corpora
1389 2952 132 41 Enochi,
1484 2952 120 41 Eliae,
1568 2952 120 41 Chrsti
1652 2952 132 41 Domini:
1748 2952 60 41 &
1760 2952 60 41 lo-

1035 2989 87 36 cum
1084 2989 75 36 in
1122 2989 112 36 eodem
1196 2989 149 36 habebunt
1308 2989 112 36 etiam
1383 2989 124 36 nostra
1458 2989 124 36 corpora.

1066 3017 80 36 II.
1111 3017 137 36 Quicquid
1214 3017 137 36 aperitur
1318 3017 183 36 visibiliter,
1466 3017 69 36 id
1501 3017 80 36 est
1547 3017 160 36 corporeum:
1673 3017 115 36 Caelum
1741 3017 69 36 bea-

1044 3049 94 42 torum
1106 3049 126 42 aperitur
1201 3049 168 42 visibiliter.
1337 3049 105 42 Actor.
1410 3049 52 42 7
1431 3049 52 42 v
1452 3049 73 42 56.
1494 3049 73 42 ait
1536 3049 147 42 Stephanus;
1651 3049 94 42 Ecce,
1704 3049 115 42 conspicio

1027 3083 114 36 caelos
1106 3083 137 36 apertos,
1209 3083 57 36 &
1232 3083 114 36 Filium
1311 3083 102 36 illum
1380 3083 148 36 adstantem
1493 3083 68 36 ad
1528 3083 137 36 dexteram
1619 3083 68 36 Dei.

1076 3114 108 33 III.
1144 3114 108 33 Omne
1212 3114 176 33 luminosum
1347 3114 95 33 est
1401 3114 189 33 corporeum:
1550 3114 135 33 Caelum
1644 3114 162 33 beatorum
1752 3114 68 33 est

1046 3145 160 41 luminosum:
1171 3145 91 41 Ergo
1228 3145 80 41 est
1274 3145 160 41 corporeum.
1400 3145 160 41 Propositio
1525 3145 103 41 major
1594 3145 91 41 vera
1651 3145 91 41 est:
1708 3145 91 41 quia
1753 3145 69 41 lume
