2063 3392
253 156 100 54 Hebr.
320 156 67 54 1.
353 156 67 54 v.
386 156 67 54 7.
420 156 78 54 Qui
464 156 100 54 facit
531 156 122 54 Angelos
620 156 89 54 suos
676 156 145 54 spiritus,
787 156 145 54 ministros
899 156 89 54 suos
954 156 100 54 ignem
1010 156 78 54 flam

241 201 126 41 mantem.

304 226 76 50 II.
348 226 142 50 Quicunque
457 226 120 50 proprie
544 226 142 50 efficiunt
653 226 142 50 actiones,
762 226 98 50 solis
828 226 98 50 veris
893 226 164 50 substantiis
1013 226 33 50 &

255 263 186 40 hypostasibus
407 263 128 40 proprie
500 263 186 40 competentes,
651 263 70 40 ii
686 263 140 40 profecto
790 263 93 40 sunt
849 263 105 40 verae
907 263 151 40 substantiae

250 300 61 43 &
274 300 184 43 hypostases.
422 300 148 43 Actiones
533 300 98 43 enim
594 300 98 43 sunt
656 300 160 43 ὑποσάσεαν
778 300 86 43 seu
828 300 209 43 suppositorum.
988 300 61 43 Er-

261 328 201 47 operationibus
426 328 165 47 colligimus
556 328 106 47 rerum
615 328 130 47 essentia.

308 364 66 44 am
341 364 110 44 Angeli
418 364 121 44 proprie
506 364 143 44 efficiunt
616 364 143 44 actiones,
725 364 99 44 solis
791 364 99 44 veris
857 364 165 44 substantiis
989 364 55 44 &
1000 364 55 44 hy-

267 407 169 31 postasibus
400 407 133 31 proprie
496 407 193 31 competentes.
653 407 84 31 Nam
701 407 145 31 serviunt
810 407 97 31 Deo,
870 407 181 31 exsequuntur
1003 407 36 31 e

261 433 85 41 jus
309 433 145 41 mandata,
418 433 157 41 celebrant
539 433 109 41 Deum,
612 433 170 41 loquuntur,
745 433 194 41 interrogant,
891 433 157 41 respondent.

258 467 131 39 docent,
353 467 191 39 consolantur,
508 467 131 39 abeunt,
604 467 143 39 redeunt,
711 467 179 39 assumserunt
854 467 119 39 humana
926 467 119 39 corpora.

264 502 155 37 deportant
383 502 119 37 animas
466 502 143 37 fidelium
573 502 71 37 in
609 502 119 37 caelum
692 502 59 37 &
716 502 95 37 alia
775 502 131 37 faciunt
871 502 95 37 quae
930 502 83 37 non
966 502 83 37 nisi:

262 529 95 45 veris
326 529 158 45 substantiis
452 529 95 45 fieri
504 529 95 45 possunt

291 554 84 48 IV.
339 554 157 48 Quicunque
460 554 145 48 praediti
568 554 97 48 sunt
629 554 97 48 vita
689 554 84 48 cum
737 554 205 48 intelligentia
906 554 60 48 &
918 554 133 48 voluntate

264 595 105 47 illos
334 595 105 47 veras
404 595 93 47 esse
463 595 175 47 substantias
603 595 58 47 &
626 595 163 47 hypostases
755 595 128 47 necesse
848 595 93 47 est.
906 595 105 47 Atqui
965 595 93 47 Angeli

274 632 133 49 praediti
374 632 89 49 sunt
429 632 89 49 vita
485 632 78 49 cum
529 632 189 49 intelligentia
685 632 56 49 &
696 632 133 49 voluntate:

262 667 134 41 Ergo,
337 667 74 41 &c.

285 683 72 58 V.
321 683 120 58 Quorum
405 683 120 58 aliqui
490 683 168 58 peccarunt,
622 683 120 58 aliqui
706 683 72 58 in
742 683 144 58 veritate
850 683 205 58 perstiterunt,
1007 683 48 58 i-

258 727 108 43 certe
330 727 96 43 sunt
390 727 108 43 verae
462 727 180 43 substantiae
606 727 60 43 &
630 727 180 43 hypostases.
775 727 108 43 Atqui
847 727 156 43 Angelorum
967 727 120 43 aliqui

281 764 151 50 peecarunt,
400 764 108 50 aliqui
475 764 65 50 in
508 764 129 50 veritate
594 764 162 50 perstitorunt:

264 801 131 45 Ergo,
337 801 73 45 &c.

316 819 82 47 VI.
363 819 152 47 Quicunque
480 819 117 47 vident
562 819 117 47 semper
643 819 117 47 faciem
725 819 117 47 Patris
807 819 163 47 caelestis,
924 819 128 47 laetantur

270 863 74 38 de
307 863 135 38 hominum
405 863 185 38 conversione
553 863 62 38 &
578 863 135 38 salute,
676 863 148 38 ignorant
787 863 99 38 diem
849 863 148 38 judicii,
959 863 74 38 ii
984 863 74 38 cer-

263 896 67 43 te
296 896 89 43 sunt
352 896 100 43 verae
418 896 167 43 substantiae
552 896 56 43 &
574 896 167 43 hypostases.
707 896 67 43 At
741 896 67 43 de
774 896 122 43 Angelis
863 896 89 43 illa
919 896 100 43 omnia
974 896 78 43 rectu

270 932 181 39 praedicantur.

257 966 135 40 Ergo,
332 966 75 40 &c.

291 989 98 46 VII.
352 989 160 46 Quicunque
475 989 123 46 numero
561 989 184 46 differentes
708 989 86 46 Deo
757 989 160 46 assistunt
880 989 74 46 ut
917 989 135 46 mandata
1003 989 49 46 e-

273 1027 77 44 jus
317 1027 154 44 capessant,
438 1027 66 44 ii
471 1027 99 44 certe
537 1027 88 44 sunt
592 1027 99 44 verae
658 1027 165 44 substantiae
789 1027 55 44 &
811 1027 165 44 hypostases.
943 1027 99 44 Atqui
998 1027 55 44 An-

268 1064 98 43 geli
329 1064 123 43 numero
415 1064 184 43 differentes
562 1064 86 43 Deo
611 1064 159 43 assistunt
733 1064 74 43 ut
770 1064 135 43 mandata
868 1064 98 43 ejus
917 1064 135 43 capessant

275 1095 91 42 Dan.
332 1095 68 42 7.
366 1095 68 42 v.
400 1095 80 42 10.
446 1095 125 42 Antiquo
537 1095 114 42 dierum
617 1095 125 42 millies
708 1095 103 42 mille
776 1095 194 42 ministrabant,
936 1095 57 42 &
958 1095 103 42 coram
1015 1095 46 42 eo

267 1133 124 45 myrias
354 1133 149 45 myriadum
453 1133 124 45 stabant.

309 1155 112 47 Quibus
387 1155 79 47 nos
432 1155 124 47 similes
522 1155 112 47 erimus
601 1155 67 47 in
634 1155 124 47 caelis,
724 1155 90 47 illi
780 1155 135 47 profecto
881 1155 90 47 sunt
938 1155 101 47 verae
994 1155 67 47 sub-

280 1190 131 44 stantiae
378 1190 54 44 &
400 1190 163 44 hypostases.
530 1190 98 44 Atqui
596 1190 120 44 Angelis
683 1190 76 44 nos
726 1190 120 44 similes
814 1190 109 44 erimus
890 1190 65 44 in
922 1190 109 44 caelo:
999 1190 76 44 Er¬

277 1223 67 53 go
310 1223 112 53 Angeli
389 1223 90 53 sunt
445 1223 101 53 verae
513 1223 169 53 substantiae
648 1223 56 53 &
659 1223 135 53 hypostases

312 1245 105 53 Tertio
385 1245 115 53 dicitur
468 1245 63 53 de
500 1245 115 53 Angelis
583 1245 84 53 quod
636 1245 84 53 sint
688 1245 136 53 spiritus,
792 1245 73 53 hoc
834 1245 84 53 est,
886 1245 157 53 substantiae
1001 1245 63 53 spi-

271 1298 147 38 rituales,
384 1298 159 38 simplices,
509 1298 181 38 incorporeae,
656 1298 57 38 &
679 1298 181 38 invisibiles:
826 1298 68 38 id
860 1298 170 38 sequentibus
985 1298 79 38 argu-

285 1327 122 42 nentis
358 1327 183 42 corroboramus.

303 1348 70 47 I.
338 1348 151 47 Quicunque
454 1348 70 47 in
489 1348 151 47 Scriptura
605 1348 104 47 Sacra
675 1348 139 47 expresse
779 1348 58 47 &
803 1348 128 47 proprie
895 1348 139 47 dicuntur
988 1348 70 47 esse

274 1386 139 40 spiritus,
381 1386 86 40 illi
435 1386 86 40 sunt
488 1386 161 40 substantiae
617 1386 161 40 spirituales
745 1386 54 40 &
767 1386 171 40 incorporeae.
906 1386 75 40 Jam
949 1386 107 40 Angeli
1013 1386 43 40 i1

277 1427 146 34 Scriptura
389 1427 101 34 Sacra
457 1427 135 34 expresse
558 1427 56 34 &
580 1427 124 34 proprie
670 1427 135 34 dicuntur
771 1427 90 34 esse
827 1427 135 34 spiritus
928 1427 101 34 Psal.
985 1427 67 34 104.

281 1460 63 37 4.
312 1460 73 37 Qui
354 1460 94 37 facit
416 1460 115 37 Angelos
500 1460 84 37 suos
552 1460 136 37 spiritus.
657 1460 84 37 Heb.
709 1460 63 37 1.
740 1460 63 37 v.
772 1460 84 37 ult.
824 1460 63 37 de
855 1460 94 37 bonis
918 1460 115 37 Angelis
991 1460 73 37 dici-

274 1491 92 33 tur:
331 1491 103 33 Nonne
400 1491 103 33 omnes
469 1491 92 33 sunt
526 1491 195 33 ministratorii
687 1491 149 33 spiritus,
801 1491 80 33 qui
847 1491 149 33 ministeru
962 1491 103 33 causa
1020 1491 34 33 e

284 1523 141 38 mittuntur
393 1523 120 38 propter
480 1523 130 38 haeredes
578 1523 120 38 salutis
665 1523 130 38 futuros?
763 1523 65 38 De
795 1523 98 38 malis
860 1523 120 38 Angelis
947 1523 120 38 dicitur
1024 1523 43 38 I.

275 1552 90 36 Reg.
331 1552 79 36 22.
376 1552 68 36 21
410 1552 124 36 Prodiit
501 1552 113 36 quidam
580 1552 147 36 spiritus,
693 1552 79 36 qui
738 1552 158 36 consistens
863 1552 102 36 coram
931 1552 113 36 Iehova
998 1552 57 36 di-

274 1581 82 43 xit,
325 1581 72 43 ego
366 1581 134 43 pelliciam
470 1581 82 43 eum,
521 1581 103 43 Matth.
593 1581 52 43 8
614 1581 62 43 v.
645 1581 72 43 16.
686 1581 103 43 ejecit
758 1581 124 43 spiritus
841 1581 72 43 verbo

312 1621 83 39 II.
360 1621 155 39 Quicunque
479 1621 119 39 carnem
562 1621 59 39 &
586 1621 95 39 ossa
645 1621 83 39 non
693 1621 131 39 habent,
788 1621 71 39 ii
823 1621 107 39 certe
895 1621 95 39 sunt
942 1621 119 39 spiritus

280 1652 128 34 Dicitur
373 1652 151 34 masculino
489 1652 116 34 genere
571 1652 162 34 Quicunque,
698 1652 70 34 ut
733 1652 162 34 ostendatur
861 1652 70 34 de
896 1652 139 34 personis
988 1652 70 34 ser-

276 1681 103 35 monem
344 1681 126 35 haberi,
436 1681 80 35 non
482 1681 69 35 de
517 1681 149 35 quibusvis
631 1681 149 35 essentiis
746 1681 80 35 seu
792 1681 138 35 naturis,
895 1681 69 35 de
930 1681 115 35 quibus
999 1681 57 35 neu

290 1720 85 39 tro
339 1720 122 39 genere
424 1720 170 39 loquendum:
558 1720 85 39 nam
606 1720 170 39 masculinum
740 1720 85 39 est
789 1720 244 39 repraesentativum
984 1720 73 39 per-

286 1749 121 34 sonae,
371 1749 133 34 neutrum
468 1749 97 34 vero
528 1749 145 34 naturae.
637 1749 170 34 Propositio
770 1749 97 34 haec
831 1749 109 34 plana
904 1749 85 34 est
952 1749 73 34 ex
976 1749 85 34 verbi

293 1775 122 51 Christi
382 1775 89 51 Luc.
438 1775 78 51 24.
482 1775 78 51 39.
527 1775 134 51 Spiritus
627 1775 111 51 carnem
705 1775 56 51 &
727 1775 89 51 ossa
782 1775 78 51 non
827 1775 111 51 habet,
905 1775 100 51 sicut
972 1775 67 51 me
994 1775 100 51 conspi-

286 1812 104 38 citis
344 1812 93 38 habere

322 1837 105 46 Atqui
392 1837 116 46 Angeli
474 1837 116 46 carnem
555 1837 58 46 &
579 1837 93 46 ossa
637 1837 82 46 non
683 1837 128 46 habent:
777 1837 105 46 Ergo,
835 1837 58 46 &c.

319 1879 92 41 III.
377 1879 115 41 Quorum
458 1879 104 41 etiam
527 1879 115 41 legio,
608 1879 69 41 id
643 1879 92 41 est,
700 1879 150 41 multitudo
816 1879 81 41 sex
862 1879 127 41 millium
954 1879 81 41 aut
989 1879 69 41 plu-

277 1912 97 35 rium,
342 1912 65 35 in
374 1912 76 35 uno
418 1912 108 35 homine
493 1912 86 35 esse
547 1912 119 35 potest,
633 1912 65 35 ii
666 1912 97 35 certe
730 1912 86 35 sunt
784 1912 162 35 spirituales
914 1912 162 35 substantiae
1033 1912 32 35 &

280 1945 182 35 incorporeae:
428 1945 103 35 Atqui
496 1945 148 35 Angelorum
610 1945 103 35 etiam
679 1945 103 35 legio
747 1945 68 35 in
781 1945 80 35 uno
827 1945 114 35 homine
907 1945 91 35 esse
952 1945 103 35 potest.

287 1980 65 35 ut
320 1980 119 35 legitur
407 1980 87 35 Luc.
461 1980 65 35 8.
493 1980 65 35 30
526 1980 76 35 ubi
569 1980 130 35 additur:
667 1980 76 35 nam
711 1980 119 35 demonia
797 1980 98 35 multa
863 1980 130 35 ingressa
960 1980 98 35 erant
1015 1980 43 35 in

281 2008 89 38 eum:
336 2008 56 38 &
359 2008 133 38 rogabant
459 2008 89 38 eum,
514 2008 67 38 ne
548 2008 145 38 imperaret
659 2008 89 38 sibi
714 2008 67 38 ut
748 2008 122 38 abirent
837 2008 67 38 in
859 2008 100 38 abyssum

313 2044 86 37 IV.
362 2044 74 37 Si
399 2044 111 37 anima
473 2044 123 37 humana
559 2044 86 37 est
608 2044 172 37 substantia
743 2044 185 37 spiritualis
891 2044 62 37 &
903 2044 160 37 incorporea,

275 2075 104 39 multo
345 2075 104 39 magis
415 2075 116 39 Angeli
496 2075 93 39 sunt
554 2075 174 39 substantiae
693 2075 174 39 spirituales
832 2075 58 39 &
855 2075 185 39 incorporeae.
994 2075 58 39 An-

273 2109 146 36 tecedens
383 2109 110 36 verum
456 2109 98 36 est:
517 2109 98 36 Ergo
578 2109 61 36 &
590 2109 146 36 consequens

309 2137 72 41 V.
345 2137 119 41 Patres
428 2137 83 41 non
476 2137 119 41 pauci,
559 2137 131 41 Angelos
655 2137 179 41 incorporeos
798 2137 95 41 esse
857 2137 167 41 agnoscunt.
977 2137 83 41 Chry-

271 2173 131 37 sostomus
370 2173 66 37 in
403 2173 110 37 sextum
479 2173 99 37 caput
545 2173 131 37 Jesaiae,
644 2173 142 37 Seraphim,
753 2173 121 37 inquit,
841 2173 131 37 Spiritus
939 2173 131 37 dicuntur

274 2207 132 34 virtutes
373 2207 176 34 incorporeae,
516 2207 143 34 supernae.
626 2207 154 34 AUGUSTINUS
748 2207 77 34 seu
792 2207 132 34 quisquis
891 2207 77 34 est
935 2207 99 34 autor
990 2207 55 34 li-

271 2237 81 41 bri
318 2237 81 41 qui
364 2237 115 41 exstat
444 2237 92 41 nono
502 2237 92 41 tomo
559 2237 115 41 operum
640 2237 161 41 Augustini,
767 2237 69 41 de
801 2237 161 41 cognitione
928 2237 104 41 verae
985 2237 58 41 vi-

270 2277 83 45 tae,
322 2277 73 45 cap
363 2277 62 45 6.
394 2277 73 45 sic
436 2277 114 45 definit
519 2277 125 45 Angelum:
613 2277 114 45 Angelus
696 2277 125 45 spiritus
790 2277 83 45 est,
842 2277 146 45 substantia
946 2277 104 45 incorpo-

276 2302 75 43 rea,
323 2302 150 43 invisibilis,
435 2302 47 43 &c.

298 2333 111 44 Maneat
376 2333 89 44 ergo
431 2333 122 44 certum,
520 2333 122 44 Angelos
609 2333 89 44 esse
665 2333 145 44 spiritus,
776 2333 78 44 hoc
820 2333 89 44 est,
876 2333 167 44 substantias
998 2333 56 44 in

262 2366 133 40 corporeas

298 2403 64 51 Ex
330 2403 74 51 hoc
373 2403 170 51 consequitur,
511 2403 106 51 eosdem
586 2403 85 51 esse
639 2403 160 51 substantias
766 2403 149 51 simplices,
883 2403 74 51 hoc
926 2403 85 51 est,
979 2403 64 51 ab
1000 2403 43 51 o-

273 2436 81 48 mni
320 2436 139 48 corporea
424 2436 58 48 &
447 2436 127 48 sensili
540 2436 174 48 concretione
667 2436 139 48 segregatas

299 2466 89 42 Haec
354 2466 89 42 vero
410 2466 144 42 Angelicae
521 2466 167 42 substantiae
654 2466 167 42 simplicitas
787 2466 155 42 longissime
910 2466 111 42 distat
976 2466 78 42 asim-

289 2498 144 44 ficitate
397 2498 84 44 Dei
445 2498 217 44 absolutissima:
626 2498 72 44 ac
662 2498 132 44 proinde
758 2498 120 44 Angeli
842 2498 156 44 comparati
963 2498 84 44 Deo
999 2498 60 44 non

268 2537 97 42 sunt
328 2537 145 42 absolute
437 2537 170 42 simplices;
571 2537 145 42 respectu
680 2537 109 42 autem
752 2537 145 42 corporum
861 2537 170 42 naturalium
982 2537 73 42 sunt

260 2565 131 45 simplices.

304 2597 130 44 Angelos
398 2597 82 44 non
446 2597 94 44 esse
504 2597 141 44 absolute
610 2597 165 44 simplices,
740 2597 106 44 licet
811 2597 153 44 comparati
917 2597 141 44 corporibus

271 2630 166 44 naturalibus
404 2630 99 44 recte
470 2630 144 44 simplices
580 2630 166 44 asserantur,
713 2630 66 44 ex
746 2630 77 44 his
790 2630 155 44 argumentis
901 2630 88 44 patet:

301 2666 71 46 I.
337 2666 95 46 Quia
396 2666 107 46 solus
467 2666 95 46 Deus
527 2666 83 46 est
574 2666 142 46 absolute
681 2666 142 46 simplex:
788 2666 119 46 nullus
871 2666 95 46 enim
918 2666 131 46 compositi

253 2701 93 38 onis
312 2701 105 38 modus
382 2701 70 38 in
417 2701 82 38 eum
463 2701 117 38 cadit;
545 2701 82 38 non
592 2701 70 38 ex
627 2701 140 38 partibus
731 2701 140 38 quantis,
836 2701 105 38 neque
906 2701 70 38 ex
941 2701 128 38 materia
1023 2701 35 38 &

276 2729 117 43 forma,
358 2729 105 43 neque
428 2729 70 43 ex
463 2729 117 43 genere
545 2729 58 43 &
568 2729 187 43 differentia,
719 2729 82 43 neq
766 2729 70 43 ex
801 2729 140 43 subjecto
906 2729 58 43 &
918 2729 128 43 accidenti

264 2763 94 45 bus,
323 2763 106 45 neque
394 2763 71 45 ex
429 2763 94 45 actu
488 2763 59 45 &
511 2763 153 45 potentia,
629 2763 82 45 nec
676 2763 71 45 ex
711 2763 153 45 supposito
828 2763 59 45 &
852 2763 129 45 natura,
946 2763 82 45 nec
981 2763 106 45 denique

273 2794 60 43 ex
303 2794 80 43 esse
353 2794 50 43 &
363 2794 109 43 essentia.

291 2829 88 44 II.
342 2829 100 44 Quia
404 2829 126 44 Angeli
492 2829 100 44 sunt
555 2829 163 44 compositi
681 2829 75 44 ex
718 2829 100 44 actu
781 2829 63 44 &
806 2829 163 44 potentia,
932 2829 75 44 ex
957 2829 100 44 subje-

265 2854 80 47 cto
310 2854 57 47 &
333 2854 195 47 accidentibus,
494 2854 69 47 ex
529 2854 92 47 esse
586 2854 57 47 &
609 2854 149 47 essentia.
724 2854 115 47 Primum
804 2854 103 47 omnis
873 2854 138 47 creatura
976 2854 80 47 est
1011 2854 34 47 a

278 2891 80 47 ctu
323 2891 69 47 id
358 2891 91 47 quod
415 2891 80 47 est
460 2891 69 47 de
495 2891 80 47 nde
540 2891 114 47 potest
620 2891 114 47 mutari
700 2891 57 47 &
723 2891 91 47 esse
780 2891 69 47 id
815 2891 91 47 quod
872 2891 80 47 non
917 2891 80 47 est
963 2891 57 47 &
974 2891 69 47 desi

272 2932 91 43 nere
328 2932 91 43 esse
385 2932 68 43 id
419 2932 91 43 quod
476 2932 79 43 est
521 2932 79 43 Ita
566 2932 113 43 Angeli
645 2932 91 43 sunt
702 2932 147 43 mutabiles
815 2932 113 43 natura
894 2932 91 43 sua,
951 2932 91 43 quia
996 2932 57 43 An-

269 2962 89 40 geli
324 2962 78 40 qui
369 2962 89 40 boni
424 2962 89 40 erat
479 2962 111 40 creati
557 2962 89 40 sunt
612 2962 111 40 mutati
690 2962 66 40 in
723 2962 111 40 malos.
800 2962 111 40 Deinde
878 2962 66 40 in
911 2962 89 40 omni
955 2962 100 40 creata.

269 2996 150 36 substantia
387 2996 96 36 aliud
451 2996 75 36 est
494 2996 150 36 subjectum,
611 2996 96 36 aliud
675 2996 85 36 sunt
729 2996 150 36 accidentia
846 2996 128 36 realiter
942 2996 64 36 ei
964 2996 85 36 inhae-

266 3023 116 47 rentia.
350 3023 74 47 Ita
392 3023 63 47 in
423 3023 105 47 Angelo
497 3023 95 47 aliud
560 3023 74 47 est
602 3023 147 47 substantia
717 3023 95 47 ejus,
780 3023 95 47 aliud
843 3023 126 47 qualitas
927 3023 126 47 substantia

276 3056 138 49 concreta,
383 3056 96 49 velut
446 3056 138 49 sapietia,
553 3056 128 49 bonitas,
648 3056 149 49 sanctitas.
765 3056 106 49 Tertio
840 3056 96 49 omnis
903 3056 74 49 res
946 3056 106 49 creata
1010 3056 43 49 es

278 3087 69 47 cop
318 3087 79 47 sita
367 3087 59 47 ex
397 3087 79 47 esse
447 3087 50 47 &
466 3087 129 47 essentia:
565 3087 79 47 quia
615 3087 89 47 nulla
674 3087 69 47 res
714 3087 99 47 creata
783 3087 69 47 est
823 3087 79 47 ipsa
873 3087 69 47 sua
912 3087 129 47 essentia.
1001 3087 50 47 Es-

275 3120 61 46 se
305 3120 132 46 appellant
407 3120 61 46 id
437 3120 81 46 quod
488 3120 81 46 quid
539 3120 81 46 actu
590 3120 81 46 est,
641 3120 81 46 sive
691 3120 163 46 substantiale
823 3120 81 46 sit,
874 3120 81 46 sive
915 3120 142 46 accidentales

271 3155 131 47 essentia
370 3155 88 47 vero
424 3155 77 47 est
468 3155 77 47 per
512 3155 88 47 quam
567 3155 164 47 unumquodque
698 3155 77 47 est
742 3155 66 47 id
774 3155 88 47 quod
829 3155 88 47 est,
884 3155 77 47 Ita
928 3155 66 47 in
950 3155 98 47 Angelis

1093 157 105 52 aliud
1163 157 82 52 est
1210 157 94 52 esse
1269 157 199 52 uniuscujusque
1432 157 129 52 Angeli,
1526 157 94 52 quod
1584 157 82 52 est
1631 157 234 52 incommunicabile:
1818 157 82 52 aliud

1101 199 85 36 est
1149 199 146 36 essentia
1259 199 146 36 Angelica
1368 199 97 36 quae
1429 199 134 36 omnibus
1526 199 134 36 Angelis
1623 199 85 36 est
1660 199 121 36 communis

1127 231 101 37 III.
1190 231 76 37 Si
1228 231 126 37 Angeli
1317 231 126 37 essent
1405 231 126 37 omnino
1493 231 63 37 &
1519 231 151 37 absolute
1632 231 177 37 simplices,
1771 231 88 37 tum
1809 231 88 37 actio

1101 266 108 36 eorum
1173 266 132 36 interna
1269 266 108 36 esset
1340 266 144 36 eorundem
1448 266 180 36 substantia:
1592 266 108 36 Sicut
1664 266 180 36 intelligere
1807 266 60 36 &
1819 266 84 36 velle

1098 294 87 47 Dei
1147 294 99 47 sunt
1209 294 136 47 ipsamet
1309 294 149 47 essentia
1420 294 136 47 divina.
1519 294 112 47 Atqui
1594 294 161 47 Angelorum
1718 294 112 47 actio
1780 294 124 47 interna.

1089 331 88 42 non
1139 331 88 42 est
1189 331 138 42 ipsamet
1289 331 163 42 Angelorum
1414 331 188 42 substantia.
1564 331 100 42 Ergo
1626 331 88 42 non
1676 331 100 42 sunt
1739 331 125 42 omnino
1826 331 63 42 &
1839 331 63 42 ab-

1099 362 107 45 solute
1164 362 128 45 simplices.

1130 390 115 47 Quarto
1210 390 126 47 dicitur
1302 390 69 47 in
1336 390 184 47 definitione,
1485 390 92 47 quod
1543 390 115 47 Angeli
1623 390 115 47 creati
1703 390 103 47 sint.
1772 390 69 47 Id
1807 390 126 47 docetur

1105 427 110 37 Psalm.
1182 427 88 37 104.
1237 427 66 37 v.
1270 427 66 37 4.
1303 427 88 37 Heb.
1358 427 66 37 1.
1391 427 66 37 v.
1424 427 66 37 7.
1457 427 121 37 Coloss.
1544 427 99 37 1.16.
1610 427 77 37 Per
1654 427 77 37 eum
1698 427 121 37 condita
1786 427 88 37 sunt
1830 427 77 37 omnia

1097 463 82 40 quae
1148 463 61 40 in
1179 463 92 40 calis
1240 463 82 40 sunt
1291 463 51 40 &
1312 463 82 40 quae
1363 463 61 40 in
1394 463 102 40 terra,
1466 463 133 40 vssibilia
1568 463 51 40 &
1588 463 164 40 invisibilia,
1722 463 82 40 sive
1773 463 113 40 throni,
1845 463 61 40 sive

1100 495 138 35 dominia,
1203 495 92 35 sive
1260 495 138 35 imperta,
1364 495 92 35 sive
1421 495 172 35 potestates,
1559 495 115 35 omnia,
1640 495 126 35 inquom,
1732 495 80 35 per
1778 495 80 35 eum
1824 495 57 35 &
1835 495 69 35 ejus

1096 533 143 41 respectu
1203 533 131 41 condita
1299 533 107 41 sunt.
1370 533 95 41 Unde
1430 533 143 41 sequitur
1537 533 119 41 primo,
1621 533 131 41 Angelos
1716 533 83 41 non
1764 533 95 41 esse
1824 533 72 41 ab
1847 533 60 41 ae-

1102 563 114 36 terno:
1181 563 125 36 Sccundo
1272 563 125 36 Angelos
1363 563 80 36 non
1409 563 114 36 fuisse
1488 563 171 36 administros
1625 563 171 36 creationis:
1761 563 125 36 Tertio,
1841 563 57 36 An-

1095 598 107 40 gelos
1166 598 95 40 esse
1226 598 143 40 finitos,
1333 598 83 40 hoc
1380 598 95 40 est,
1440 598 166 40 terminatae
1570 598 83 40 tum
1618 598 190 40 substantiae,
1772 598 83 40 tum
1808 598 83 40 multi

1090 629 134 37 tudinis,
1190 629 78 37 tum
1235 629 156 37 qualitatis
1358 629 67 37 ut
1391 629 168 37 sapientiae,
1525 629 156 37 bonitatis,
1648 629 156 37 potentiae,
1771 629 78 37 tum
1805 629 89 37 perfe-

1105 663 132 38 ctionis
1201 663 84 38 tum
1249 663 155 38 actionis,
1368 663 96 38 quia
1428 663 96 38 omne
1488 663 132 38 creatum
1583 663 84 38 est
1631 663 143 38 finitum.
1739 663 96 38 Etsi
1798 663 96 38 enim
1846 663 60 38 non

1095 695 244 38 circumscribantur
1302 695 122 38 Angeli
1388 695 110 38 loco,
1461 695 110 38 sicut
1534 695 146 38 corpora:
1644 695 110 38 tamen
1717 695 98 38 loco
1766 695 134 38 definiun-

1099 727 93 40 tur,
1157 727 81 40 sic
1204 727 70 40 ut
1239 727 163 40 substantia
1367 727 105 40 eorum
1436 727 81 40 nec
1483 727 70 40 in
1518 727 151 40 infinitum
1634 727 174 40 extendatur,
1773 727 81 40 nec
1808 727 93 40 pluri-

1095 761 85 38 bus
1144 761 97 38 quam
1204 761 85 38 uno
1253 761 73 38 in
1290 761 97 38 loco
1350 761 146 38 exsistat
1460 761 110 38 eodem
1533 761 146 38 tempore,
1642 761 85 38 nec
1691 761 183 38 multitudine
1825 761 73 38 sint

1093 794 153 38 infiniti,
1211 794 83 38 nec
1258 794 153 38 sapientia
1376 794 83 38 vel
1423 794 153 38 bonitate,
1541 794 83 38 vel
1589 794 153 38 potentia,
1707 794 83 38 nec
1742 794 165 38 perfectione.

1098 827 93 38 nec
1151 827 147 38 denique
1258 827 147 38 actione
1364 827 213 38 immensitatem
1538 827 173 38 Creatoris
1671 827 147 38 aequare
1765 827 133 38 possint.

1101 862 118 43 Quarto
1184 862 142 43 sequitur
1291 862 130 43 Angelos
1386 862 95 43 esse
1445 862 154 43 mutabiles
1563 862 107 43 natua
1634 862 83 43 sua
1682 862 83 43 quo
1729 862 71 43 ad
1753 862 142 43 qualitates

1104 893 68 45 πον
1143 893 58 45 το
1172 893 107 45 κκισον,
1250 893 117 45 τξεπιον.

1131 926 164 48 QBIICITUR
1258 926 126 48 primo,
1346 926 164 48 Angelorum
1473 926 177 48 creationem
1612 926 63 48 a
1637 926 101 48 Mose
1700 926 88 48 non
1738 926 139 48 describi.

1121 968 142 36 RESPON.
1225 968 104 36 Etsi
1289 968 117 36 Moses
1367 968 78 36 in
1406 968 155 36 historia
1522 968 181 36 creationis
1665 968 91 36 non
1717 968 117 36 facit
1781 968 117 36 seorsim

1092 1001 191 39 mentionem
1239 1001 206 39 Angelorum,
1401 1001 88 39 ut
1445 1001 103 39 qui
1504 1001 88 39 ad
1548 1001 147 39 captum
1651 1001 191 39 popularem
1798 1001 88 39 se
1827 1001 74 39 ac-

1099 1036 193 37 commodans
1248 1036 208 37 visibilium
1411 1036 134 37 rerum
1500 1036 208 37 creationem
1663 1036 223 37 commemoret:
1827 1036 74 37 ta-

1097 1076 90 37 men
1148 1076 115 37 valde
1225 1076 205 37 consentaneum
1391 1076 102 37 est,
1455 1076 102 37 quod
1519 1076 128 37 statim
1609 1076 77 37 in
1647 1076 166 37 principio
1775 1076 90 37 cum
1826 1076 64 37 &
1839 1076 64 37 in-

1103 1103 116 42 caelo
1180 1103 141 42 supremo
1283 1103 129 42 creati
1373 1103 116 42 sint,
1450 1103 193 42 quemadmodum
1604 1103 154 42 ostendit
1720 1103 154 42 collatio
1823 1103 77 42 pri-

1095 1134 71 35 mi
1131 1134 119 35 versus
1214 1134 71 35 in
1250 1134 107 35 primo
1321 1134 119 35 capite
1404 1134 143 35 Geneseos
1511 1134 83 35 cum
1559 1134 107 35 locis
1630 1134 167 35 Scripturae
1761 1134 71 35 al
1797 1134 83 35 is,
1833 1134 71 35 nem-

1114 1173 63 37 pe
1145 1173 125 37 Geneseos
1239 1173 63 37 2.
1270 1173 94 37 vers.
1333 1173 63 37 1.
1364 1173 104 37 Itaque
1437 1173 125 37 perfecti
1531 1173 83 37 sunt
1583 1173 94 37 caeli
1646 1173 52 37 &
1666 1173 104 37 terra,
1740 1173 125 37 emnisque
1823 1173 73 37 exer-

1101 1200 112 45 citus
1175 1200 149 45 illorum.
1287 1200 87 45 Hic
1336 1200 112 45 certe
1411 1200 161 45 exercitus
1535 1200 124 45 nomine
1622 1200 112 45 etiam
1696 1200 124 45 Angeli
1771 1200 124 45 intelli-

1112 1239 115 43 guntur.
1195 1239 84 43 Item
1248 1239 84 43 Job.
1300 1239 73 43 38.
1342 1239 94 43 vers.
1405 1239 63 43 7.
1436 1239 105 43 Psalm.
1510 1239 84 43 1c4.
1562 1239 63 43 4.
1593 1239 84 43 Joh.
1646 1239 63 43 1.
1677 1239 63 43 v.
1708 1239 63 43 3.
1740 1239 115 43 Coloss.
1824 1239 63 43 1.
1845 1239 52 43 16.

1107 1261 74 50 Heb.
1153 1261 56 50 1.
1181 1261 56 50 v.
1200 1261 37 50 7.

1132 1300 153 46 QBIICITUR
1250 1300 82 46 II.
1297 1300 117 46 Angeli
1379 1300 94 46 sunt
1437 1300 70 46 fi
1473 1300 70 46 ii
1508 1300 94 46 Dei,
1567 1300 94 46 lob.
1625 1300 70 46 1.
1660 1300 59 46 &
1684 1300 82 46 38.
1731 1300 94 46 Ergo
1790 1300 82 46 non
1837 1300 94 46 sunt

1103 1331 112 46 creati,
1184 1331 71 46 sed
1225 1331 61 46 ex
1256 1331 71 46 Deo
1297 1331 102 46 geniti
1368 1331 61 46 ab
1388 1331 92 46 aterno.

1127 1357 114 46 RESP.
1204 1357 114 46 Angei
1280 1357 102 46 sunt
1343 1357 114 46 filii
1420 1357 102 46 Dei,
1483 1357 89 46 tum
1534 1357 102 46 quia
1598 1357 127 46 creati
1687 1357 102 46 sunt
1750 1357 76 46 ad
1776 1357 127 46 imaginem

1111 1404 91 34 Dei,
1167 1404 79 34 cui
1213 1404 91 34 sunt
1270 1404 159 34 conformes:
1394 1404 79 34 tum
1440 1404 91 34 quia
1496 1404 136 34 adoptati
1599 1404 91 34 sunt
1655 1404 68 34 in
1689 1404 125 34 filios.
1780 1404 113 34 Certum
1848 1404 57 34 er-

1102 1430 68 55 go
1136 1430 91 55 est,
1193 1430 125 55 Angelos
1284 1430 91 55 esse
1329 1430 103 55 creatos

1127 1466 126 50 Creati
1215 1466 101 50 vero
1278 1466 101 50 sunt
1341 1466 88 50 non
1391 1466 101 50 ante
1454 1466 126 50 caelum
1542 1466 63 50 &
1567 1466 138 50 terram,
1668 1466 101 50 quia
1731 1466 75 50 in
1756 1466 138 50 principie

1111 1508 83 34 cre
1158 1508 95 34 ivit
1218 1508 95 34 Deus
1277 1508 118 34 caelum
1360 1508 59 34 &
1383 1508 130 34 terram:
1478 1508 107 34 neque
1549 1508 107 34 etiam
1620 1508 95 34 post
1679 1508 142 34 perfecta
1774 1508 130 34 visibilia

1106 1540 129 44 opera,
1196 1540 103 44 quia
1261 1540 103 44 homo
1325 1540 142 44 ultimum
1428 1540 90 44 Dei
1479 1540 103 44 opus
1544 1540 116 44 fuit:
1621 1540 90 44 sed
1672 1540 77 44 ut
1711 1540 167 44 probabile
1827 1540 64 44 est

1112 1580 195 35 quemadmodum
1268 1580 117 35 paulo
1346 1580 104 35 ante
1411 1580 143 35 dictum,
1514 1580 91 35 cum
1566 1580 65 35 &
1592 1580 78 35 in
1631 1580 104 35 ipso
1696 1580 117 35 caelo
1761 1580 130 35 supremo.

1102 1605 181 37 Nequaquam
1241 1605 111 37 enim
1311 1605 167 37 absurdum
1436 1605 111 37 est,
1506 1605 153 37 aliquid
1617 1605 97 37 cum
1672 1605 70 37 &
1700 1605 83 37 in
1742 1605 111 37 alio
1798 1605 97 37 crea-

1098 1641 102 35 tum
1157 1641 73 35 a
1186 1641 102 35 Deo
1244 1641 131 35 eodem
1331 1641 174 35 momento:
1462 1641 102 35 nam
1520 1641 73 35 &
1549 1641 131 35 anima
1636 1641 160 35 Christi
1752 1641 131 35 eodom
1825 1641 58 35 me

1107 1673 107 43 mento
1179 1673 119 43 creata
1262 1673 83 43 est
1310 1673 83 43 cum
1357 1673 60 43 &
1381 1673 72 43 in
1417 1673 143 43 corpore,
1524 1673 72 43 in
1560 1673 107 43 utero
1632 1673 119 43 Mariae
1715 1673 155 43 Virginis.
1822 1673 72 43 Ergo

1110 1705 119 35 Angeli
1193 1705 119 35 creati
1276 1705 95 35 sunt
1336 1705 71 35 in
1371 1705 107 35 caelo
1442 1705 154 35 beatorum,
1561 1705 95 35 quia
1620 1705 107 35 Deus,
1691 1705 83 35 cum
1739 1705 130 35 creavit
1822 1705 71 35 cae-

1104 1739 84 34 lum
1152 1739 156 34 beatorum,
1272 1739 108 34 simul
1344 1739 84 34 cum
1392 1739 96 34 illo
1452 1739 132 34 incolas
1549 1739 96 34 ejus
1609 1739 144 34 creavit.
1717 1739 96 34 Unde
1777 1739 108 34 etiam
1837 1739 60 34 An-

1107 1774 94 37 geli
1166 1774 165 37 defectores
1295 1774 153 37 deturbati
1413 1774 94 37 sunt
1472 1774 59 37 e
1495 1774 118 37 caelo,
1578 1774 106 37 nempe
1648 1774 71 37 in
1683 1774 82 37 quo
1730 1774 129 37 fuerant
1813 1774 82 37 creat

1115 1811 55 35 &
1137 1811 155 35 collocati.
1259 1811 66 35 2.
1292 1811 100 35 Petr.
1359 1811 66 35 2.
1392 1811 66 35 v.
1425 1811 66 35 4.
1458 1811 89 35 Deus
1514 1811 122 35 Angelis
1602 1811 78 35 qui
1646 1811 166 35 peccaverunt
1779 1811 78 35 non
1812 1811 89 35 peper-

1112 1835 75 35 it,
1155 1835 75 35 sed
1198 1835 64 35 in
1230 1835 128 35 tartarum
1326 1835 128 35 detrusos
1422 1835 117 35 catenis
1508 1835 139 35 caliginis
1614 1835 139 35 tradidit,
1721 1835 150 35 damnationi
1828 1835 64 35 ser-

1103 1866 112 41 vatos.
1181 1866 101 41 Judas
1248 1866 101 41 fidus
1316 1866 90 41 Jesu
1372 1866 123 41 Christi
1461 1866 123 41 servus,
1551 1866 112 41 frater
1629 1866 112 41 Jacobi
1708 1866 67 41 in
1741 1866 134 41 epistola
1831 1866 67 41 suae

1104 1902 156 36 Catholica
1224 1902 84 36 ait
1272 1902 96 36 v.6.
1332 1902 132 36 Dominum
1428 1902 132 36 Angelos
1523 1902 84 36 qui
1571 1902 84 36 non
1619 1902 192 36 conservarunt
1775 1902 96 36 suam
1823 1902 72 36 ori-

1096 1935 112 43 ginem,
1174 1935 78 43 sed
1219 1935 168 43 reliquerunt
1353 1935 89 43 suum
1409 1935 168 43 domicilium,
1543 1935 123 43 judicio
1632 1935 101 43 magni
1699 1935 112 43 illius
1777 1935 89 43 diei
1822 1935 67 43 vin-

1098 1970 88 45 culis
1157 1970 118 45 aeternis
1245 1970 69 45 sub
1284 1970 118 45 caligine
1363 1970 127 45 riservasse:

1131 2005 120 52 Quinto
1215 2005 132 52 dicitur
1311 2005 72 52 in
1346 2005 180 52 definitione
1490 2005 96 52 quod
1550 2005 120 52 creati
1634 2005 96 52 sint
1694 2005 72 52 ad
1729 2005 144 52 imaginem
1825 2005 72 52 Dei.

1098 2037 85 45 Hoc
1146 2037 72 45 ut
1182 2037 109 45 recte
1255 2037 205 45 intelligatur,
1424 2037 145 45 dicendum
1533 2037 133 45 aliquid
1629 2037 169 45 communiter
1762 2037 72 45 de
1786 2037 109 45 creatu-

1092 2075 84 39 ris
1140 2075 72 39 ad
1176 2075 143 39 imaginem
1283 2075 84 39 Dei
1319 2075 119 39 creatis.

1125 2114 153 39 Creaturae
1243 2114 71 39 ad
1278 2114 141 39 imaginem
1384 2114 82 39 Dei
1431 2114 118 39 factae
1513 2114 94 39 sunt
1572 2114 153 39 creaturae
1690 2114 176 39 rationales,
1819 2114 94 39 quibus

1094 2137 104 42 Deus
1159 2137 195 42 divinitatis
1315 2137 104 42 suae
1380 2137 156 42 imaginem
1497 2137 182 42 impressit,
1641 2137 65 42 &
1667 2137 117 42 omnes
1745 2137 130 42 quidem
1823 2137 91 42 alias

1095 2173 154 37 creaturas
1214 2173 142 37 materiam
1320 2173 95 37 suae
1379 2173 118 37 laudis
1462 2173 107 37 esse,
1533 2173 71 37 ab
1569 2173 83 37 his
1616 2173 95 37 vero
1675 2173 107 37 etiam
1746 2173 130 37 agnosci
1841 2173 59 37 &
1853 2173 59 37 ce-

1100 2209 141 40 lebrari,
1206 2209 129 40 suamque
1300 2209 106 40 ipsis
1371 2209 176 40 felicitatem
1512 2209 71 40 ac
1547 2209 153 40 laetitiam
1665 2209 176 40 communicare
1806 2209 129 40 voluit.

1128 2237 123 39 Eaeque
1214 2237 98 39 sunt
1275 2237 123 39 factae
1361 2237 74 39 ad
1397 2237 147 39 imaginem
1508 2237 98 39 Dei,
1569 2237 86 39 qua
1618 2237 98 39 Deus
1679 2237 86 39 est
1728 2237 110 39 Deus,
1802 2237 86 39 non
1838 2237 74 39 quam

1094 2274 132 38 trinus
1186 2274 172 38 personis.
1318 2274 172 38 Quamobrem
1451 2274 93 38 non
1504 2274 159 38 dicuntur
1622 2274 119 38 imago
1702 2274 145 38 Sanctae
1794 2274 106 38 Trini-

1099 2306 106 45 tatis,
1173 2306 74 45 sed
1216 2306 95 45 imago
1269 2306 63 45 Dei,

1133 2339 89 45 Non
1184 2339 114 45 omnes
1260 2339 178 45 creaturas,
1400 2339 89 45 sed
1451 2339 127 45 tantum
1540 2339 178 45 rationales
1679 2339 76 45 ad
1717 2339 152 45 imaginem
1819 2339 76 45 Dei,

1106 2373 91 35 esse
1163 2373 149 35 conditas,
1277 2373 114 35 certum
1357 2373 91 35 est:
1414 2373 91 35 Etsi
1471 2373 91 35 enim
1529 2373 103 35 omnes
1597 2373 160 35 creaturae,
1723 2373 103 35 etiam
1792 2373 126 35 minimae
1872 2373 34 35 &

1093 2408 180 40 vilissimae,
1237 2408 132 40 gloriam
1333 2408 84 40 Dei
1381 2408 84 40 suo
1429 2408 96 40 modo
1489 2408 156 40 enatrent,
1610 2408 60 40 &
1634 2408 96 40 Deum
1694 2408 108 40 esse,
1766 2408 120 40 eumque
1838 2408 60 40 sa-

1102 2437 147 38 pientem,
1212 2437 123 38 bonum,
1298 2437 208 38 omnipotentem,
1469 2437 123 38 ubique
1555 2437 172 38 praesentem
1690 2437 98 38 esse
1751 2437 172 38 admoneant,

1089 2472 94 42 sicut
1151 2472 63 42 in
1182 2472 94 42 versu
1245 2472 125 42 dicitur;

1129 2492 189 58 Praesentemque
1284 2492 111 58 refert
1362 2492 144 58 quaelibet
1473 2492 100 58 herba
1528 2492 78 58 Deum:

1122 2533 115 49 Tamen
1199 2533 115 49 solae
1275 2533 166 49 creaturae
1403 2533 179 49 rationales
1544 2533 102 49 Deo,
1607 2533 140 49 tanquam
1710 2533 179 49 archetypo,
1837 2533 64 49 ex-

1089 2568 118 45 pressa
1172 2568 236 45 repraesentatione
1372 2568 177 45 respondent,
1514 2568 71 45 ac
1549 2568 130 45 proinde
1644 2568 106 45 solae
1714 2568 71 45 ad
1750 2568 142 45 imaginem
1844 2568 59 45 Dei

1090 2604 145 39 conditae
1187 2604 60 39 sun

1126 2639 150 39 Interdum
1238 2639 125 39 quidem
1325 2639 150 39 imaginis
1438 2639 87 39 vox
1488 2639 100 39 lata
1550 2639 225 39 significatione
1738 2639 137 39 sumitur
1825 2639 75 39 pro-

1096 2677 174 35 qualicunque
1236 2677 186 35 similitudine
1387 2677 105 35 etiam
1457 2677 116 35 ficta,
1538 2677 105 35 sicut
1608 2677 128 35 pictura
1701 2677 70 35 ad
1724 2677 174 35 repraesentan-

1093 2700 101 46 dum
1150 2700 115 46 Deum
1222 2700 129 46 facta
1308 2700 86 46 ex
1351 2700 172 46 opinione
1480 2700 158 46 humana,
1595 2700 187 46 nominatur
1739 2700 129 46 imago
1811 2700 86 46 Dei.

1094 2735 91 37 Sic
1146 2735 130 37 quidam
1237 2735 169 37 loquuntur
1366 2735 220 37 καταχρνσικώς,
1548 2735 78 37 in
1587 2735 104 37 Sole
1652 2735 104 37 esse
1716 2735 169 37 imaginem,
1846 2735 78 37 id

1098 2773 99 36 est,
1159 2773 198 36 qualemcunque
1320 2773 210 36 similitudinem
1493 2773 87 36 Dei
1543 2773 111 36 unius
1617 2773 161 36 essentia,
1740 2773 111 36 trini
1802 2773 99 36 perso-

1095 2796 104 45 nis;
1160 2796 104 45 item
1225 2796 117 45 Solem
1303 2796 104 45 esse
1368 2796 156 45 imaginem
1485 2796 104 45 Dei,
1549 2796 143 45 nostros
1653 2796 130 45 animos
1731 2796 182 45 illuminantis

1097 2838 63 39 &
1123 2838 150 39 tenebras
1235 2838 138 39 errorum
1336 2838 226 39 calamitatumque
1524 2838 213 39 dispellentis:
1699 2838 88 39 sed
1749 2838 100 39 ista
1799 2838 113 39 signfi-

1097 2872 115 35 catio
1174 2872 127 35 aliena
1263 2872 89 35 est
1314 2872 64 35 a
1339 2872 165 35 praesente
1466 2872 178 35 instituto.
1606 2872 89 35 Nam
1657 2872 178 35 similitudo
1797 2872 64 35 &
1810 2872 102 35 imago,

1090 2903 70 39 si
1125 2903 141 39 accurate
1231 2903 106 39 loqui
1302 2903 141 39 velimus,
1407 2903 164 39 differunt:
1536 2903 94 39 quia
1595 2903 164 39 similitudo
1724 2903 117 39 latius
1806 2903 117 39 patet,
1877 2903 35 39 d

1101 2940 104 38 quam
1166 2940 130 38 imago,
1257 2940 78 38 ut
1296 2940 182 38 Augustinus
1439 2940 130 38 quarto
1531 2940 117 38 tomo,
1609 2940 117 38 libro
1687 2940 169 38 octoginta
1804 2940 91 38 trium

1098 2971 196 38 quaestionum,
1257 2971 171 38 quaestione
1391 2971 269 38 septuagesimatertia
1623 2971 122 38 docet,
1709 2971 86 38 ubi
1758 2971 86 38 est
1794 2971 98 38 imagos

1098 2998 90 40 ibi
1149 2998 128 40 statim
1239 2998 115 40 etiam
1316 2998 102 40 esse
1380 2998 230 40 similitudinem,
1572 2998 90 40 sed
1623 2998 90 40 non
1674 2998 141 40 contra.
1777 2998 115 40 Inter
1841 2998 51 40 o-

1092 3036 89 33 vum
1143 3036 101 33 enim
1206 3036 63 33 &
1231 3036 101 33 ovum
1295 3036 152 33 similitu
1408 3036 76 33 lo
1446 3036 101 33 est,
1510 3036 76 33 at
1548 3036 89 33 non
1598 3036 126 33 imago.
1687 3036 114 33 Nulla
1763 3036 89 33 res
1800 3036 89 33 crea-

1097 3073 75 33 ta
1135 3073 101 33 est,
1198 3073 101 33 quae
1261 3073 88 33 non
1311 3073 138 33 aliquam
1412 3073 88 33 cum
1462 3073 88 33 Deo
1512 3073 214 33 similitudinem
1688 3073 138 33 habeat,
1788 3073 101 33 quia
1839 3073 50 33 o-

1094 3094 98 43 mnis
1155 3094 147 43 effectus
1266 3094 209 43 similitudinem
1438 3094 135 43 aliquam
1536 3094 123 43 habeat
1622 3094 86 43 cum
1671 3094 86 43 sua
1720 3094 111 43 causa
1781 3094 111 43 necesse

1102 3129 93 41 est:
1161 3129 58 41 &
1184 3129 129 41 illatum
1278 3129 105 41 aliae
1348 3129 117 41 magis,
1429 3129 105 41 aliae
1500 3129 105 41 minus
1570 3129 129 41 similes
1663 3129 93 41 sunt
1721 3129 93 41 Deo,
1780 3129 82 41 cum
1815 3129 70 41 alia

1092 3167 108 44 tantum
1168 3167 119 44 habeant
1255 3167 98 44 Esse,
1320 3167 98 44 aliae
1385 3167 98 44 etiam
1450 3167 108 44 vitam,
1526 3167 98 44 aliae
1591 3167 141 44 praeterea
1699 3167 163 44 cognitionem
1818 3167 65 44 quo
