2063 3370
150 157 90 52 que
202 157 155 52 aliquam;
318 157 65 52 &
344 157 90 52 cum
395 157 116 52 omnes
473 157 103 52 sint
537 157 116 52 banae
615 157 77 52 in
653 157 90 52 suo
705 157 129 52 genere
795 157 65 52 &
821 157 129 52 gradu.
898 157 65 52 Ita

150 198 104 44 nihil
220 198 70 44 in
255 198 104 44 mundo
324 198 93 44 est,
382 198 70 44 in
417 198 81 44 quo
463 198 81 44 non
510 198 127 44 aliquod
602 198 93 44 Dei,
660 198 185 44 bonitatisque
811 198 127 44 divinae
892 198 58 44 ve-

154 226 130 51 stigium
248 226 153 51 impressum
354 226 177 51 conspiciatur.

183 254 84 48 Sed
231 254 132 48 interim
327 254 96 48 sola
388 254 144 48 creatura
496 254 168 48 rationalis
628 254 84 48 est
676 254 108 48 imago
748 254 84 48 Dei
797 254 60 48 &
821 254 72 48 ad
845 254 96 48 imagi-

154 300 83 34 nem
202 300 83 34 Dei
249 300 119 34 facta.
333 300 72 34 Ut
369 300 95 34 enim
428 300 131 34 aliquid
524 300 95 34 vere
583 300 95 34 dici
643 300 107 34 queat
715 300 143 34 alterius
822 300 83 34 rer
858 300 95 34 imago,

150 323 81 39 duo
197 323 184 39 requiruntur.
346 323 115 39 Primum
427 323 161 39 requiritur
553 323 69 39 ut
588 323 81 39 sit
634 323 81 39 aut
680 323 69 39 ex
714 323 69 39 ea
749 323 69 39 re
783 323 161 39 expressum,
898 323 58 39 aut

153 358 69 40 ad
188 358 139 40 exemplar
292 358 115 40 illius
373 358 81 40 rei
419 358 185 40 efforimatum,
569 358 139 40 alioquin
673 358 127 40 etiamsi
765 358 115 40 simile
846 358 81 40 sit
881 358 69 40 illi

149 390 91 40 rei,
206 390 114 40 illius
285 390 103 40 tamen
354 390 103 40 imago
422 390 91 40 dici
479 390 80 40 non
525 390 137 40 poterit.
628 390 91 40 Quid
685 390 91 40 enim
742 390 114 40 inagis
822 390 114 40 simile
890 390 57 40 est

156 427 105 39 ovo,
221 427 105 39 quam
287 427 118 39 ovum?
365 427 105 39 ovum
431 427 118 39 tamen
509 427 105 39 unum
575 427 157 39 alterius
692 427 92 39 ovi
745 427 118 39 imago
823 427 144 39 nunquam

162 460 117 38 dicetur.

198 483 104 46 Neque
268 483 139 46 quilibet
372 483 104 46 homo,
441 483 139 46 alterius
545 483 127 46 hominis
637 483 81 46 est
683 483 115 46 imago:
764 483 81 46 sed
810 483 115 46 filius
880 483 69 46 ima-

171 523 63 46 go
202 523 73 46 est
244 523 105 46 patris
317 523 73 46 sui
359 523 84 46 quia
412 523 63 46 ex
443 523 94 46 parre
506 523 73 46 suo
548 523 136 46 expiessus
653 523 52 46 &
674 523 115 46 genitus
757 523 84 46 est.
810 523 105 46 Figura
873 523 73 46 sigil

164 555 76 44 li,
208 555 65 44 in
240 555 87 44 cera
295 555 142 44 expressa,
404 555 109 44 illius
480 555 76 44 est
523 555 109 44 imago.
600 555 109 44 Caesar
676 555 109 44 pictus
752 555 76 44 est
796 555 98 44 imago
850 555 109 44 viventis

162 583 156 43 Caesaris,
282 583 96 43 quia
342 583 72 43 ad
377 583 108 43 hujus
449 583 144 43 essigiem
557 583 60 43 &
581 583 132 43 formam,
677 583 96 43 ille
737 583 120 43 pictus
808 583 144 43 efformatur

167 619 77 40 est
211 619 55 40 &
233 619 154 40 efflictus.
354 619 66 40 Et
388 619 132 40 cujusque
487 619 121 40 hominis
575 619 132 40 speculum
674 619 143 40 intuentis
785 619 110 40 vultus
851 619 99 40 similis

164 651 68 38 in
198 651 125 38 speculo
289 651 148 38 relucens,
402 651 114 38 nativi
482 651 114 38 vultus
561 651 102 38 imago
629 651 91 38 est:
686 651 91 38 quia
743 651 68 38 ex
777 651 114 38 nativo
857 651 102 38 vultu
914 651 45 38 in

158 682 121 44 speculo
246 682 77 44 est
290 682 143 44 expresia.
401 682 77 44 Hoc
445 682 110 44 igitur
522 682 99 44 primo
588 682 165 44 requititur,
720 682 66 44 ut
754 682 121 44 aliquid
842 682 77 44 sit
875 682 66 44 imag

168 724 126 27 alterius
262 724 84 27 rei.
314 724 115 27 Secundo
398 724 157 27 requiritur,
524 724 63 27 ut
555 724 63 27 id
587 724 115 27 referat
671 724 63 27 ac
702 724 168 27 repraesentet
838 724 73 27 vel
870 724 73 27 essen

160 749 112 39 tialem
238 749 112 39 formam
317 749 78 39 vel
361 749 190 39 accidentalem,
518 749 78 39 hoc
563 749 90 39 est,
619 749 157 39 specificam
742 749 112 39 illius
821 749 78 39 rei
865 749 78 39 vel
899 749 56 39 es-

169 781 141 36 sentiam,
275 781 82 36 vel
322 781 141 36 figuram,
427 781 129 36 aliamve
521 781 176 36 qualitatem,
662 781 82 36 vel
709 781 141 36 utramque
815 781 117 36 simul:
897 781 106 36 alio

169 818 86 37 qui
218 818 74 37 si
255 818 159 37 generalem
377 818 123 37 tantum
463 818 61 37 &
487 818 159 37 essentiam
610 818 61 37 &
634 818 172 37 qualitatem
769 818 147 37 referat,
867 818 86 37 imagi

169 847 92 35 dici
227 847 81 35 non
273 847 138 35 debebit.
377 847 81 35 Sic
423 847 104 35 licet
492 847 92 35 ovum
550 847 58 35 e
573 847 127 35 gallina
665 847 173 35 exprimatur,
804 847 58 35 &
827 847 115 35 vermis
896 847 69 35 nas-

161 884 114 33 catur
237 884 76 33 ex
275 884 139 33 homine:
376 884 101 33 quis
440 884 114 33 tamen
515 884 101 33 ovum
579 884 152 33 imaginem
692 884 164 33 gallinae,
819 884 89 33 aut
857 884 101 33 vermem

167 912 137 41 imaginem
269 912 125 41 hominis
360 912 148 41 appellet?
474 912 80 41 Sed
519 912 114 41 filius
599 912 148 41 quilibet:
713 912 102 41 imago
781 912 80 41 sui
827 912 114 41 patris
895 912 57 41 est

165 949 95 37 quia
225 949 60 37 &
249 949 155 37 essentiam
368 949 119 37 illius
451 949 179 37 specificam,
594 949 60 37 &
618 949 131 37 ffigiem
714 949 155 37 formamque
821 949 131 37 repraesen

177 973 81 46 at.
224 973 150 46 Similiter
339 973 127 46 pictura
431 973 81 46 vel
477 973 115 46 statva
558 973 127 46 hominis
650 973 69 46 et
684 973 104 46 imago
754 973 138 46 hominis:
857 973 92 46 quia
903 973 58 46 li-

166 1014 79 40 cet
211 1014 147 40 essentiam
324 1014 79 40 non
369 1014 192 40 repraesentet,
527 1014 124 40 figuram
617 1014 102 40 tamen
685 1014 56 40 &
708 1014 135 40 effigiem
809 1014 124 40 refert.
888 1014 68 40 Ima-

172 1038 69 48 go
206 1038 114 48 igitur
286 1038 126 48 proprie
377 1038 148 48 loquendo,
491 1038 80 48 est
537 1038 69 48 id
571 1038 91 48 quod
628 1038 69 48 ex
663 1038 114 48 aliqua
743 1038 69 48 re
777 1038 80 48 vel
823 1038 69 48 ad
857 1038 137 48 exemplar

173 1078 130 36 alicujus
271 1078 76 36 rei
314 1078 141 36 expressum
423 1078 87 36 est,
477 1078 185 36 repraesentans
629 1078 76 36 aut
673 1078 130 36 propriam
770 1078 109 36 illius
846 1078 76 36 rei
879 1078 76 36 essem

167 1112 102 36 tiam
231 1112 115 36 atque
308 1112 154 36 naturam,
423 1112 90 36 aut
474 1112 154 36 propriam
590 1112 141 36 aliquam
692 1112 179 36 qualitatem
833 1112 90 36 vel
871 1112 90 36 figu-

176 1141 91 39 ram
228 1141 91 39 aut
280 1141 169 39 utramque.
410 1141 91 39 Est
462 1141 117 39 autem
540 1141 195 39 manifestum,
695 1141 91 39 per
747 1141 130 39 nullam
825 1141 143 39 creaturam

171 1176 101 35 mere
234 1176 164 35 corpoream
360 1176 214 35 repraesentari
537 1176 113 35 posse
612 1176 88 35 Dei
663 1176 164 35 essentiam
789 1176 113 35 atque
852 1176 113 35 naturam

175 1209 87 38 quae
230 1209 163 38 spiritualis
360 1209 87 38 est,
415 1209 54 38 &
436 1209 163 38 incorporea,
567 1209 163 38 intelligens
698 1209 54 38 &
719 1209 109 38 libera
796 1209 142 38 voluntate
894 1209 65 38 prae

178 1234 96 45 dita:
242 1234 64 45 Ac
274 1234 117 45 proinde
360 1234 96 45 licet
423 1234 149 45 similitudo
541 1234 107 45 aliqua
615 1234 149 45 essentiae,
733 1234 96 45 vitae
796 1234 53 45 &
818 1234 139 45 bonitatis
914 1234 53 45 di-

182 1270 102 39 vinae
250 1270 68 39 in
284 1270 102 39 rebus
352 1270 91 39 mere
409 1270 148 39 corporeis
522 1270 148 39 reluceat:
636 1270 68 39 in
670 1270 102 39 nulla
738 1270 102 39 tamen
806 1270 125 39 illarum
886 1270 79 39 image

176 1300 89 41 Dei
227 1300 152 41 expressa
341 1300 102 41 est.
405 1300 178 41 Quapropter
545 1300 114 41 imago
621 1300 89 41 Dei
672 1300 127 41 creata
761 1300 102 41 (nam
824 1300 76 41 de
850 1300 114 41 increa-

178 1335 70 41 ta
213 1335 59 41 &
237 1335 164 41 essentiali
366 1335 129 41 imagine
460 1335 94 41 Dei,
518 1335 94 41 quae
577 1335 82 41 est
624 1335 141 41 aeternus
729 1335 117 41 Filius
812 1335 82 41 Dei
858 1335 82 41 hoc
894 1335 70 41 loce

180 1366 84 52 non
228 1366 133 52 agitur)
325 1366 121 52 tantum
409 1366 84 52 est
457 1366 72 52 in
494 1366 157 52 creaturis
614 1366 205 52 rationalibus;
783 1366 60 52 &
807 1366 72 52 in
843 1366 96 52 hunc
892 1366 84 52 modum

173 1402 150 41 definitur:

204 1426 151 49 IMAGODEI
318 1426 75 49 in
355 1426 164 49 creaturis
481 1426 214 49 rationalibus,
657 1426 88 49 est
708 1426 176 49 similitudo
846 1426 138 49 naturae
934 1426 63 49 di-

181 1467 109 40 vinae
253 1467 157 40 creaturis
374 1467 193 40 rationalibus
531 1467 145 40 impressa
639 1467 60 40 a
663 1467 96 40 Deo,
724 1467 72 40 ut
760 1467 109 40 ipsum
832 1467 133 40 tanquam
917 1467 60 40 ar-

183 1496 143 49 chetypum
290 1496 59 49 &
314 1496 119 49 patrem
397 1496 143 49 referant
504 1496 107 49 atque
564 1496 190 49 repraesentent.

205 1519 115 46 Partes
285 1519 138 46 imaginis
388 1519 92 46 Dei,
445 1519 69 46 ad
480 1519 92 46 quam
537 1519 149 46 creaturae
652 1519 160 46 rationales
778 1519 92 46 sunt
835 1519 126 46 factae,
915 1519 69 46 duae

191 1559 102 39 sunt:
259 1559 113 39 prima,
338 1559 79 39 est
383 1559 90 39 ipsa
439 1559 170 39 spiritualis
575 1559 158 39 substantia
699 1559 158 39 incorporea
824 1559 57 39 &
835 1559 147 39 immortalis,

199 1596 76 43 Joh.
246 1596 57 43 4.
274 1596 57 43 v.
302 1596 66 43 24.
340 1596 57 43 1.
369 1596 76 43 Tim.
416 1596 57 43 6.
435 1596 47 43 16.

232 1627 175 45 QUAERITUR,
369 1627 100 45 Quum
431 1627 112 45 imago
506 1627 87 45 Dei
556 1627 75 45 in
593 1627 162 45 creaturis
718 1627 199 45 rationalibus
880 1627 87 45 sit
917 1627 50 45 ac

202 1655 155 43 identalis,
324 1655 67 43 ac
357 1655 122 43 proinde
446 1655 133 43 accidens
546 1655 133 43 quoddam,
645 1655 122 43 quomodo
734 1655 155 43 substantia
845 1655 144 43 spiritualis

185 1693 72 44 sit
226 1693 83 44 pars
278 1693 124 44 eiustnum
371 1693 145 44 substantia
484 1693 103 44 possit
557 1693 83 44 pars
608 1693 83 44 esse
650 1693 134 44 accidentis:

225 1716 108 46 RESP.
297 1716 168 46 Substantia
429 1716 144 46 absolute
537 1716 132 46 accepta
633 1716 84 46 non
681 1716 84 46 est
729 1716 96 46 pars
789 1716 180 46 accidentis,
921 1716 60 46 sed

180 1752 143 43 quatenus
287 1752 83 43 est
335 1752 155 43 subjectum
454 1752 155 43 ordinatum
574 1752 72 43 ad
609 1752 107 43 aliud
681 1752 83 43 seu
729 1752 143 43 relatum,
836 1752 131 43 catenus
919 1752 60 43 fi-

185 1786 135 40 accidens
286 1786 102 40 alii,
354 1786 68 40 ac
388 1786 124 40 proinde
478 1786 79 40 rei
523 1786 181 40 accidentalis
670 1786 90 40 pars
726 1786 113 40 statui
805 1786 124 40 potest.
884 1786 102 40 Exempli

187 1826 125 40 gratia:
278 1826 171 40 Sacramentum
415 1826 137 40 respectu
517 1826 125 40 federis
608 1826 114 40 divini
688 1826 103 40 cujus
756 1826 103 40 illud
825 1826 80 40 est
859 1826 114 40 sigillum

186 1857 82 36 est
233 1857 141 36 accidens
339 1857 141 36 quoddam,
445 1857 59 36 &
468 1857 106 36 tamen
539 1857 164 36 Sacramenti
668 1857 94 36 pars
726 1857 82 36 est
773 1857 164 36 substantia
891 1857 82 36 quae-

189 1885 96 40 dam,
249 1885 144 40 quatenus
357 1885 144 40 ordinata
465 1885 84 40 est
513 1885 72 40 ad
549 1885 204 40 significandum
716 1885 144 40 quiddam:
824 1885 120 40 veluti
896 1885 84 40 arhos

193 1913 98 45 vitae
259 1913 55 45 &
280 1913 98 45 arbor
346 1913 142 45 scientiae
455 1913 87 45 boni
510 1913 55 45 &
531 1913 98 45 mali,
597 1913 98 45 agnus
662 1913 65 45 in
695 1913 142 45 Paschate,
804 1913 87 45 aqua
859 1913 65 45 in
881 1913 98 45 Baptis-

182 1948 94 42 mo,
235 1948 121 42 panis
316 1948 67 42 &
342 1948 121 42 vinum
423 1948 80 42 in
463 1948 121 42 Coena
543 1948 147 42 Domini,
650 1948 94 42 &c.
704 1948 94 42 Est
757 1948 107 42 enim
811 1948 174 42 Sacramentum

186 1985 107 43 totum
257 1985 130 43 quiddam
352 1985 83 43 per
399 1985 154 43 accidens,
518 1985 83 43 seu
565 1985 71 43 ut
601 1985 95 43 alii
660 1985 118 43 malunt
743 1985 118 43 loqui,
826 1985 107 43 totum
885 1985 83 43 aggre

188 2013 139 46 gativum:
293 2013 81 46 ita
339 2013 104 46 etiam
408 2013 104 46 imago
478 2013 81 46 Dei
524 2013 69 46 in
558 2013 150 46 creaturis
663 2013 173 46 rationalibus.

214 2037 123 47 Secunda
304 2037 90 47 pars
360 2037 90 47 sunt
416 2037 101 47 dotes
483 2037 79 47 seu
528 2037 180 47 proprietates
674 2037 146 47 creaturae
786 2037 146 47 rationali
887 2037 90 47 attri

193 2083 73 41 butae

224 2101 88 48 His
275 2101 88 48 ita
325 2101 188 48 praemissis,
475 2101 163 48 probandum
600 2101 113 48 nobis
676 2101 100 48 est,
738 2101 138 48 Angelos
839 2101 75 48 ad
864 2101 125 48 imaginem

199 2144 82 39 Dei
246 2144 128 39 creatos
339 2144 105 39 esse:
410 2144 70 39 id
445 2144 105 39 autem
515 2144 152 39 sequentia
631 2144 152 39 argumenta
737 2144 128 39 evincunt.

233 2176 63 37 I.
264 2176 84 37 Quia
316 2176 146 37 creatisunt
431 2176 94 37 filii
494 2176 84 37 Dei,
546 2176 84 37 Job.
599 2176 63 37 1.
630 2176 63 37 v.
661 2176 63 37 6.
693 2176 52 37 &
714 2176 73 37 38.
745 2176 42 37 7.

230 2205 78 38 II.
274 2205 89 38 Quia
330 2205 111 38 creati
408 2205 89 38 sunt
463 2205 167 38 substantiae
596 2205 167 38 spirituales
730 2205 56 38 &
741 2205 133 38 rationales

233 2244 86 41 III.
287 2244 86 41 Quia
341 2244 108 41 creati
416 2244 86 41 sunt
470 2244 108 41 justi,
545 2244 108 41 sncti,
610 2244 65 41 puri

236 2269 94 43 IV.
289 2269 107 43 Quia
356 2269 174 43 Angelorum
490 2269 147 43 bonorum
597 2269 201 43 sanctitatem
758 2269 67 43 &
785 2269 174 43 justitiam
906 2269 80 43 imi-

196 2310 86 44 tati
250 2310 128 44 debemus,
346 2310 64 44 ut
378 2310 96 44 tales
442 2310 64 44 in
474 2310 107 44 terris
549 2310 107 44 simus,
624 2310 107 44 quales
699 2310 86 44 sunt
752 2310 107 44 Angeli
827 2310 64 44 in
859 2310 107 44 caelo,
923 2310 75 44 Matt.

217 2339 53 41 6.
244 2339 80 41 vers.
288 2339 44 41 10.

241 2367 73 43 V.
277 2367 98 43 Quia
338 2367 134 43 Angelis
436 2367 110 43 bonis
509 2367 134 43 similes
607 2367 122 43 erimus
692 2367 98 43 post
753 2367 183 43 universalem
887 2367 98 43 resur.

206 2402 155 42 rectionem,
328 2402 111 42 Matth.
405 2402 78 42 22.
450 2402 66 42 v.
472 2402 55 42 36.

228 2429 100 45 Imago
295 2429 78 45 Dei
339 2429 67 45 in
373 2429 134 45 Angelis,
473 2429 78 45 est
517 2429 156 45 similitudo
640 2429 122 45 divinae
729 2429 134 45 naturae,
829 2429 122 45 Angelis
918 2429 56 45 a
929 2429 56 45 Dei

205 2468 138 40 impressa
308 2468 69 40 in
342 2468 103 40 prima
411 2468 161 40 creatione,
538 2468 69 40 ut
572 2468 103 40 ipsum
641 2468 126 40 tanquam
733 2468 103 40 filii
802 2468 80 40 Dei
848 2468 92 40 suum
894 2468 92 40 patrem

190 2505 127 47 referrent

244 2523 109 46 Partes
320 2523 131 46 imaginis
418 2523 76 46 Dei
462 2523 65 46 in
494 2523 120 46 Angelis
581 2523 87 46 sunt
636 2523 98 46 duae:
701 2523 98 46 prima
766 2523 76 46 est
810 2523 87 46 ipsa
854 2523 141 46 substantia.

205 2562 166 40 Angelorum
333 2562 192 40 incorporea,
486 2562 102 40 quam
550 2562 102 40 Deum
614 2562 153 40 referunt
729 2562 204 40 incorporeum:
882 2562 115 40 secunda

207 2597 86 45 sunt
261 2597 162 45 excellentes
391 2597 184 45 proprietates,
542 2597 140 45 Angelicae
650 2597 162 45 substantiae
779 2597 130 45 tributae
876 2597 54 45 a
887 2597 65 45 Deo.

242 2623 176 48 QUAERITUR,
381 2623 101 48 Quum
444 2623 113 48 imago
519 2623 88 48 Dei
570 2623 76 48 in
608 2623 139 48 Angilis
708 2623 88 48 sit
759 2623 214 48 accidantalis,
922 2623 76 48 (so-

210 2653 75 47 lus
253 2653 85 47 enim
306 2653 128 47 aeternus
402 2653 106 47 Filius
476 2653 75 47 Dei
519 2653 75 47 est
562 2653 96 47 imago
625 2653 75 47 Dei
668 2653 181 47 efsentialis;)
817 2653 149 47 substantia
923 2653 75 47 autem

209 2699 140 39 Angelorum
317 2699 173 39 constituatur
458 2699 86 39 pars
512 2699 130 39 imaginis
609 2699 119 39 illius,
695 2699 65 39 an
728 2699 151 39 substantia
847 2699 86 39 fiat
901 2699 86 39 pars
944 2699 54 39 ac

197 2727 117 36 cidentis:

247 2752 111 49 RESP.
320 2752 111 49 Imago
394 2752 86 49 Dei
444 2752 86 49 est
493 2752 111 49 totum
566 2752 148 49 quoddam,
677 2752 86 49 non
726 2752 86 49 per
776 2752 86 49 se,
825 2752 86 49 sed
874 2752 86 49 per
911 2752 86 49 acci-

213 2789 104 38 dens:
283 2789 81 38 nam
329 2789 128 38 constat
422 2789 139 38 subjecto
526 2789 58 38 &
550 2789 151 38 accidente
665 2789 151 38 Subjectum
781 2789 104 38 ipsum
851 2789 81 38 est
886 2789 104 38 substam

205 2823 90 39 tia:
261 2823 180 39 proprietites
407 2823 101 39 autem
475 2823 90 39 sunt
531 2823 157 39 accidentia
655 2823 112 39 Deinde
733 2823 157 39 substantia
857 2823 112 39 potest
925 2823 67 39 con-

205 2860 138 36 siderati
308 2860 69 36 ut
342 2860 138 36 ordinata
446 2860 69 36 ad
480 2860 115 36 aliud,
561 2860 69 36 ut
595 2860 149 36 ostendunt
710 2860 103 36 signa
779 2860 207 36 sacramentalia,
940 2860 69 36 quae

210 2889 156 41 elementa
327 2889 169 41 dicuntur,
457 2889 195 41 quemadmodum
613 2889 117 41 paulo
691 2889 104 41 ante
743 2889 117 41 dictum.

255 2918 189 45 Proprietates
409 2918 118 45 illae,
492 2918 118 45 quarum
575 2918 118 45 Deitas
658 2918 166 45 archetypus
788 2918 95 45 est,
847 2918 107 45 imago
918 2918 107 45 autem
977 2918 36 45 &

211 2949 159 45 similitudo
336 2949 68 45 in
370 2949 136 45 Angelis,
472 2949 91 45 sunt
529 2949 91 45 vita
585 2949 57 45 &
608 2949 193 45 immortalitas,
767 2949 148 45 beatitudo
880 2949 57 45 &
892 2949 102 45 gloria.

259 2986 87 39 Vita
314 2986 142 39 Angelorum
423 2986 76 39 vel
467 2986 142 39 naturalis
576 2986 87 39 est,
630 2986 76 39 vel
663 2986 175 39 supernaturalis

242 3015 149 42 Naturalis
356 3015 92 42 vita
413 3015 160 42 Angelorum,
540 3015 80 42 est
585 3015 80 42 vis
631 3015 69 42 in
666 3015 115 42 natura
746 3015 126 42 ipsorum
838 3015 138 42 condita,
941 3015 80 42 qui

213 3048 72 37 de
249 3048 96 37 loco
309 3048 72 37 in
346 3048 109 37 locum
418 3048 60 37 &
442 3048 84 37 per
490 3048 109 37 media
563 3048 96 37 loca
623 3048 169 37 transeunt:
756 3048 96 37 quam
816 3048 84 37 vel
864 3048 157 37 immediate
973 3048 60 37 per

208 3086 78 40 se,
252 3086 78 40 vel
297 3086 78 40 per
341 3086 144 40 naturalia
452 3086 122 40 agentia
540 3086 55 40 a
562 3086 66 40 se
595 3086 89 40 mota
651 3086 66 40 in
684 3086 100 40 aliis
750 3086 78 40 res
795 3086 122 40 creatas
883 3086 100 40 agere
939 3086 55 40 po-

208 3118 97 48 sunt:
273 3118 75 48 qua
316 3118 118 48 ratioci
402 3118 118 48 nantur,
488 3118 54 48 &
510 3118 86 48 alia
563 3118 97 48 vitae
628 3118 97 48 opera
682 3118 75 48 edum,

1024 156 134 45 Angelos
1121 156 73 45 de
1157 156 97 45 loco
1218 156 73 45 in
1255 156 109 45 locum
1327 156 61 45 &
1352 156 85 45 per
1400 156 170 45 intermedia
1534 156 97 45 loca
1595 156 146 45 transine
1692 156 97 45 certum

986 198 93 41 est,
1044 198 93 41 quia
1102 198 58 41 e
1125 198 104 41 caelo
1195 198 69 41 in
1230 198 116 41 terram
1311 198 151 41 mittuntur
1426 198 69 41 ad
1461 198 127 41 homines
1554 198 58 41 &
1577 198 69 41 in
1612 198 116 41 caelum
1681 198 116 41 redeunt,

1001 229 84 38 Luc.
1053 229 63 38 1.
1084 229 63 38 v.
1116 229 73 38 19.
1158 229 63 38 Et
1189 229 147 38 respondens
1304 229 115 38 Angelus
1388 229 94 38 dixit
1451 229 73 38 ei,
1492 229 73 38 Ego
1534 229 73 38 sum
1576 229 115 38 Gabriel
1660 229 73 38 qui
1702 229 94 38 adsto
1754 229 42 38 in

992 263 139 39 conspectu
1100 263 86 39 Dei:
1153 263 139 39 missusque
1260 263 75 39 sum
1303 263 64 39 ut
1336 263 64 39 te
1368 263 139 39 alloquar,
1475 263 54 39 &
1496 263 86 39 haec
1550 263 86 39 tibi
1604 263 86 39 lata
1657 263 129 39 nunciem.
1743 263 43 39 E-

999 296 71 33 v.
1035 296 83 33 26.
1082 296 107 33 Mense
1154 296 107 33 autem
1225 296 107 33 sexto
1296 296 119 33 missus
1380 296 83 33 est
1427 296 131 33 Angelus
1522 296 131 33 Gabriet
1618 296 59 33 a
1641 296 83 33 Deo
1689 296 71 33 in
1713 296 83 33 urbem

995 328 138 33 Galilaae,
1102 328 75 33 &c.
1144 328 64 33 Et
1176 328 85 33 cap.
1230 328 64 33 2.
1261 328 64 33 v.
1293 328 64 33 3,
1325 328 75 33 14,
1368 328 64 33 15
1400 328 64 33 Et
1432 328 117 33 repente
1517 328 106 33 adfuit
1591 328 75 33 cum
1634 328 106 33 Angelo
1698 328 85 33 multi-

994 360 96 36 tudo
1054 360 168 36 exercituum
1186 360 168 36 calestium,
1318 360 168 36 laudantium
1451 360 108 36 Deum,
1523 360 60 36 &
1547 360 156 36 dicentum,
1667 360 120 36 Gloria
1739 360 48 36 in

995 392 107 33 caelis
1070 392 150 33 altissimis
1188 392 86 33 Deo,
1242 392 54 33 &
1263 392 64 33 in
1296 392 97 33 terra
1360 392 86 33 pax,
1414 392 64 33 in
1446 392 118 33 homines
1532 392 182 33 benevolentia.
1682 392 64 33 Et
1703 392 86 33 factum

1005 426 78 41 ist,
1054 426 59 41 ut
1084 426 157 41 discesserunt
1211 426 59 41 ab
1241 426 69 41 eis
1280 426 98 41 Angeli
1349 426 59 41 in
1378 426 108 41 caelum,
1456 426 69 41 &c.
1496 426 88 41 Zach.
1555 426 59 41 1.
1584 426 88 41 vers.
1643 426 69 41 10.
1682 426 108 41 dicitur
1751 426 39 41 de

1003 459 144 39 Angelis,
1111 459 72 39 Hi
1147 459 96 39 sunt
1207 459 96 39 quos
1267 459 108 39 misit
1339 459 120 39 Iehova
1423 459 72 39 ad
1459 459 204 39 perambulandum
1627 459 132 39 terram.
1711 459 72 39 Hebi

1025 495 70 37 14.
1065 495 50 37 1
1085 495 80 37 Reg.
1135 495 60 37 22
1165 495 50 37 v
1185 495 60 37 2.
1215 495 80 37 Job.
1264 495 60 37 1.
1294 495 60 37 v.
1324 495 60 37 6,
1354 495 60 37 7,
1374 495 50 37 12.

1030 517 72 43 Ut
1066 517 109 43 autem
1139 517 97 43 loco
1199 517 169 43 moveantur,
1332 517 97 43 mora
1392 517 145 43 temporis
1500 517 97 43 opus
1561 517 84 43 non
1609 517 133 43 habent:
1706 517 84 43 sed
1742 517 48 43 in

1003 555 134 38 tempore
1100 555 220 38 imperceptibili
1283 555 207 38 expeditissime
1454 555 146 38 moventur
1564 555 122 38 instar
1650 555 159 38 ventorum,
1759 555 37 38 &

1002 593 105 47 nihil
1072 593 140 47 remorari
1177 593 128 47 illorum
1270 593 105 47 motum
1340 593 128 47 potest,
1433 593 116 47 Actor.
1515 593 70 47 1.
1550 593 70 47 v.
1585 593 82 47 10.
1631 593 58 47 &
1655 593 93 47 cap.
1713 593 58 47 5
1736 593 82 47 19.
1771 593 35 47 &

1002 619 79 44 cap.
1051 619 69 44 12.
1091 619 59 44 7,
1120 619 59 44 8,
1150 619 59 44 9,
1179 619 69 44 10.
1219 619 59 44 2.
1248 619 69 44 Reg
1287 619 69 44 19.
1317 619 49 44 35.

1018 642 222 56 Supernaturalis
1202 642 98 56 vita
1264 642 172 56 Angelorum,
1399 642 86 56 est
1448 642 172 56 conjunctio
1584 642 135 56 illorum
1682 642 86 56 cum
1719 642 74 56 Deo.

1000 686 79 40 cum
1045 686 79 40 quo
1090 686 79 40 qui
1135 686 101 40 uniti
1202 686 101 40 sunt,
1270 686 90 40 vere
1315 686 90 40 vivunt

1028 706 168 56 Naturalem
1158 706 117 56 vitam
1235 706 117 56 omnes
1313 706 129 56 Angeli
1404 706 168 56 retinent:
1533 706 233 56 supernaturalem
1714 706 78 56 mali

1000 751 158 40 amiserunt
1121 751 85 40 per
1170 751 133 40 lapsum,
1267 751 146 40 separati
1376 751 61 40 a
1400 751 170 40 communione
1521 751 61 40 Dei

1029 782 193 32 Immortalitas
1186 782 169 32 Angelorum,
1319 782 85 32 est
1367 782 145 32 potentia
1476 782 85 32 non
1524 782 157 32 moriendi,
1645 782 85 32 sed
1681 782 121 32 continu-

1007 817 86 36 andi
1061 817 86 36 vita
1115 817 97 36 semel
1179 817 129 36 accepta.
1276 817 65 36 Ea
1309 817 97 36 itide
1373 817 108 36 duplex
1449 817 86 36 est,
1502 817 140 36 naturalis
1610 817 54 36 &
1621 817 172 36 supernaturalis

1044 847 150 39 Naturalis
1160 847 185 39 immortalitas
1310 847 162 39 Angelorum,
1437 847 81 39 est
1483 847 81 39 qua
1529 847 127 39 illorum
1622 847 162 39 substantia
1737 847 58 39 non

1000 869 123 51 desinit
1089 869 112 51 natura
1168 869 56 51 i
1190 869 90 51 vita
1246 869 123 51 vivere,
1336 869 78 51 sed
1381 869 78 51 ita
1426 869 56 51 a
1448 869 135 51 creatore
1549 869 179 51 sustentatur,
1695 869 67 51 ut
1729 869 90 51 mori
1773 869 34 51 &

1014 916 142 35 corrumpi
1120 916 83 35 non
1168 916 130 35 possit.
1262 916 153 35 Naturalis
1380 916 142 35 dicitur,
1486 916 83 35 non
1534 916 94 35 quod
1593 916 71 35 Vi
1628 916 130 35 naturae
1722 916 94 35 suae
1770 916 35 35 &

1012 946 81 37 per
1058 946 69 37 se
1092 946 115 37 Angeli
1173 946 92 37 sint
1230 946 184 37 immutabiles,
1380 946 81 37 hoc
1426 946 92 37 enim
1483 946 138 37 proprium
1587 946 81 37 Dei
1633 946 92 37 est:
1690 946 81 37 sed
1736 946 92 37 quod

1008 981 128 44 naturae
1101 981 128 44 ipsorum
1194 981 58 44 a
1218 981 140 44 Creatore
1322 981 186 44 iimortalitas
1474 981 93 44 illa
1532 981 70 44 in
1567 981 105 44 prima
1637 981 151 44 creatione
1741 981 70 44 est:

1016 1006 146 40 concreata
1128 1006 56 40 &
1139 1006 90 40 indita

1031 1038 166 52 Angelorum
1159 1038 115 52 autem
1236 1038 192 52 substantiam
1389 1038 102 52 esse
1453 1038 179 52 immortalem
1594 1038 64 52 &
1606 1038 192 52 incorruptibis

1011 1070 97 49 lem,
1071 1070 169 49 confirmant
1204 1070 97 49 haec
1252 1070 133 49 argumenta

1035 1102 70 44 I.
1070 1102 105 44 Omnis
1140 1102 163 44 substantia
1269 1102 175 44 spiritualis
1409 1102 82 44 est
1455 1102 163 44 immortalis
1583 1102 58 44 &
1595 1102 210 44 incorruptibilis,

1012 1138 105 40 Atqui
1082 1138 140 40 Angelica
1187 1138 163 40 substantia
1315 1138 81 40 est
1362 1138 186 40 spiritualis:
1513 1138 93 40 Ergo
1571 1138 163 40 immortalis
1699 1138 58 40 &
1711 1138 93 40 incor

1003 1170 127 44 ruptibilis

1041 1201 87 51 II.
1090 1201 100 51 Omne
1153 1201 200 51 corruptibile
1315 1201 87 51 est
1365 1201 75 51 ex
1403 1201 162 51 elementis
1527 1201 187 51 compositum:
1677 1201 112 51 Atqui
1740 1201 62 51 An-

1025 1237 112 43 gelica
1103 1237 157 43 substantia
1227 1237 79 43 non
1272 1237 79 43 est
1316 1237 67 43 ex
1350 1237 146 43 elementis
1462 1237 157 43 composita:
1586 1237 90 43 quia
1642 1237 79 43 non
1687 1237 79 43 est
1720 1237 90 43 corpo-

1017 1270 83 42 tea,
1069 1270 62 42 ut
1100 1270 135 42 elementa,
1204 1270 73 42 sed
1246 1270 135 42 spiritus.
1350 1270 94 42 Ergo,
1402 1270 52 42 &c.

1047 1304 97 41 III.
1108 1304 73 41 Si
1144 1304 134 41 corpora
1242 1304 122 41 nostra
1327 1304 146 41 gloriosa
1437 1304 97 41 post
1497 1304 219 41 resurrectionem
1680 1304 110 41 erunt
1741 1304 73 41 mor-

1023 1332 149 45 alitatis
1134 1332 62 45 &
1159 1332 198 45 corruptionis
1320 1332 161 45 expertia,
1444 1332 87 45 tum
1494 1332 149 45 profecto
1606 1332 62 45 &
1630 1332 161 45 Angelorum
1742 1332 62 45 sub

1012 1368 133 46 stantia
1109 1368 85 46 est
1157 1368 60 46 a
1181 1368 181 46 mortalitate
1326 1368 60 46 &
1350 1368 181 46 corruptione
1496 1368 145 46 immunis.
1604 1368 109 46 Ratio
1665 1368 145 46 consequen-

1019 1398 87 44 tiae
1074 1398 87 44 est,
1128 1398 87 44 quia
1182 1398 76 44 nos
1226 1398 65 44 in
1259 1398 98 44 atero
1324 1398 109 44 seculo
1400 1398 87 44 post
1455 1398 65 44 r.
1487 1398 174 44 surrectionem
1629 1398 109 44 erimus
1705 1398 98 44 sicut
1760 1398 54 44 An-

1024 1433 95 41 geli
1084 1433 107 41 neque
1155 1433 143 41 nubemus,
1262 1433 107 41 neque
1334 1433 119 41 uxores
1417 1433 131 41 ducemus
1512 1433 119 41 Matth.
1596 1433 83 41 22.
1643 1433 71 41 v.
1679 1433 71 41 30
1715 1433 71 41 ac
1739 1433 71 41 pro-

1011 1471 95 36 inde
1071 1471 83 36 non
1118 1471 119 36 erimus
1201 1471 131 36 amplius
1296 1471 143 36 mortales
1403 1471 59 36 &
1427 1471 214 36 corruptibiles,
1605 1471 119 36 quales
1688 1471 71 36 ad
1712 1471 95 36 conti-

1011 1496 152 38 nuationem
1128 1496 82 38 sui
1175 1496 129 38 generis
1269 1496 82 38 cor
1316 1496 105 38 jugio
1386 1496 94 38 opus
1445 1496 129 38 habent,

1051 1522 98 49 IV.
1107 1522 155 49 Communi
1220 1522 141 49 omnium
1318 1522 239 49 Christianorum
1515 1522 169 49 consensu
1641 1522 141 49 Angeli
1726 1522 84 49 sem-

1036 1565 85 42 per
1084 1565 134 42 crediti
1182 1565 97 42 sunt
1242 1565 97 42 esse
1303 1565 170 42 immortales
1437 1565 61 42 &
1461 1565 243 42 incorruptibiles.
1667 1565 97 42 Unde
1716 1565 97 42 Alamum

1022 1602 123 37 darus
1104 1602 205 37 Saracenorum
1269 1602 164 37 Princeps
1392 1602 82 37 ab
1433 1602 192 37 Otihodoxis
1583 1602 205 37 baptizatus,
1734 1602 82 37 Annc

1029 1628 134 38 Christi
1126 1628 85 38 512
1175 1628 171 38 confutavit
1309 1628 195 38 Eutychianos,
1468 1628 85 38 qui
1517 1628 195 38 contendebant
1676 1628 134 38 divinam
1761 1628 61 38 na-

1026 1666 90 42 tu:
1078 1666 77 42 am
1116 1666 77 42 in
1155 1666 142 42 Christo
1258 1666 142 42 passam,
1361 1666 168 42 rucifixam
1490 1666 64 42 &
1516 1666 142 42 mortuam
1619 1666 142 42 fuisse.
1722 1666 90 42 Nam
1761 1666 64 42 cum

1025 1690 145 55 Severus
1130 1690 158 55 Monachus
1249 1690 198 55 Eutychianus
1408 1690 79 55 ad
1447 1690 198 55 Alamundarum
1606 1690 106 55 duos
1659 1690 158 55 Episcopos-

1017 1730 154 38 misisset,
1136 1730 83 38 qui
1183 1730 83 38 eum
1231 1730 95 38 labe
1290 1730 166 38 Eutychiana
1421 1730 178 38 inficerent;
1564 1730 178 38 Alamundarus
1706 1730 83 38 hoc
1742 1730 83 38 ipso-

1017 1758 100 45 die,
1079 1758 138 45 inquit,
1179 1758 138 45 literas
1279 1758 138 45 accepi,
1379 1758 163 45 Michaelem
1504 1758 188 45 Archangelum
1654 1758 100 45 esse
1704 1758 125 45 mortuum.

1033 1787 99 41 Quem
1095 1787 136 41 nuncium
1194 1787 87 41 cum
1243 1787 149 41 Episcopi
1355 1787 74 41 fa
1392 1787 99 41 sum:
1454 1787 87 41 sse
1503 1787 210 41 asseverarent,
1676 1787 99 41 quod
1738 1787 74 41 in
1763 1787 62 41 An-

1035 1829 104 41 gelos
1105 1829 92 41 mors
1162 1829 81 41 non
1209 1829 138 41 caderet:
1312 1829 81 41 sut
1359 1829 104 41 jecit
1428 1829 104 41 ille;
1497 1829 127 41 Quomodo
1589 1829 92 41 ergo
1647 1829 81 41 vos
1682 1829 138 41 affirmatia

1030 1860 187 33 divinitatem
1179 1860 137 33 mortuam
1278 1860 112 33 esse,
1353 1860 75 33 eo
1390 1860 100 33 quod
1453 1860 87 33 cum
1502 1860 112 33 carne
1577 1860 87 33 sua
1627 1860 75 33 in
1664 1860 100 33 unam
1714 1860 112 33 naturam

1022 1888 188 40 transierit,
1173 1888 88 40 cum
1223 1888 75 40 ne
1261 1888 126 40 quidem
1349 1888 126 40 angeli
1437 1888 176 40 moriantur?
1575 1888 126 40 Itaque
1663 1888 126 40 Severi
1738 1888 88 40 lega-

1026 1918 72 43 ti
1062 1918 84 43 cum
1110 1918 145 43 dedecore
1219 1918 205 43 discesserunt,
1388 1918 72 43 ut
1424 1918 145 43 recitant
1532 1918 157 43 Cedrenus,
1653 1918 133 43 Zonaras
1750 1918 60 43 &
1762 1918 72 43 Dia

1010 1946 97 46 conus.

1053 1972 153 61 Ertatunt
1168 1972 128 61 igitur
1258 1972 153 61 Gentiles
1372 1972 64 61 &
1398 1972 89 61 cum
1449 1972 89 61 eis
1500 1972 179 61 Hieronymus
1641 1972 166 61 Cardanus,
1768 1972 89 61 qui

1030 2006 132 53 Angelos
1126 2006 167 53 statuerunt
1257 2006 143 53 mortales
1365 2006 60 53 &
1377 2006 191 53 corruptibiles.

1058 2049 173 40 Naturalem
1191 2049 120 40 autem
1270 2049 106 40 hanc
1337 2049 160 40 immortal
1457 2049 120 40 tatem
1536 2049 66 40 &
1563 2049 173 40 incorrupt
1683 2049 146 40 bilitatem

1026 2070 120 60 Angeli
1110 2070 84 60 non
1158 2070 120 60 habent
1243 2070 60 60 a
1267 2070 96 60 suae
1327 2070 132 60 naturae
1423 2070 72 60 vi
1459 2070 60 60 &
1483 2070 168 60 potestate,
1615 2070 96 60 (nam
1676 2070 108 60 Angei
1748 2070 96 60 sunt
1796 2070 36 60 a

1032 2117 119 41 natura
1116 2117 84 41 sua
1163 2117 60 41 &
1187 2117 84 41 per
1235 2117 72 41 se
1271 2117 167 41 mutibiles,
1402 2117 96 41 quum
1462 2117 107 41 solus
1533 2117 96 41 Deus
1593 2117 119 41 natura
1677 2117 84 41 sit
1713 2117 107 41 immuta-

1030 2146 109 51 bilis,
1106 2146 65 51 ut
1139 2146 152 51 Augustinus
1259 2146 76 51 ait
1302 2146 98 51 primo
1368 2146 98 51 tomo,
1433 2146 98 51 libro
1498 2146 65 51 de
1531 2146 87 51 vera
1585 2146 152 51 religione,
1705 2146 109 51 capite
1770 2146 44 51 de

1030 2180 161 45 motertio,)
1156 2180 80 45 sed
1202 2180 57 45 a
1225 2180 149 45 voluntate
1340 2180 57 45 &
1363 2180 149 45 beneficio
1478 2180 161 45 Creatoris,
1604 2180 172 45 substantiam
1742 2180 69 45 An
1765 2180 46 45 ge

1024 2208 107 46 lorum
1095 2208 143 46 perpetuo
1202 2208 202 46 sustentantis.
1369 2208 83 46 Nam
1416 2208 59 46 &
1440 2208 71 46 de
1476 2208 107 46 illis
1547 2208 202 46 intelligendum
1713 2208 83 46 est
1749 2208 71 46 quod

1029 2240 128 42 legitur
1123 2240 93 42 Rom.
1181 2240 82 42 11.
1228 2240 70 42 v.
1263 2240 82 42 56.
1309 2240 70 42 ex
1344 2240 70 42 eo
1379 2240 58 42 &
1403 2240 105 42 terau
1473 2240 58 42 &
1496 2240 70 42 in
1531 2240 105 42 ipsum
1601 2240 93 42 sunt
1660 2240 117 42 omnia.
1730 2240 93 42 Colos-

1042 2267 65 52 1.
1075 2267 65 52 v.
1107 2267 65 52 17
1140 2267 98 52 Omnia
1205 2267 76 52 per
1248 2267 76 52 eum
1291 2267 76 52 cor
1335 2267 119 52 sistunt
1421 2267 54 52 &
1443 2267 98 52 Hebr.
1508 2267 65 52 1.
1541 2267 65 52 v.
1573 2267 54 52 3
1595 2267 130 52 sustinet
1692 2267 98 52 omnia
1746 2267 87 52 verbo-

1033 2304 80 50 suo
1078 2304 137 50 potente.
1181 2304 91 50 Item
1238 2304 91 50 Apoc
1295 2304 69 50 4.
1330 2304 69 50 v.
1364 2304 80 50 11.
1409 2304 69 50 Tu
1444 2304 160 50 condidisti
1569 2304 103 50 omnia
1638 2304 57 50 &
1661 2304 80 50 per
1695 2304 137 50 veluntatem

1033 2334 94 44 tuam
1092 2334 94 44 sunt
1151 2334 59 44 &
1175 2334 118 44 creata
1245 2334 83 44 sunt.

1065 2369 225 51 Superiaturalis
1252 2369 200 51 immortalitas
1414 2369 175 51 Angelorum,
1551 2369 87 51 est
1601 2369 87 51 qua
1651 2369 62 51 a
1676 2369 87 51 Deo
1713 2369 125 51 separati

1025 2397 82 41 non
1072 2397 141 41 possunt,
1178 2397 106 41 semel
1249 2397 71 41 in
1284 2397 71 41 ea
1320 2397 59 41 a
1343 2397 82 41 Deo
1379 2397 141 41 confirmati

1062 2435 159 43 Naturalis
1184 2435 196 43 immortalitas
1343 2435 147 43 communis
1453 2435 86 43 est
1502 2435 134 43 Angelis
1600 2435 110 43 bonis
1673 2435 61 43 &
1698 2435 122 43 malis,
1771 2435 61 43 su-

1036 2462 180 48 pernaturalis
1182 2462 124 48 propria
1261 2462 90 48 bonis.

1071 2489 162 58 Beatitudo
1195 2489 162 58 Angelorum
1319 2489 162 58 consistit
1444 2489 75 58 in
1481 2489 112 58 eorum
1556 2489 162 58 sapientia
1680 2489 62 58 &
1693 2489 149 58 voluntate:

1061 2528 107 43 tentia
1136 2528 53 43 &
1147 2528 128 43 libertater

1071 2565 105 39 Prima
1141 2565 187 39 beatitudinis
1293 2565 152 39 Angelicae
1410 2565 94 39 pars
1469 2565 82 39 est
1516 2565 164 39 sapientia,
1644 2565 94 39 quae
1703 2565 82 39 est
1749 2565 94 39 vera
1796 2565 47 39 ac

1044 2598 150 37 perfecta
1156 2598 150 37 cognitio
1268 2598 112 37 rerum
1343 2598 75 37 ac
1381 2598 175 37 praesertim
1518 2598 137 37 supremi
1618 2598 112 37 Entis
1693 2598 112 37 atque
1756 2598 87 37 Boni:

1046 2634 103 46 quod
1111 2634 90 46 est
1162 2634 116 46 Deus.
1239 2634 90 46 Nam
1291 2634 77 46 in
1330 2634 129 46 genere
1420 2634 180 46 cognoscunt
1562 2634 129 46 Angeli
1652 2634 103 46 Deum
1716 2634 64 46 &
1742 2634 77 46 se
1768 2634 77 46 ipsi

1047 2665 115 35 mutu;,
1128 2665 58 35 &
1151 2665 127 35 quisque
1244 2665 127 35 seipsum
1336 2665 104 35 atque
1405 2665 92 35 alia
1463 2665 58 35 a
1486 2665 69 35 se
1521 2665 139 35 diversa.
1625 2665 81 35 Hoc
1671 2665 81 35 est
1717 2665 104 35 extra
1775 2665 69 35 con-

1040 2696 172 37 troversiam:
1177 2696 126 37 Attamen
1268 2696 103 37 multa
1337 2696 114 37 quaeri
1417 2696 114 37 solent
1497 2696 69 37 de
1531 2696 160 37 subitecto,
1657 2696 91 37 modo
1714 2696 57 37 &
1726 2696 114 37 varieta-

1043 2726 69 44 te
1077 2726 161 44 sapientiae
1192 2726 138 44 Angelorum.

1066 2752 153 53 Sebiectum
1184 2752 165 53 sapientiae
1314 2752 153 53 Angelicae
1432 2752 94 53 sunt
1491 2752 71 53 ea
1526 2752 94 53 quae
1585 2752 118 53 Angeli
1668 2752 177 53 cognoscunt:
1798 2752 47 53 de

1048 2791 106 50 quibus
1123 2791 85 50 ista
1175 2791 159 50 quaeruntur;

1074 2828 70 35 I.
1109 2828 70 35 An
1144 2828 163 35 cognoscant
1272 2828 58 35 &
1295 2828 116 35 sciant
1377 2828 105 35 omnia
1447 2828 105 35 atque
1505 2828 128 35 infiritas

1072 2857 79 44 II.
1117 2857 68 44 An
1151 2857 159 44 cognoscant
1276 2857 79 44 res
1321 2857 159 44 singudares
1446 2857 57 44 &
1457 2857 148 44 materiales:

1084 2887 87 44 III.
1138 2887 65 44 An
1171 2887 196 44 praecognoscant
1323 2887 98 44 futura.

1077 2916 82 43 IV.
1124 2916 70 43 An
1159 2916 117 43 norint
1241 2916 141 43 mysteria
1347 2916 129 43 salutis
1440 2916 59 43 &
1464 2916 176 43 consiliorum
1592 2916 141 43 divinorum:

1084 2949 65 53 V.
1117 2949 65 53 An
1149 2949 109 53 sciant
1225 2949 98 53 omnes
1290 2949 98 53 motus
1356 2949 141 53 internos,
1464 2949 185 53 cogitationes,
1616 2949 152 53 desideria,
1725 2949 119 53 affectus,

1048 2987 148 41 sermones,
1162 2987 137 41 actiones
1264 2987 57 41 &
1287 2987 148 41 passionas
1390 2987 114 41 hominum?

1089 3012 93 47 Quod
1147 3012 69 47 ad
1182 3012 116 47 primam
1263 3012 173 47 quaestionem
1402 3012 139 47 attinet,
1506 3012 93 47 etsi
1564 3012 150 47 Angelorum
1679 3012 139 47 scientia
1772 3012 69 47 sit.

1058 3061 157 29 permagna
1176 3061 65 29 &
1202 3061 118 29 longe
1280 3061 144 29 nostram
1385 3061 144 29 humanam
1490 3061 157 29 superet:
1607 3061 118 29 omnum
1686 3061 118 29 tamen
1751 3061 92 29 quae-

1057 3086 92 43 sunt
1114 3086 69 43 e:
1148 3086 103 43 fiunt
1217 3086 103 43 atque
1286 3086 172 43 infinitorum
1424 3086 103 43 capax
1493 3086 80 43 non
1539 3086 92 43 est,
1596 3086 69 43 ut
1631 3086 149 43 sequentia
1734 3086 115 43 argumen-

1049 3117 68 45 ta
1083 3117 102 45 erin:
1139 3117 57 45 unt
