2063 3370
152 158 114 51 porum
228 158 165 51 Angelorum
355 158 101 51 boni
418 158 127 51 Angeli
507 158 89 51 non
558 158 215 51 praeviderunt,
735 158 101 51 quia
798 158 152 51 pendebat
900 158 63 51 ex-

146 191 164 46 arbitrio
270 191 151 46 malorum
366 191 164 46 Angelorum.

177 221 93 45 QUA
230 221 93 45 RTA
283 221 159 45 quaestio
402 221 80 45 de
442 221 159 45 subjecto
562 221 186 45 sapientiae
708 221 173 45 Angelorum
841 221 106 45 est:
894 221 53 45 An

157 256 114 42 Angedi
236 256 137 42 noverint
339 256 137 42 mysteria
441 256 137 42 salutis,
544 256 57 42 &
567 256 171 42 consiliorum
692 256 125 42 divinorum

173 291 114 39 RESP.
249 291 151 39 Quaestio
363 291 114 39 prius
438 291 189 39 declaranda,
590 291 177 39 explicatis
729 291 139 39 vocibus
817 291 126 39 obscurio

149 323 115 40 ribus.
230 323 115 40 deinde
300 323 115 40 solvenda

183 341 142 56 Mysteria
289 341 130 56 salutis
384 341 142 56 vocantur
490 341 83 56 hoc
537 341 106 56 loco,
608 341 118 56 quinam
691 341 130 56 homines
785 341 94 56 sint
844 341 118 56 electi
915 341 47 56 ad

147 388 129 38 salutem
241 388 152 38 aeternam,
358 388 59 38 &
381 388 94 38 quae
440 388 94 38 Deus
498 388 70 38 ab
534 388 129 38 aeterno
627 388 187 38 constituerit
779 388 94 38 apud
838 388 70 38 se
873 388 70 38 de
896 388 59 38 sa-

156 421 88 37 ute
207 421 138 37 illorum
307 421 88 37 per
357 421 125 37 Filium
445 421 100 37 suum
508 421 176 37 unigenitum
646 421 125 37 carnem
734 421 125 37 factum
809 421 138 37 procurant

159 454 72 40 da
195 454 229 40 perficiendaque,
388 454 84 40 per
436 454 96 40 quae
496 454 120 40 media,
580 454 120 40 quibus
664 454 180 40 temporibus,
809 454 120 40 quibus
881 454 96 40 locis,

146 487 58 43 &
170 487 69 43 si
204 487 92 43 quae
262 487 92 43 alia
319 487 69 43 ad
354 487 127 43 salutem
446 487 127 43 nostram
527 487 138 43 pertinent.

187 517 140 45 Mysteria
292 517 175 45 consiliorum
432 517 163 45 divinorum,
561 517 93 45 sunt
619 517 128 45 decreta
712 517 82 45 Dei
759 517 70 45 de
794 517 128 45 omnibus
875 517 82 45 quae-

151 551 106 36 fieri
222 551 153 36 debuerunt
339 551 59 36 &
363 551 129 36 debent.
457 551 141 36 Dicuntur
563 551 153 36 mysteria,
680 551 94 36 quia
739 551 129 36 fuerunt
821 551 141 36 abscondita

158 586 54 32 a
180 586 118 32 seculis
265 586 64 32 in
298 586 86 32 Deo,
351 586 107 32 Ephes.
426 586 64 32 3.
458 586 64 32 v.
490 586 64 32 9,
523 586 139 32 latuerunt
630 586 64 32 in
662 586 118 32 occulto
748 586 64 32 in
780 586 75 32 Deo
823 586 75 32 qui
866 586 64 32 ea
887 586 75 32 prae-

155 621 130 40 finierat
253 621 87 40 ante
307 621 108 40 secula
382 621 65 40 ad
415 621 119 40 gloriam
501 621 130 40 nostram.
599 621 65 40 1.
631 621 76 40 Cor
675 621 65 40 2.
707 621 65 40 v.
729 621 43 40 7.

182 653 79 44 Sic
227 653 158 44 explicatae
351 653 90 44 sunt
408 653 102 44 voces
475 653 169 44 obscuriores
611 653 181 44 quaestionis:
758 653 90 44 nunc
814 653 79 44 est
848 653 102 44 solven-

157 682 88 44 da,
207 682 100 44 quod
269 682 188 44 sequentibus
419 682 150 44 Thesibus
532 682 138 44 commode
619 682 75 44 fiet

186 717 72 39 I.
222 717 120 39 Angeli
306 717 120 39 notunt
390 717 144 39 mysteria
498 717 144 39 salutis,
605 717 60 39 &
629 717 180 39 consiliorum
761 717 144 39 divinorum.

186 741 84 45 II.
234 741 120 45 Norunt
318 741 72 45 ea
354 741 84 45 non
402 741 84 45 per
450 741 72 45 se
486 741 60 45 &
510 741 156 45 facultate
629 741 144 45 naturali
737 741 84 45 per
785 741 108 45 lumen
845 741 120 45 naturale

160 781 57 36 &
182 781 80 36 per
228 781 125 36 species
319 781 102 36 rerum
387 781 137 36 inditas:
490 781 148 36 Facultate
604 781 91 36 enim
661 781 137 36 naturali
763 781 91 36 ipsi
820 781 102 36 etiam
877 781 91 36 sancti

162 818 123 40 Angeli
248 818 86 40 non
297 818 135 40 possunt
395 818 159 40 penetrare
517 818 74 40 in
554 818 135 40 divinam
652 818 123 40 mentem
738 818 61 40 &
762 818 159 40 thesauros
885 818 74 40 in
909 818 49 40 ea

157 847 176 43 absconditos
286 847 117 43 intueri.

196 870 98 50 III.
257 870 86 50 Sed
306 870 123 50 norunt
392 870 74 50 ea
429 870 86 50 per
465 870 184 50 revelationem.

193 905 80 49 IV.
238 905 148 49 Revelatio
352 905 91 49 illa
409 905 80 49 sit
455 905 114 49 tribus
534 905 114 49 modis;
614 905 80 49 vel
660 905 80 49 per
705 905 137 49 privatam
808 905 68 49 ac
831 905 125 49 singulare

155 944 198 36 mysteriorum
313 944 251 36 communicationem
525 944 145 36 Angelis
631 944 145 36 factam:
736 944 93 36 vel
789 944 93 36 per
829 944 132 36 publicas

158 988 204 35 promissiones
324 988 64 35 &
349 988 217 35 declarationes
528 988 191 35 mysteriorum
681 988 140 35 salutis
783 988 76 35 in
821 988 115 35 Verbo
885 988 76 35 Dei.

155 1013 116 45 nobis
232 1013 167 45 hominibus
361 1013 141 45 factas:
464 1013 90 45 vel
515 1013 90 45 per
567 1013 206 45 exsecutionem
734 1013 180 45 decretorum
875 1013 64 45 &
888 1013 77 45 pro-

153 1043 174 40 missionum
273 1043 80 40 Dei,

195 1076 153 46 Privatim
310 1076 76 46 ac
348 1076 204 46 singulariter
513 1076 153 46 mysteria
628 1076 89 46 sua
679 1076 102 46 Deum
743 1076 89 46 cum
794 1076 140 46 Angelis
883 1076 76 46 com-

159 1109 163 37 municasse
285 1109 63 37 &
310 1109 188 37 communicare
460 1109 138 37 constat
547 1109 88 37 inde-

187 1138 66 40 I.
220 1138 88 40 Quia
275 1138 99 40 illis
341 1138 99 40 prius
406 1138 176 40 testificatus
549 1138 77 40 est
593 1138 66 40 de
626 1138 110 40 multis
703 1138 143 40 mysteriis
812 1138 55 40 &
834 1138 77 40 per
878 1138 77 40 eos
911 1138 44 40 de

156 1172 82 38 mum
203 1172 152 38 hominibus
320 1172 94 38 illa
379 1172 187 38 annunciavit,
531 1172 70 38 ut
566 1172 117 38 videre
648 1172 82 38 est
695 1172 117 38 passim
777 1172 70 38 in
812 1172 117 38 veteri
894 1172 59 38 &
905 1172 59 38 no-

161 1211 77 35 vo
200 1211 179 35 Testamento
341 1211 90 35 Sic
392 1211 103 35 enim
456 1211 154 35 Gabrieli
571 1211 205 35 communicavit
738 1211 167 35 mysterium
853 1211 103 35 septua

155 1243 119 38 ginta
234 1243 212 38 septimanatum
406 1243 106 38 apud
472 1243 172 38 Danielem:
605 1243 93 38 Sic
658 1243 119 38 eidem
737 1243 212 38 communicavit
896 1243 66 38 my-

162 1269 131 52 sterium
258 1269 191 52 conceptionis
413 1269 60 52 &
437 1269 179 52 nativitatis
580 1269 143 52 Christi,
687 1269 131 52 ejusque
783 1269 107 52 modum
855 1269 60 52 &
878 1269 96 52 alia
926 1269 48 52 ad

166 1305 96 49 illam
230 1305 170 49 pertinentia,
368 1305 85 49 Luc.
421 1305 64 49 1.
453 1305 106 49 Matth.
517 1305 42 49 1.

191 1326 89 52 II.
242 1326 102 52 Quia
306 1326 140 52 Angelis
407 1326 114 52 bonis
484 1326 140 52 singuli
586 1326 127 52 electi
675 1326 140 52 homines
776 1326 203 52 commendantur
929 1326 38 52 a

157 1366 96 44 Deo,
217 1366 121 44 aut(ut
302 1366 109 44 magis
374 1366 133 44 proprie
471 1366 157 44 loquamur)
591 1366 133 44 Angelis
688 1366 109 44 bonis
760 1366 72 44 de
796 1366 145 44 singulis
893 1366 60 44 ho-

168 1401 122 42 minibus
256 1401 122 42 electis
345 1401 122 42 mandata
433 1401 111 42 dantur
511 1401 55 42 a
533 1401 88 42 Deo,
588 1401 100 42 sicut
654 1401 77 42 Ps.
699 1401 55 42 9
721 1401 66 42 1.
754 1401 77 42 11.
798 1401 133 42 dicitur;
887 1401 66 42 Ange

167 1433 73 41 lis
208 1433 83 41 suis
260 1433 125 41 mandavit
354 1433 63 41 de
386 1433 73 41 te,
427 1433 63 41 ut
459 1433 146 41 conservent
573 1433 63 41 te
604 1433 63 41 in
636 1433 115 41 omnibus
719 1433 83 41 viis
771 1433 94 41 tuis.
834 1433 83 41 Heb.
886 1433 63 41 1.
907 1433 52 41 14.

167 1471 103 47 Nonne
235 1471 103 47 omnes
304 1471 92 47 sunt
362 1471 195 47 ministratorii
522 1471 149 47 spiritus,
637 1471 80 47 qui
683 1471 161 47 ministerii
809 1471 103 47 causa
867 1471 103 47 mittun-

171 1499 72 46 tur
212 1499 113 46 propter
294 1499 123 46 haeredes
386 1499 113 46 salutis
458 1499 102 46 futuros?

198 1531 83 39 Per
246 1531 143 39 publicas
353 1531 191 39 promissiones
508 1531 60 39 &
532 1531 203 39 declarationes
699 1531 179 39 mysteriorum
842 1531 131 39 salutis
925 1531 48 39 in

165 1564 111 36 verbo
239 1564 86 36 Dei
288 1564 111 36 nobis
362 1564 160 36 hominibus
486 1564 136 36 factas,
584 1564 185 36 innotescere
732 1564 99 36 illa
794 1564 111 36 etiam
856 1564 111 36 Angelis

166 1598 103 42 docet
234 1598 114 42 Paulus
314 1598 91 42 Eph.
371 1598 68 42 3.
405 1598 68 42 8,
440 1598 68 42 9,
474 1598 80 42 10,
519 1598 80 42 11.
565 1598 91 42 Mihi
622 1598 103 42 longe
691 1598 114 42 minimo
771 1598 114 42 omnium
839 1598 137 42 sanctorum;

173 1628 83 41 data
224 1628 73 41 est
266 1628 83 41 haec
318 1628 114 41 gratia,
401 1628 176 41 evangelizandi
546 1628 93 41 inter
608 1628 104 41 gentes
681 1628 218 41 impervestigabiles
868 1628 93 41 illas
920 1628 41 41 o-

172 1660 80 44 pes
217 1660 136 44 Christi,
319 1660 57 44 &
342 1660 68 44 in
376 1660 102 44 lucem
444 1660 159 44 proferendi
569 1660 136 44 omnibus,
672 1660 91 44 quae
728 1660 80 44 sit
774 1660 136 44 communio
865 1660 102 44 mysteri

169 1698 87 41 quod
224 1698 87 41 erat
278 1698 164 41 absconditum
409 1698 55 41 a
431 1698 120 41 seculis
518 1698 66 41 in
551 1698 76 41 Deo
595 1698 76 41 qui
639 1698 98 41 omnia
704 1698 87 41 haec
759 1698 131 41 condidit
857 1698 76 41 per
890 1698 87 41 Iesum-

173 1726 138 42 Christum:
280 1726 64 42 ut
312 1726 85 42 nota
365 1726 85 42 nunc
418 1726 85 42 fiat
471 1726 74 42 per
514 1726 138 42 Ecclesiam
620 1726 128 42 imperiis
716 1726 64 42 ac
748 1726 170 42 potestatibus
886 1726 85 42 quae
928 1726 43 42 in

170 1762 109 38 caelis
246 1762 98 38 sunt,
312 1762 163 38 multiformis
442 1762 87 38 illa
497 1762 142 38 sapientia
606 1762 87 38 Dei:
660 1762 131 38 Secundum
758 1762 152 38 propositum
867 1762 109 38 aeternam

166 1790 87 44 quod
221 1790 153 44 constituit
341 1790 66 44 in
374 1790 120 44 Christo
461 1790 87 44 Iesu
515 1790 109 44 Domino
592 1790 120 44 nostro.
679 1790 66 44 Et
712 1790 109 44 Petrus
788 1790 66 44 1.
821 1790 109 44 Epist.
898 1790 66 44 1.
919 1790 55 44 10,

166 1823 76 41 11,
209 1823 76 41 12.
253 1823 65 41 De
285 1823 76 41 qua
329 1823 108 41 salute
404 1823 184 41 inquisierunt,
556 1823 54 41 &
577 1823 87 41 quam
632 1823 130 41 scrutati
729 1823 87 41 sunt
783 1823 152 41 Prophetae,
902 1823 76 41 qui
935 1823 32 41 d

176 1856 125 38 ventura
267 1856 68 38 in
301 1856 80 38 nos
347 1856 114 38 gratia
427 1856 194 38 prophetarunt.
586 1856 160 38 Scrutantes
712 1856 68 38 in
746 1856 91 38 quem
803 1856 80 38 aut
849 1856 114 38 qualem
917 1856 57 38 te-

179 1889 90 37 poris
239 1889 130 37 articulum
339 1889 150 37 praenuncius
459 1889 90 37 ille,
519 1889 70 37 qui
559 1889 60 37 in
588 1889 90 37 ipsis
648 1889 80 37 erat
698 1889 120 37 Spiritus
788 1889 120 37 Christi,
868 1889 100 37 declava-

169 1920 77 40 ret
213 1920 143 40 eventuras
323 1920 121 40 Christo
412 1920 187 40 perpessiones,
566 1920 55 40 &
588 1920 121 40 gloriam
676 1920 99 40 illas
742 1920 199 40 consequuturam.
908 1920 88 40 Qui

173 1955 75 37 bus
216 1955 140 37 revelatum
324 1955 86 37 est,
378 1955 75 37 eos
421 1955 75 37 non
464 1955 97 37 sibi,
528 1955 75 37 sed
572 1955 97 37 nobis
636 1955 65 37 ea
668 1955 172 37 administrare
808 1955 86 37 quae
862 1955 86 37 nunc
905 1955 54 37 an-

175 1984 132 42 nunciata
274 1984 88 42 sunt
329 1984 99 42 vobis
394 1984 77 42 per
438 1984 77 42 eos
482 1984 77 42 qui
526 1984 99 42 vobis
592 1984 176 42 praedicarunt
735 1984 154 42 Evangelium
855 1984 77 42 per
888 1984 77 42 emis-

181 2014 78 46 sum
225 2014 56 46 e
248 2014 89 46 caeo
303 2014 134 46 Spiritum
404 2014 134 46 Sanctum,
504 2014 67 46 in
537 2014 89 46 quae
593 2014 156 46 desiderant
715 2014 111 46 Angeli
782 2014 167 46 introspicere.

214 2049 86 38 Per
263 2049 196 38 exsecutionem
422 2049 86 38 seu
471 2049 135 38 eventum
569 2049 61 38 &
594 2049 184 38 impletionem
741 2049 172 38 decretorum
876 2049 61 38 &
888 2049 74 38 pro-

172 2078 154 45 missionum
291 2078 83 45 Dei
338 2078 178 45 innotescere
481 2078 142 45 mysteria
587 2078 131 45 salutis
682 2078 142 45 Angelis,
789 2078 166 45 manifestum
908 2078 71 45 est,

181 2115 71 39 ex
217 2115 142 39 historia
324 2115 178 39 Evangelica.
466 2115 83 39 Nam
513 2115 154 39 mysterium
632 2115 190 39 conceptionis
786 2115 131 39 Christi
881 2115 71 39 ex
905 2115 71 39 vir-

174 2150 95 44 gine
234 2150 143 44 illibata
341 2150 143 44 innotuit
448 2150 143 44 apertius
556 2150 131 44 Angelis
651 2150 143 44 postquam
758 2150 107 44 virgo
830 2150 107 44 Maria
889 2150 72 44 cor-

167 2180 147 42 cepisset,
280 2180 113 42 Matth.
359 2180 68 42 1.
393 2180 68 42 v.
427 2180 79 42 20.
473 2180 79 42 Sic
518 2180 147 42 mysterium
631 2180 181 42 nativitatis,
778 2180 136 42 postquam
869 2180 102 42 Christu

178 2213 95 39 natus
242 2213 105 39 esset,
315 2213 84 39 Luc.
368 2213 63 39 2.
400 2213 63 39 v.
431 2213 74 39 10.
473 2213 53 39 &
494 2213 168 39 sequentibus,
631 2213 137 39 passionis
736 2213 84 39 item
789 2213 84 39 Luc.
842 2213 74 39 22.
884 2213 74 39 43.
915 2213 53 39 re.

178 2244 187 45 surrectionis
330 2244 70 45 ex
365 2244 128 45 mortuis
458 2244 140 45 postquam
563 2244 210 45 resurrexisset,
738 2244 117 45 Matth.
819 2244 82 45 28.
866 2244 93 45 Luc.
913 2244 58 45 24.

181 2405 80 39 ant
226 2405 57 39 &
249 2405 148 39 explorent
363 2405 102 39 omnes
431 2405 102 39 motus
499 2405 148 39 internos,
613 2405 193 39 cogitationes,
772 2405 159 39 desideria,
886 2405 114 39 affectus

185 2284 174 38 adscensionis
326 2284 65 38 in
359 2284 119 38 caelum,
446 2284 130 38 postquam
543 2284 185 38 adscendisset,
695 2284 87 38 Act.
750 2284 65 38 1,
782 2284 76 38 10.
815 2284 54 38 11.

214 2303 86 44 Hinc
268 2303 130 44 sequitur
366 2303 162 44 mysteriorum
495 2303 119 44 salutis
582 2303 162 44 cognitionem
712 2303 97 44 nobis
776 2303 97 44 curae
841 2303 54 44 &
852 2303 119 44 laetitiae

180 2347 101 39 esse
244 2347 139 39 debere,
345 2347 101 39 quum
409 2347 139 39 Angelos
510 2347 114 39 bonos
586 2347 63 39 &
611 2347 139 39 sanctos
713 2347 152 39 habeamus

210 2375 141 41 Quaestio
316 2375 70 41 V.
351 2375 70 41 de
386 2375 141 41 subjecto
492 2375 164 41 sapientiae
621 2375 153 41 Angelorum
738 2375 94 41 est:
797 2375 70 41 An
832 2375 117 41 Angeli
903 2375 70 41 sci-

191 2444 115 32 inimi,
271 2444 150 32 sermones,
386 2444 138 32 actiones
490 2444 58 32 &
513 2444 150 32 passiones
616 2444 115 32 hominum:

203 2468 110 48 RESP.
276 2468 147 48 Quaestio
386 2468 98 48 haec
448 2468 147 48 solvitur
558 2468 208 48 distinctione,
729 2468 184 48 sequentibus
864 2468 110 48 Thesibu

183 2510 157 43 explicatur

220 2538 110 40 Prima
293 2538 135 40 Thesis:
391 2538 123 40 Angeli
477 2538 74 40 ne
514 2538 123 40 quidem
600 2538 110 40 ipsis
673 2538 184 40 praesentium
821 2538 147 40 hominum,
919 2538 61 40 ne-

183 2567 84 43 dum
231 2567 155 43 absentium
350 2567 143 43 internos
458 2567 132 43 mentis,
554 2567 179 43 voluntatis,
697 2567 120 43 cordis
781 2567 120 43 motus,
853 2567 132 43 desideria

184 2602 175 48 affectusque
325 2602 117 48 animi,
406 2602 70 48 ut
441 2602 82 48 nec
488 2602 152 48 absentium
605 2602 105 48 ipsis
675 2602 152 48 sermones,
792 2602 140 48 actiones
897 2602 58 48 &
909 2602 70 48 pas-

186 2638 123 37 siones
272 2638 123 37 norunt
358 2638 123 37 Thesin
445 2638 99 37 hanc
506 2638 173 37 confirmant
642 2638 160 37 argumenta
753 2638 136 37 subjecta,

207 2661 71 45 I.
243 2661 94 45 Quia
301 2661 118 45 solius
384 2661 82 45 Dei
431 2661 82 45 est
478 2661 141 45 proprium
584 2661 94 45 omia
643 2661 94 45 ista
702 2661 118 45 nosse,
785 2661 106 45 sicut
855 2661 130 45 dicitur
938 2661 47 45 in

193 2703 154 44 precatione
314 2703 143 44 Salomonis
424 2703 66 44 1.
457 2703 88 44 Reg.
512 2703 66 44 8.
545 2703 66 44 v.
578 2703 77 44 39.
621 2703 55 44 &
643 2703 66 44 2.
676 2703 110 44 Chron.
753 2703 66 44 6.
786 2703 66 44 v.
819 2703 77 44 30.
863 2703 77 44 Tum
907 2703 66 44 tu
929 2703 44 44 ex

188 2733 99 39 audito
258 2733 50 39 e
277 2733 109 39 caelis,
357 2733 79 39 loco
406 2733 159 39 habitationis
535 2733 89 39 tuae,
595 2733 60 39 ut
625 2733 129 39 condonans
724 2733 99 39 facias
793 2733 69 39 aut
833 2733 69 39 des
873 2733 129 39 unicuique

180 2768 148 45 secundum
290 2768 111 45 omnes
364 2768 98 45 vias
426 2768 111 45 eius,
499 2768 98 45 quas
561 2768 148 45 agnosces
671 2768 98 45 apud
733 2768 123 45 animum
819 2768 111 45 eius:
893 2768 74 45 tu
917 2768 74 45 enim

187 2794 96 44 nosti
251 2794 96 44 solus
315 2794 106 44 animum
390 2794 106 44 omnium
464 2794 128 44 filiorum
560 2794 128 44 hominis.
656 2794 75 44 Ps.
698 2794 64 44 7.
730 2794 64 44 v.
762 2794 75 44 10.
805 2794 128 44 Deficiat
890 2794 96 44 quaesos

189 2827 107 42 malum
260 2827 166 42 improborum
390 2827 59 42 &
414 2827 154 42 stabilito
532 2827 130 42 iustum:
627 2827 107 42 prout
698 2827 166 42 explorator
828 2827 71 42 es
864 2827 130 42 cordium
947 2827 36 42 &

185 2868 113 38 renum,
264 2868 91 38 Deus
321 2868 113 38 iuste.
400 2868 91 38 Jer.
457 2868 79 38 17.
502 2868 68 38 9,
536 2868 79 38 10.
581 2868 181 38 Fraudulentum
728 2868 79 38 cor
774 2868 102 38 ipsum
842 2868 102 38 supra
898 2868 91 38 omnia,

184 2898 54 39 &
206 2898 151 39 mortiferum
325 2898 86 39 est,
379 2898 86 39 quis
432 2898 140 39 cognoscat
540 2898 108 39 ipsum:
616 2898 76 39 Ego
659 2898 108 39 Iehova
735 2898 140 39 scrutator
843 2898 119 39 cordis,
918 2898 65 39 pro-

189 2924 105 47 bator
259 2924 117 47 renum:
341 2924 94 47 idqe
400 2924 70 47 ut
435 2924 82 47 dem
482 2924 117 47 cuique
563 2924 140 47 secundum
669 2924 129 47 fructum
762 2924 140 47 actionum
856 2924 94 47 suarum

228 2965 81 36 II.
275 2965 92 36 Quia
332 2965 104 36 nulla
401 2965 138 36 creatura
505 2965 104 36 novit
574 2965 69 36 ea
608 2965 92 36 quae
666 2965 92 36 sunt
723 2965 138 36 hominis,
827 2965 92 36 nisi
873 2965 115 36 spiritus

198 2994 115 54 hominis
281 2994 73 54 qui
323 2994 73 54 est
365 2994 63 54 in
397 2994 73 54 eo,
439 2994 63 54 1.
470 2994 84 54 Cor.
523 2994 63 54 2.
554 2994 63 54 v.
586 2994 73 54 11.
628 2994 94 54 Atqui
691 2994 105 54 Angeli
764 2994 84 54 sunt
817 2994 147 54 creaturae,
922 2994 73 54 Psal.

194 3033 96 37 104.
242 3033 48 37 4.

218 3052 133 40 Thesis
311 3052 159 40 secunda:
430 3052 159 40 Internos
549 3052 119 40 motus
629 3052 66 40 &
655 3052 159 40 affectus
774 3052 146 40 hominum
880 3052 93 40 tum
920 3052 93 40 demum

196 3090 117 39 norunt
278 3090 129 39 Angeli,
372 3090 93 39 quum
430 3090 93 39 illi
488 3090 82 39 aut
535 3090 70 39 ab
570 3090 129 39 Angelis
664 3090 105 39 ipsis
734 3090 93 39 sunt
792 3090 152 39 hominibus
897 3090 82 39 sugge

194 3127 84 43 sti,
247 3127 74 43 aut
289 3127 63 43 si
321 3127 63 43 ab
353 3127 95 43 illis
416 3127 126 43 suggesti
511 3127 74 43 non
553 3127 95 43 sunt,
616 3127 95 43 tamen
679 3127 74 43 vel
721 3127 84 43 sese
774 3127 116 43 produnt
859 3127 74 43 per
890 3127 95 43 externa

988 144 105 68 signa
1058 144 105 68 atque
1128 144 139 68 effecta,
1232 144 81 68 vel
1279 144 81 68 per
1325 144 186 68 revelationem
1477 144 81 68 Dei
1523 144 105 68 ipsis
1593 144 186 68 innotescunt:
1732 144 70 68 Ser-

990 201 115 37 mones
1067 201 115 37 vero,
1143 201 153 37 actiones
1258 201 64 37 &
1283 201 165 37 passiones
1410 201 140 37 hominum
1512 201 127 37 Angeli
1601 201 89 37 qui
1639 201 153 37 praesenter

987 233 95 44 sunt
1046 233 95 44 ipsi
1106 233 142 44 audiunt,
1213 233 131 44 vident,
1308 233 166 44 observant;
1438 233 142 44 absentes
1545 233 107 44 autem
1616 233 119 44 Angeli
1687 233 107 44 minime,

994 263 90 47 nisi
1050 263 79 47 vel
1095 263 56 47 a
1118 263 79 47 Deo
1163 263 79 47 vel
1208 263 68 47 ab
1241 263 101 47 aliis
1309 263 124 47 Angelis
1399 263 169 47 cognoscant.
1534 263 158 47 Singulorum
1658 263 90 47 enim
1703 263 90 47 ubique

996 294 135 52 hominum
1094 294 160 52 sermones,
1217 294 148 52 actiones
1328 294 61 52 &
1352 294 172 52 passiones,
1487 294 61 52 &
1512 294 172 52 quaecunque
1647 294 74 52 in
1684 294 111 52 mundo
1746 294 61 52 di-

994 333 118 53 cuntur
1077 333 59 53 &
1100 333 118 53 fiunt,
1183 333 71 53 ab
1219 333 130 53 Angelis
1313 333 83 53 per
1360 333 71 53 se
1396 333 142 53 cognosci
1502 333 94 53 sion
1561 333 142 53 possunt,
1667 333 94 53 quum
1715 333 94 53 ubique

989 360 80 40 non
1023 360 80 40 sint.

1026 388 98 43 Hinc
1087 388 183 43 colligitur,
1233 388 98 43 quam
1294 388 134 43 stolide
1392 388 110 43 agant
1465 388 159 43 Papistae,
1587 388 85 43 qui
1636 388 134 43 Angelos
1722 388 85 43 invo-

993 429 95 35 cant
1053 429 59 35 &
1076 429 119 35 quidem
1159 429 154 35 nominatim
1278 429 83 35 hos
1326 429 83 35 vel
1373 429 119 35 illos,
1456 429 95 35 quos
1516 429 95 35 sibi
1575 429 154 35 speciatim
1682 429 119 35 praesen-

1000 464 77 42 tes
1044 464 88 42 esse
1099 464 143 42 ignorant,
1209 464 77 42 aut
1253 464 99 42 licet
1319 464 154 42 praesentes
1439 464 121 42 essent,
1527 464 176 42 cogitationes
1670 464 99 42 tamen
1736 464 55 42 &
1747 464 55 42 de-

1007 493 115 46 ideria
1087 493 126 46 illorum
1178 493 80 46 per
1224 493 69 46 se
1259 493 80 46 non
1293 493 149 46 cognoscunt.

1050 542 165 66 Expeditae
1177 542 101 66 sunt
1240 542 190 66 quaestiones
1392 542 76 66 de
1430 542 152 66 subiecto
1544 542 177 66 sapientiae
1670 542 89 66 Ange-

1218 587 119 55 licae:
1302 587 143 55 sequitur
1409 587 72 55 de
1445 587 95 55 modo
1492 587 72 55 eius

1035 631 71 51 De
1071 631 94 51 illo
1130 631 130 51 quatuor
1224 631 177 51 quaestiones
1365 631 153 51 praecipue
1471 631 130 51 moventur.

1039 675 67 41 I.
1072 675 67 41 An
1106 675 112 41 Angeli
1185 675 79 41 ea,
1230 675 90 41 quae
1286 675 168 41 cognoscunt,
1421 675 168 41 intelligant
1555 675 79 41 per
1600 675 90 41 suam
1645 675 135 41 essentiam?

1030 709 77 39 II.
1074 709 66 39 An
1107 709 109 39 Angeli
1183 709 164 39 intelligant
1315 709 77 39 per
1358 709 120 39 species
1435 709 175 39 intelligibiles

1039 729 89 64 III.
1095 729 67 64 An
1128 729 167 64 intelligant
1262 729 78 64 per
1306 729 145 64 discursum
1418 729 201 64 syllogisticum,
1585 729 190 64 compositionem
1741 729 56 64 &
1752 729 56 64 di-

988 772 159 46 visionem,
1110 772 135 46 hominum
1196 772 110 46 instart

1030 797 78 53 IV.
1075 797 67 53 An
1108 797 78 53 uno
1153 797 123 53 intuitu
1242 797 56 53 &
1265 797 78 53 uno
1310 797 179 53 intelligendi
1455 797 90 53 actu
1511 797 101 53 simul
1578 797 101 53 omnia
1645 797 179 53 intelligant:

1029 840 73 41 Ad
1065 840 85 41 has
1114 840 181 41 quaestiones
1259 840 206 41 respondebimus
1428 840 85 41 per
1476 840 121 41 Theses
1549 840 157 41 distinctas.

1202 885 85 62 De
1244 885 127 62 prima
1329 885 198 62 quaestione
1470 885 127 62 Theses.

1039 941 124 60 Prima:
1125 941 124 60 Angeli
1212 941 87 60 non
1262 941 174 60 cognoscunt
1398 941 87 60 per
1448 941 99 60 suam
1510 941 161 60 essentiam
1634 941 124 60 omnia.
1709 941 99 60 Ratio-

1007 985 80 41 nes
1052 985 126 41 Theses
1144 985 103 41 hujus
1212 985 103 41 sunt.

1038 1013 73 54 I.
1074 1013 97 54 Quia
1135 1013 122 54 solius
1220 1013 85 54 Dei
1269 1013 85 54 est
1318 1013 110 54 omnia
1391 1013 170 54 cognoscere
1525 1013 85 54 per
1574 1013 97 54 suam
1635 1013 170 54 essentiam,
1756 1013 49 54 ut

1003 1049 72 41 in
1039 1049 157 41 attributo
1160 1049 169 41 sapientiae
1293 1049 85 41 Dei
1329 1049 169 41 demonstratum

1040 1080 88 42 II.
1091 1080 100 42 Quia
1153 1080 75 42 si
1191 1080 125 42 Angeli
1278 1080 113 42 omnia
1353 1080 200 42 cognoscerent
1516 1080 88 42 per
1566 1080 100 42 suam
1628 1080 175 42 essentiam:
1753 1080 63 42 tum

1011 1109 97 53 illa
1071 1109 109 53 esset
1144 1109 109 53 rerum
1217 1109 121 53 omnium
1302 1109 145 53 perfecta
1411 1109 109 53 imago
1484 1109 61 53 &
1508 1109 109 53 causa
1581 1109 182 53 exemplaris:
1726 1109 73 53 At
1750 1109 61 53 hoc

1005 1151 91 29 non
1057 1151 104 29 est:
1122 1151 104 29 quia
1188 1151 170 29 perfectam
1318 1151 157 29 imaginem
1436 1151 65 29 &
1462 1151 130 29 causam
1553 1151 183 29 exemplarem
1697 1151 117 29 rerum
1762 1151 52 29 o-

1008 1180 110 45 mnium
1081 1180 135 45 necesse
1179 1180 86 45 est
1228 1180 159 45 infinitam
1351 1180 110 45 esse,
1425 1180 123 45 quippe
1510 1180 86 45 res
1560 1180 110 45 omnes
1633 1180 86 45 tum
1682 1180 98 45 quae
1731 1180 86 45 exsi-

1011 1213 117 40 stunt,
1093 1213 82 40 tum
1140 1213 94 40 quae
1199 1213 152 40 exsistere
1316 1213 141 40 possunt,
1421 1213 141 40 earumque
1527 1213 117 40 omnium
1609 1213 187 40 differentias
1749 1213 59 40 re-

1013 1245 147 45 ferentem:
1126 1245 147 45 Angelorum
1239 1245 102 45 autem
1307 1245 136 45 essentia
1409 1245 79 45 non
1454 1245 79 45 est
1499 1245 147 45 infinita,
1612 1245 79 45 sed
1646 1245 102 45 finita;

1035 1277 123 47 Thesis
1121 1277 147 47 secunda:
1231 1277 123 47 Angeli
1317 1277 86 47 per
1366 1277 98 47 suam
1428 1277 160 47 essentiam
1550 1277 86 47 aut
1599 1277 110 47 nulla
1661 1277 147 47 cognoscunt

1002 1313 86 39 aut
1051 1313 110 39 forte
1124 1313 184 39 paucissima;
1271 1313 110 39 velut
1345 1313 184 39 unusquisque
1492 1313 159 39 Angelorum
1614 1313 147 39 seipsum;
1724 1313 61 39 &
1737 1313 73 39 bon-

1005 1345 125 41 Angeli
1092 1345 112 41 Deum,
1167 1345 150 41 videntes
1279 1345 87 41 eum
1329 1345 212 41 supernaturali
1491 1345 100 41 lumine

1188 1389 89 64 De
1233 1389 163 64 secunda
1351 1389 208 64 quaestione
1499 1389 119 64 Thesis

1343 1441 113 36 prima.

1037 1485 113 48 Angeli
1116 1485 79 48 non
1161 1485 170 48 intelligunt
1297 1485 79 48 per
1342 1485 124 48 species
1433 1485 204 48 intelligibiles
1602 1485 57 48 a
1625 1485 102 48 rebus
1681 1485 136 48 abstractas

1012 1522 81 52 seu
1059 1522 81 52 per
1105 1522 209 52 abstractionem.
1279 1522 139 52 Rationes
1384 1522 128 52 Theses
1477 1522 93 52 sunt
1523 1522 93 52 istae:

1048 1549 71 46 I.
1084 1549 95 46 Quia
1143 1549 143 46 proprium
1250 1549 131 46 hominis
1345 1549 83 46 est
1393 1549 166 46 cognoscere
1523 1549 83 46 res
1571 1549 83 46 per
1618 1549 131 46 species
1713 1549 83 46 seu
1749 1549 71 46 ima-

1028 1595 100 42 gines
1094 1595 66 42 ab
1128 1595 100 42 ipsis
1194 1595 100 42 rebus
1260 1595 155 42 abstractas
1382 1595 55 42 &
1404 1595 55 42 a
1426 1595 133 42 sensibus
1526 1595 177 42 exterioribus
1670 1595 66 42 ad
1692 1595 133 42 interiores

1018 1628 57 38 &
1040 1628 68 38 ab
1074 1628 79 38 his
1120 1628 68 38 ad
1154 1628 170 38 intellectum
1279 1628 136 38 translatas

1041 1660 85 36 II.
1090 1660 97 36 Quia
1150 1660 73 36 si
1187 1660 122 36 Angeli
1272 1660 195 36 cognoscerent
1430 1660 85 36 per
1479 1660 134 36 species
1577 1660 61 36 a
1601 1660 110 36 rebus
1662 1660 158 36 abstractas,

1009 1693 81 35 tum
1056 1693 209 35 cognoscentibus
1230 1693 116 35 dandus
1312 1693 105 35 esset
1381 1693 174 35 intellectus
1521 1693 105 35 agens
1591 1693 58 35 &
1614 1693 174 35 intellectus
1753 1693 93 35 pos

1021 1727 136 36 sibilis.
1122 1727 102 36 Atqui
1190 1727 68 36 in
1224 1727 124 36 Angelis
1315 1727 79 36 non
1360 1727 102 36 datur
1428 1727 170 36 intellectus
1563 1727 113 36 agens,
1642 1727 79 36 sed
1687 1727 79 36 tam
1721 1727 102 36 univer-

1021 1757 105 38 salia
1091 1757 93 38 quam
1150 1757 163 38 singularia
1278 1757 82 38 per
1325 1757 128 38 species
1418 1757 58 38 a
1441 1757 82 38 Deo
1488 1757 93 38 sibi
1546 1757 128 38 inditas
1639 1757 175 38 cognoscunt.
1768 1757 58 38 Nec

1019 1793 67 33 in
1052 1793 123 33 Angelis
1142 1793 168 33 intellectus
1276 1793 101 33 agens
1344 1793 168 33 requiritur,
1478 1793 67 33 ut
1512 1793 78 33 suo
1556 1793 112 33 lumine
1635 1793 157 33 possibilem
1747 1793 67 33 cor-

1012 1825 131 34 lustret,
1111 1825 77 34 cum
1154 1825 77 34 eis
1198 1825 66 34 ad
1231 1825 175 34 dijudicandam
1373 1825 142 34 veritatem
1483 1825 142 34 sufficiat
1592 1825 77 34 vis
1636 1825 88 34 ipsa
1680 1825 142 34 intellectus

1027 1859 171 35 possibilis,
1164 1859 91 35 quae
1221 1859 68 35 ex
1255 1859 126 35 propria
1346 1859 80 35 sua
1392 1859 114 35 natura
1472 1859 103 35 lumen
1540 1859 126 35 quoddam
1631 1859 80 35 est
1677 1859 57 35 e
1700 1859 103 35 fonte
1757 1859 57 35 di-

1019 1890 94 41 vinae
1081 1890 52 41 &
1102 1890 125 41 aeternae
1196 1890 94 41 lucis
1259 1890 146 41 derivatum.
1373 1890 115 41 (Scotus
1457 1890 63 41 in
1488 1890 63 41 2.
1519 1890 115 41 distin.
1603 1890 63 41 3.
1634 1890 115 41 quaest:
1718 1890 115 41 ultima,
1791 1890 31 41 &

1028 1921 127 36 Sregorius
1126 1921 59 36 in
1155 1921 59 36 4.
1185 1921 107 36 distin.
1263 1921 59 36 7.
1292 1921 107 36 quaest.
1370 1921 59 36 5,
1400 1921 98 36 artic.
1468 1921 59 36 1.
1497 1921 137 36 existimant
1605 1921 88 36 etiam
1663 1921 107 36 Angelis
1732 1921 78 36 intel-

1024 1952 114 36 lectum
1103 1952 125 36 agentem
1194 1952 159 36 convenire,
1319 1952 80 36 tum
1365 1952 68 36 ad
1399 1952 182 36 abstrahendas
1547 1952 125 36 species
1637 1952 102 36 rerum
1694 1952 114 36 singula.

1011 1986 97 39 rium
1071 1986 61 39 a
1096 1986 109 39 rebus
1168 1986 97 39 (nam
1229 1986 133 39 species
1326 1986 109 39 rerum
1398 1986 157 39 communium
1519 1986 145 39 fatentur
1628 1986 133 39 inditas
1713 1986 109 39 fuisse-

1029 2018 113 43 Angelis
1111 2018 62 43 in
1142 2018 82 43 ipsa
1193 2018 144 43 creatione)
1307 2018 72 43 tum
1348 2018 62 43 ut
1379 2018 72 43 sit
1420 2018 103 43 lumen,
1492 2018 93 43 cuius
1554 2018 113 43 virtute
1636 2018 154 43 intellectus
1749 2018 62 43 pos-

1019 2051 113 37 sibilis
1101 2051 62 37 de
1132 2051 175 37 intelligibili
1276 2051 123 37 veritate
1368 2051 123 37 iudicet.
1460 2051 72 37 Sed
1502 2051 92 37 prior
1563 2051 134 37 sententia
1666 2051 82 37 vera
1717 2051 82 37 est,
1758 2051 62 37 quam

1021 2080 96 48 docet
1086 2080 150 48 Augustinus
1203 2080 86 48 lib.
1257 2080 64 48 2.
1289 2080 64 48 de
1321 2080 107 48 Genesi
1396 2080 64 48 ad
1428 2080 129 48 litteram
1525 2080 86 48 cap.
1578 2080 64 48 8.
1610 2080 54 48 &
1632 2080 86 48 lib.
1685 2080 64 48 4.
1718 2080 86 48 cap.
1760 2080 54 48 24.

1023 2115 147 47 Damascenus
1138 2115 94 47 libro
1200 2115 63 47 2.
1232 2115 147 47 orthodoxae
1347 2115 105 47 fidei,
1420 2115 84 47 cap.
1473 2115 63 47 3.
1504 2115 136 47 Dionysius
1609 2115 84 47 cap.
1661 2115 63 47 7.
1692 2115 63 47 de
1713 2115 105 47 caelest.

1028 2144 160 48 bierarchia.
1156 2144 107 48 Thomas
1231 2144 117 48 Aquinas
1316 2144 96 48 prima
1380 2144 107 48 parte,
1455 2144 117 48 quaest.
1541 2144 75 48 54.
1583 2144 107 48 artic.
1658 2144 64 48 4.
1690 2144 117 48 eiusque
1765 2144 53 48 se-

1016 2183 136 36 ctatores.
1120 2183 157 36 Intellectus
1245 2183 104 36 agens,
1318 2183 73 36 est
1360 2183 157 36 spiritualis
1485 2183 125 36 potentia
1579 2183 73 36 seu
1621 2183 136 36 facultas,
1725 2183 52 36 a
1746 2183 73 36 qua
1777 2183 42 36 ad

1020 2211 166 42 intelligendi
1155 2211 93 42 actum
1217 2211 156 42 intellectus
1341 2211 145 42 possibilis
1456 2211 104 42 deduci
1528 2211 114 42 possit.
1611 2211 156 42 Intellectus
1726 2211 93 42 possibi

1016 2245 86 38 lis,
1070 2245 76 38 est
1113 2245 108 38 activa
1189 2245 140 38 potentia,
1297 2245 54 38 &
1319 2245 76 38 est
1362 2245 97 38 omnia
1427 2245 140 38 potentia,
1534 2245 97 38 neque
1599 2245 76 38 est
1642 2245 140 38 corporeus
1740 2245 86 38 neque.

1019 2278 60 34 in
1049 2278 120 34 corporeo
1139 2278 110 34 organo,
1219 2278 50 34 &
1240 2278 140 34 praecellit
1350 2278 150 34 intellectui
1470 2278 110 34 agenti.
1550 2278 80 34 Ideo
1600 2278 150 34 intellectus
1711 2278 120 34 possibilis

1018 2313 95 42 datur
1082 2313 64 42 in
1114 2313 127 42 Angelis,
1209 2313 159 42 intellectus
1336 2313 95 42 agens
1400 2313 74 42 non
1442 2313 106 42 datur,
1516 2313 85 42 quia
1569 2313 74 42 non
1611 2313 159 42 intelligit,
1738 2313 74 42 nec
1770 2313 53 42 ul-

1023 2338 80 40 lam
1068 2338 207 40 intellectionem
1241 2338 149 40 immodiate
1344 2338 115 40 producit

1059 2368 98 48 III.
1120 2368 98 48 Quia
1181 2368 73 48 si
1218 2368 122 48 Angeli
1303 2368 171 48 cognoscunt
1438 2368 86 48 per
1487 2368 134 48 species
1584 2368 61 48 a
1609 2368 110 48 rebus
1670 2368 159 48 abstractas,

1013 2407 88 38 tum
1063 2407 88 38 vel
1113 2407 100 38 Deum
1175 2407 88 38 ita
1225 2407 188 38 cognoscunt,
1375 2407 88 38 vel
1425 2407 88 38 res
1475 2407 113 38 alias
1550 2407 113 38 extra
1625 2407 113 38 Deum.
1700 2407 88 38 Non
1738 2407 88 38 Deum;

1020 2444 93 39 quid
1078 2444 93 39 enim
1136 2444 162 39 extraheret
1263 2444 81 39 Dei
1310 2444 127 39 speciem
1402 2444 220 39 intelligibilem?
1588 2444 81 39 aut
1634 2444 93 39 quae
1692 2444 81 39 Dei
1726 2444 93 39 potes.

1028 2476 87 36 esse
1082 2476 130 36 species?
1180 2476 97 36 Omnis
1245 2476 130 36 species,
1342 2476 65 36 ab
1374 2476 65 36 eo
1407 2476 97 36 cujus
1472 2476 76 36 est
1515 2476 130 36 species,
1613 2476 87 36 exit
1667 2476 65 36 in
1688 2476 141 36 intellectum

1023 2505 210 36 intelligentem,
1198 2505 70 36 si
1234 2505 82 36 est
1280 2505 128 36 species
1374 2505 222 36 intelligibilis.
1560 2505 128 36 Quomodo
1654 2505 70 36 ex
1689 2505 82 36 Deo
1724 2505 105 36 exibite

1026 2537 81 40 Est
1073 2537 70 40 ne
1108 2537 128 40 aliquod
1201 2537 81 40 UBI
1247 2537 70 40 in
1282 2537 81 40 quo
1328 2537 81 40 non
1375 2537 81 40 sit
1421 2537 105 40 Deus,
1491 2537 58 40 &
1514 2537 81 40 Dei
1561 2537 81 40 sit
1607 2537 139 40 species?
1711 2537 70 40 At
1735 2537 81 40 esseu

1022 2566 79 36 tia
1067 2566 79 36 Dei
1112 2566 79 36 est
1158 2566 147 36 interior,
1271 2566 57 36 &
1294 2566 125 36 propior
1384 2566 79 36 tum
1430 2566 159 36 essentiae,
1554 2566 79 36 tum
1599 2566 193 36 intellectioni
1747 2566 79 36 Ange-

1029 2602 127 39 lorum,
1118 2602 102 39 quam
1182 2602 190 39 ullaspecies
1334 2602 165 39 ejusmodi.
1461 2602 89 39 Non
1511 2602 102 39 enim
1575 2602 114 39 inter
1651 2602 102 39 Deum
1714 2602 63 39 &
1727 2602 89 39 Ange-

1027 2630 79 44 los
1072 2630 124 44 species
1162 2630 79 44 Dei
1207 2630 79 44 est
1253 2630 79 44 aut
1298 2630 169 44 simulacrum,
1433 2630 79 44 sed
1478 2630 124 44 ipsemet
1569 2630 102 44 Deus.
1636 2630 102 44 Neque
1704 2630 79 44 res
1738 2630 79 44 alias

1027 2669 106 40 extra
1098 2669 94 40 Deum
1156 2669 164 40 cognoscunt
1286 2669 82 40 per
1333 2669 129 40 species
1427 2669 176 40 abstractas,
1568 2669 94 40 quia
1626 2669 82 40 eas
1673 2669 82 40 non
1720 2669 129 40 cognos

1023 2702 96 36 cunt
1083 2702 84 36 per
1131 2702 132 36 sensum:
1227 2702 84 36 nam
1275 2702 120 36 carent
1359 2702 120 36 sensu.
1444 2702 108 36 Omnis
1516 2702 144 36 cognitio
1624 2702 84 36 per
1660 2702 156 36 abstractio-

1024 2734 83 35 nem
1071 2734 130 35 incipit
1166 2734 59 35 a
1189 2734 118 35 sensu.
1272 2734 141 35 Cognitio
1378 2734 106 35 autem
1449 2734 141 35 Angelica
1555 2734 118 35 tantum
1637 2734 83 35 est
1673 2734 153 35 intellecti-

1028 2767 78 37 va,
1072 2767 78 37 non
1117 2767 156 37 senfitiva:
1239 2767 89 37 haec
1295 2767 89 37 enim
1350 2767 133 37 organica
1450 2767 89 37 est,
1506 2767 56 37 &
1528 2767 67 37 ad
1561 2767 133 37 corpora,
1661 2767 111 37 quibus
1728 2767 89 37 caren-

1027 2797 124 39 Angeli,
1117 2797 146 39 pertinet:
1229 2797 90 39 unde
1285 2797 101 39 etiam
1353 2797 112 39 nullus
1432 2797 101 39 actus
1499 2797 146 39 corporeus
1611 2797 101 39 ipsis
1679 2797 124 39 proprie
1758 2797 67 39 tri-

1313 2860 146 62 Thesis
1401 2860 132 62 secunda

1062 2918 116 43 Angeli
1144 2918 81 43 res
1190 2918 139 43 creatas,
1295 2918 93 43 quas
1353 2918 174 43 naturasiter
1492 2918 174 43 cognoscunt,
1632 2918 174 43 intelligunt
1759 2918 70 43 per-

1031 2952 123 42 species
1120 2952 78 42 seu
1165 2952 190 42 similitudines
1321 2952 112 42 rerum,
1399 2952 112 42 statim
1477 2952 56 42 a
1499 2952 145 42 creatione
1611 2952 89 42 sibi
1667 2952 123 42 inditas
1745 2952 78 42 atque

1033 2989 148 38 ingenitas
1146 2989 57 38 a
1169 2989 148 38 Creatore.
1283 2989 102 38 Sicut
1351 2989 91 38 enim
1408 2989 125 38 corpora
1499 2989 159 38 caelestia,
1624 2989 80 38 mox
1670 2989 57 38 a
1681 2989 148 38 creationis:

1044 3019 162 39 rimordio,
1168 3019 187 39 essentialem
1317 3019 100 39 suam
1380 3019 125 39 adepta
1467 3019 100 39 sunt
1529 3019 212 39 perfectionem,
1703 3019 100 39 quam
1753 3019 75 39 haec

1033 3061 148 34 inferiora
1147 3061 80 34 per
1192 3061 114 34 certos
1272 3061 137 34 paulatim
1375 3061 114 34 gradus
1455 3061 137 34 provecta
1558 3061 160 34 accipiunt:
1683 3061 80 34 sic
1729 3061 57 34 &
1740 3061 80 34 Ange-

1029 3084 114 40 licae
1105 3084 139 40 mentes,
1206 3084 139 40 humanis
1307 3084 190 40 superiores,
1459 3084 202 40 perfectionem
1623 3084 101 40 suam
1674 3084 139 40 naturalem

1038 3119 100 50 quae
1100 3119 75 50 in
1137 3119 199 50 intelligendo
1299 3119 125 50 posita
1387 3119 100 50 est,
1449 3119 175 50 congenitam
1586 3119 62 50 &
1611 3119 62 50 a
1636 3119 150 50 Creatore
1736 3119 87 50 seme-

1037 2834 110 41 buitur.
