2063 3400
156 230 119 41 lucis
235 230 66 41 &
261 230 251 41 pulchritudinis,
473 230 198 41 quemadmodum
631 230 106 41 homo
698 230 119 41 solus
777 230 119 41 inter
843 230 132 41 animalia

168 260 157 42 scientiae
289 260 217 42 cognitionisque
469 260 84 42 est
518 260 109 42 capax
590 260 60 42 &
614 260 109 42 omnia
687 260 145 42 animalia
783 260 181 42 pulchritudine

160 300 165 39 superat.
284 300 193 39 Quapropter
435 300 124 39 forma
518 300 179 39 imberbium
655 300 151 39 juvenum
765 300 96 39 aut
807 300 151 39 animalium

160 332 212 39 similitudinem
334 332 137 39 humanam
434 332 162 39 habentium
559 332 150 39 apparere
672 332 125 39 soliti
759 332 112 39 sunt:
834 332 100 39 unde
884 332 75 39 Che-

177 357 105 43 ubini
247 357 128 43 gloriae
340 357 70 43 in
375 357 174 43 tabernaculo
514 357 58 43 a
538 357 93 43 Mose
596 357 116 43 parato
677 357 163 43 imaginibus
805 357 139 43 humanis,
898 357 58 43 sed

161 400 103 38 alatis
233 400 154 38 vestitisque
356 400 103 38 facti,
427 400 92 38 Exod.
489 400 72 38 25.
530 400 72 38 18,
571 400 72 38 19,
612 400 72 38 20.
653 400 62 38 Et
684 400 133 38 Ezechieli
786 400 62 38 c.
817 400 62 38 1.
848 400 72 38 sub
878 400 72 38 speci

165 432 160 40 animalium
287 432 135 40 humanam
386 432 209 40 similitudinem
557 432 160 40 habentium
680 432 98 40 visi
741 432 110 40 sunt.
815 432 123 40 Capite
889 432 61 40 ve-

178 456 65 40 so
211 456 76 40 41.
254 456 76 40 20.
298 456 87 40 visi
353 456 87 40 sunt
407 456 65 40 ei
440 456 142 40 Cherubini
549 456 65 40 in
582 456 153 40 parietibus
702 456 120 40 templi,
789 456 131 40 habentes
877 456 87 40 singu-

165 496 72 34 li
201 496 108 34 binas
273 496 132 34 facies,
368 496 108 34 nempe
440 496 120 34 faciem
524 496 132 34 humanam
620 496 60 34 &
644 496 120 34 faciem
728 496 132 34 juvenis
811 496 108 34 leonis.

204 518 165 44 Nominantur
334 518 141 44 Seraphim
440 518 94 44 Jes.
499 518 71 44 6.
534 518 71 44 2.
570 518 71 44 ab
605 518 118 44 ardore
687 518 59 44 &
711 518 153 44 incendio,
829 518 106 44 quasi
888 518 94 44 dicas,

168 556 149 41 ardentes
279 556 136 41 tanquam
378 556 124 41 ignis,
465 556 74 41 ob
502 556 112 41 eorum
577 556 149 41 perennem
688 556 74 41 in
725 556 136 41 divinis
825 556 112 41 rebus
887 556 74 41 mobi

171 592 148 36 litatem,
282 592 209 36 singularemque
454 592 148 36 fervorem
565 592 160 36 continuae
688 592 74 36 ac
725 592 135 36 nunquam
811 592 148 36 interrupta

166 627 153 38 motionis,
284 627 118 38 vimque
366 627 118 38 sursum
449 627 130 38 ducendi
543 627 71 38 ea
578 627 94 38 quae
637 627 141 38 subjecta
743 627 106 38 sunt,
814 627 106 38 quasi
873 627 82 38 calor

172 653 81 40 suo
219 653 92 40 illa
276 653 69 40 ad
311 653 127 40 similem
403 653 127 40 calorem
495 653 173 40 excitantem,
634 653 81 40 vim
680 653 104 40 etiam
749 653 150 40 purgandi,
853 653 115 40 obscuri-

172 691 112 35 tatem
246 691 62 35 &
271 691 149 35 tenebras
383 691 174 35 expellendi
520 691 249 35 exterminandique,
732 691 62 35 &
756 691 162 35 adducendi
881 691 75 35 ad
906 691 62 35 lu-

177 722 84 41 cem
225 722 120 41 claram
309 722 96 41 quae
369 722 144 41 extingui
477 722 84 41 non
525 722 132 41 potest:
622 722 132 41 denique
718 722 72 41 ob
754 722 144 41 officium
850 722 108 41 purgano

179 752 139 36 electos
281 752 89 36 per
331 752 177 36 vocationem
471 752 89 36 Dei
521 752 63 36 &
547 752 177 36 consumendi
686 752 165 36 reprobos;
813 752 101 36 quia
864 752 101 36 Angele

181 783 93 38 boni
240 783 93 38 sunt
298 783 186 38 exsequutores
449 783 163 38 judiciorum
578 783 82 38 Dei
624 783 128 38 Judicis
717 783 117 38 totius
799 783 117 38 mundi,
880 783 82 38 tum
915 783 47 38 i1

175 821 128 37 electos
268 821 81 37 tum
315 821 70 37 in
350 821 151 37 reprobos.
466 821 93 37 Unde
524 821 93 37 apud
582 821 128 37 Jesaiam
675 821 81 37 Deo
721 821 70 37 in
756 821 105 37 solio
826 821 163 37 judiciario

176 841 112 51 contra
254 841 123 51 populum
344 841 134 51 sedenti,
444 841 112 51 ardore
523 841 90 51 irae
579 841 123 51 divinae
668 841 123 51 accensi
758 841 157 51 adstabant,
881 841 112 51 parati
948 841 45 51 ad

174 882 161 42 exsequenda
301 882 81 42 Dei
336 882 115 42 judicia.

212 903 152 51 Nominantur
332 903 98 51 Filii
397 903 76 51 Dei
440 903 87 51 Job.
495 903 65 51 1.
527 903 65 51 v.
560 903 65 51 6.
593 903 54 51 &
614 903 65 51 2.
647 903 65 51 1.
679 903 54 51 &
701 903 76 51 38.
745 903 65 51 7.
777 903 76 51 non
821 903 87 51 quod
864 903 98 51 propri-

172 947 117 41 geniti
254 947 94 41 sint
313 947 70 41 ex
348 947 94 41 Deo,
406 947 117 41 (solus
488 947 94 41 enim
547 947 105 41 SERMo
617 947 94 41 ille
675 947 140 41 aeternus
781 947 129 41 proprie
863 947 105 41 genitus

175 983 83 43 est
222 983 71 43 ex
258 983 94 43 Deo,
317 983 94 43 unde
376 983 165 43 unigenitus
505 983 177 43 appellatur)
647 983 83 43 sed
694 983 94 43 quia
753 983 118 43 creati
836 983 71 43 ad
859 983 118 43 imaginem

182 1015 76 35 Dei
226 1015 65 35 in
258 1015 65 35 ea
291 1015 65 35 ex
323 1015 108 35 gratia
399 1015 152 35 confirmati
518 1015 54 35 &
540 1015 130 35 adoptati
637 1015 87 35 sunt
692 1015 65 35 in
713 1015 87 35 filios

208 1037 159 45 Nominantur
333 1037 136 45 custodes
435 1037 57 45 &
458 1037 125 45 vigiles
548 1037 91 45 Dan.
605 1037 68 45 4.
639 1037 68 45 v.
673 1037 80 45 10.
719 1037 91 45 quia
776 1037 68 45 in
810 1037 102 45 caelo
878 1037 125 45 tanquam

180 1069 68 46 in
214 1069 124 46 specula
304 1069 124 46 vigiles
394 1069 101 46 orbem
462 1069 56 46 &
484 1069 68 46 in
518 1069 68 46 eo
552 1069 124 46 fideles
631 1069 135 46 custodiunt

211 1102 166 43 Nominantur
341 1102 106 43 viri,
412 1102 95 43 item
471 1102 95 43 viri
530 1102 83 43 Dei
578 1102 130 43 Gen.18.
672 1102 59 43 &
696 1102 95 43 Jud.
755 1102 83 43 13.
802 1102 95 43 quia
862 1102 83 43 tum
897 1102 71 43 viro

186 1141 90 50 rum
238 1141 116 50 forma
302 1141 167 50 apparuerunt

289 1189 108 55 Sic
350 1189 170 55 fuerunt
474 1189 186 55 communia
614 1189 170 55 bonorum
722 1189 155 55 eAngelo-

480 1237 115 46 rum
529 1237 148 46 nomina.

211 1277 151 53 Propria
321 1277 178 53 quorundam
458 1277 151 53 bonorum
568 1277 178 53 Angelorum
705 1277 137 53 nomina
801 1277 110 53 sunt
856 1277 123 53 Gabrie.

187 1324 89 41 Dan.
243 1324 56 41 8
265 1324 56 41 &
287 1324 67 41 9.
320 1324 78 41 Luc
365 1324 67 41 1.
398 1324 89 41 ver.
454 1324 78 41 19,
498 1324 67 41 26
532 1324 89 41 quod
588 1324 156 41 significat
710 1324 134 41 virtutem
810 1324 78 41 seu
843 1324 134 41 fortitudi.

185 1356 89 46 nem
236 1356 102 46 Dei.
300 1356 102 46 Item
363 1356 140 46 Raphael
465 1356 76 46 in
503 1356 115 46 libro
580 1356 153 46 Thobiae,
694 1356 127 46 dictus
783 1356 64 46 a
809 1356 153 46 medendo.
911 1356 76 46 Alia

190 1394 126 41 exstant
281 1394 69 41 in
315 1394 103 41 aliis
384 1394 114 41 libris
464 1394 172 41 Apoctyphis,
601 1394 92 41 ideo
659 1394 92 41 illa
716 1394 80 41 nos
762 1394 160 41 omittimus,
887 1394 80 41 qui
922 1394 57 41 Ca-

179 1431 141 43 nonicas
282 1431 179 43 Scripturas
423 1431 115 43 solas
500 1431 90 43 pro
551 1431 115 43 unico
628 1431 179 43 Theologiae
769 1431 167 43 principio
884 1431 90 43 habe

164 1465 87 33 mus

222 1483 87 45 His
271 1483 161 45 accensent
395 1483 124 45 quidam
482 1483 111 45 nomen
556 1483 161 45 Michaelis
680 1483 99 45 quod
742 1483 124 45 exstat
828 1483 99 45 Dan.
890 1483 87 45 10.
927 1483 50 45 &.

188 1522 78 40 II.
232 1522 89 40 item
288 1522 66 40 in
321 1522 133 40 epistola
420 1522 100 40 Judae
487 1522 78 40 v.9
531 1522 55 40 &
553 1522 66 40 in
587 1522 133 40 Johannis
686 1522 155 40 Apocalypsi
808 1522 78 40 cap
852 1522 78 40 12.
897 1522 66 40 7.
919 1522 55 40 ve.

187 1552 85 43 rum
236 1552 110 43 illud
309 1552 110 43 nulli
382 1552 122 43 creato
467 1552 122 43 Angelo
552 1552 158 43 competit,
674 1552 85 43 sed
723 1552 122 43 tantum
808 1552 134 43 Christo
894 1552 85 43 Domi-

182 1585 83 43 no,
230 1585 83 43 qui
277 1585 83 43 est
324 1585 83 43 par
372 1585 59 43 &
395 1585 142 43 aequalis
502 1585 95 43 Deo,
561 1585 95 43 quod
620 1585 107 43 nomen
691 1585 107 43 istud
762 1585 118 43 sonat,
845 1585 83 43 qui
892 1585 83 43 est
928 1585 59 43 Ar-

188 1621 164 40 changelus
315 1621 63 40 &
340 1621 76 40 Pi
378 1621 126 40 inceps
467 1621 101 40 ille
530 1621 164 40 creatorum
656 1621 177 40 Angelorum,
795 1621 89 40 dux
846 1621 126 40 populi
922 1621 63 40 pu-

192 1647 109 48 gnans
265 1647 85 48 pro
313 1647 134 48 populo,
520 1647 170 48 Ecclesiae,
653 1647 109 48 cujus
835 1647 97 48 sunt
884 1647 109 48 Angelis

187 1683 102 43 boni:
255 1683 79 43 qui
300 1683 79 43 est
345 1683 113 43 fortis
424 1683 91 43 ille
481 1683 136 43 bellator
583 1683 79 43 qui
628 1683 125 43 Satanam
719 1683 113 43 vincit
798 1683 57 43 &
821 1683 170 43 prosternit,
945 1683 34 43 &

202 1721 122 33 quidem
287 1721 122 33 solus,
372 1721 73 33 ut
409 1721 109 33 opera
481 1721 158 33 Angeiorum
603 1721 85 33 non
652 1721 158 33 indigeat,
773 1721 109 33 licet
846 1721 109 33 eorum
907 1721 85 33 mini-

194 1755 102 38 sterio
255 1755 92 38 utatur?

241 1799 182 50 Hactenus
377 1799 91 50 de
423 1799 197 50 nominibus
575 1799 167 50 bonorum
696 1799 212 50 Angelorum:
848 1799 91 50 nunc

335 1840 76 56 de
373 1840 127 56 reipsa
462 1840 139 56 agemus.
563 1840 139 56 ponendo
665 1840 114 56 primo
741 1840 101 56 loco
791 1840 51 56 de

490 1885 190 52 finitionem.

228 1931 189 49 BONIANGELI,
380 1931 101 49 sunt
443 1931 164 49 caelestes
569 1931 164 49 spiritus,
696 1931 88 49 qui
746 1931 76 49 in
784 1931 88 49 sua
822 1931 164 49 integritate

194 1973 66 40 in
227 1973 77 40 qua
271 1973 121 40 conditi
359 1973 110 40 erant,
436 1973 55 40 a
458 1973 77 40 Deo
502 1973 66 40 ex
535 1973 110 40 gratia
613 1973 154 40 confirmati
723 1973 154 40 perstiterum.

208 2006 166 37 Integritas
339 2006 95 37 illa
398 2006 130 37 omnibus
493 2006 130 37 Angelis
588 2006 154 37 naturalis
706 2006 107 37 erat,
777 2006 83 37 hoc
825 2006 95 37 est,
872 2006 119 37 secundum

206 2039 126 38 naturam
297 2039 57 38 &
320 2039 69 38 in
355 2039 115 38 natura
435 2039 126 38 ipsorum
527 2039 126 38 insita,
618 2039 80 38 cum
664 2039 69 38 ea
699 2039 115 38 primum
779 2039 149 38 exsistere
894 2039 126 38 coepit,

187 2070 81 43 seu
234 2070 150 43 concreata
349 2070 127 43 naturae
441 2070 138 43 ipsorum:
545 2070 92 43 quod
603 2070 92 43 vero
660 2070 127 43 Angelis
753 2070 81 43 qui
799 2070 69 43 in
833 2070 92 43 illa
880 2070 115 43 integri-

206 2112 86 33 tate
260 2112 182 33 perstiterunt,
410 2112 64 33 id
442 2112 118 33 gratiae
528 2112 140 33 accessit,
636 2112 64 33 ut
668 2112 118 33 vellent
754 2112 182 33 immutabiliter
904 2112 75 33 Deo
936 2112 43 33 ad

196 2137 165 41 haerescere,
328 2137 77 41 hoc
372 2137 186 41 supernaturale
514 2137 55 41 est

230 2167 100 44 Cause
297 2167 78 44 cur
341 2167 67 44 in
374 2167 78 44 sua
419 2167 167 44 integritate
552 2167 111 44 Angeli
630 2167 111 44 quidam
708 2167 189 44 perstiterunt,
864 2167 89 44 sunt
908 2167 78 44 istae

206 2213 142 39 proxima
310 2213 129 39 quidem
400 2213 65 39 &
426 2213 168 39 immediata
555 2213 129 39 causa,
646 2213 103 39 bona
710 2213 142 39 ipsorum
814 2213 168 39 Angelorum
930 2213 65 39 vo-

205 2241 127 42 luntas:
298 2241 161 42 remotiores
424 2241 92 42 vero
482 2241 58 42 &
505 2241 161 42 superiores
631 2241 127 42 causae,
723 2241 92 42 sunt
781 2241 81 42 tum
815 2241 173 42 supernaturalo

196 2275 141 38 auxitium
302 2275 82 38 aut
349 2275 117 38 potius
431 2275 211 38 supernaturalis
607 2275 117 38 gratia
689 2275 94 38 Dei,
748 2275 94 38 sine
806 2275 82 38 qua
853 2275 106 38 neque
912 2275 82 38 velle

207 2315 105 34 neque
277 2315 152 34 perficere
394 2315 129 34 possunt
488 2315 129 34 Angeli,
582 2315 94 34 quae
640 2315 129 34 naturam
734 2315 129 34 creatam
827 2315 152 34 superant:
933 2315 58 34 tum

211 2336 137 43 pratuita
313 2336 80 43 Dei
359 2336 91 43 erga
416 2336 103 43 illos
485 2336 194 43 benevolentia,
644 2336 57 43 a
667 2336 80 43 qua
713 2336 137 43 auxilium
816 2336 126 43 gratiae
896 2336 91 43 profe-

198 2379 93 31 ctum
256 2379 93 31 est,
314 2379 81 31 non
360 2379 69 31 ab
395 2379 150 31 Angelorum
511 2379 127 31 meritis
604 2379 58 31 &
627 2379 162 31 dignitate:
754 2379 58 31 &
777 2379 139 31 aeternum
881 2379 139 31 electio

208 2409 84 34 nis
256 2409 131 34 ipsorum
351 2409 155 34 decretum,
471 2409 84 34 quo
519 2409 72 34 ad
555 2409 96 34 hanc
614 2409 179 34 sempiternam
758 2409 191 34 beatitudinem
901 2409 96 34 electi

205 2440 141 36 fuerunt:
311 2440 59 36 &
334 2440 141 36 Christus
440 2440 129 36 Dominus
534 2440 59 36 &
558 2440 106 36 caput
628 2440 141 36 ipsorum,
734 2440 70 36 in
769 2440 82 36 quo
816 2440 164 36 subsistunt
933 2440 59 36 se-

205 2468 124 45 cundum
292 2468 174 45 electionem
428 2468 75 45 ut
466 2468 75 45 in
503 2468 87 45 Deo
553 2468 186 45 immutabili,
702 2468 62 45 &
727 2468 75 45 in
764 2468 87 45 quo
814 2468 99 45 Deus
876 2468 112 45 ipsos
938 2468 62 45 in-

209 2501 120 45 tuetur,
296 2501 65 45 ac
329 2501 120 45 proinde
416 2501 65 45 in
449 2501 87 45 illo
503 2501 76 45 jam
547 2501 120 45 effecti
634 2501 87 45 sunt
678 2501 153 45 immutabiles.

237 2524 102 52 Unde
301 2524 192 52 consequitur
455 2524 141 52 Angelos
557 2524 77 52 in
595 2524 102 52 bono
659 2524 205 52 confirmatos,
826 2524 64 52 a
851 2524 115 52 Summo
915 2524 77 52 ille

198 2566 96 41 bono
258 2566 84 41 cui
306 2566 192 41 adhaeserunt,
462 2566 72 41 ad
498 2566 132 41 aliquod
594 2566 108 41 malum
667 2566 84 41 sua
715 2566 156 41 voluntate
835 2566 156 41 deficere,
943 2566 48 41 eo

202 2600 89 49 que
253 2600 140 49 peccare
355 2600 127 49 minime
444 2600 140 49 amplius
533 2600 89 49 posse

241 2621 95 47 Unde
301 2621 95 47 sunt
360 2621 119 47 beati,
443 2621 95 47 quia
503 2621 119 47 semper
586 2621 119 47 vident
670 2621 107 47 Deum,
741 2621 83 47 hoc
789 2621 95 47 est,
848 2621 83 47 non
884 2621 119 47 solummo-

206 2662 77 42 do
245 2662 141 42 Patrem,
347 2662 90 42 sed
398 2662 115 42 totam
475 2662 205 42 Sacrosanctam
642 2662 192 42 Trinitatem.
796 2662 128 42 Semper
886 2662 103 42 enim
937 2662 64 42 vi-

205 2697 92 39 dent
262 2697 114 39 faciem
342 2697 114 39 Patris
422 2697 80 39 per
468 2697 114 39 Filium
548 2697 69 39 in
582 2697 126 39 Spiritu
674 2697 126 39 Sancto.
765 2697 126 39 August.
857 2697 103 39 sept.
914 2697 80 39 tomo-

201 2732 106 38 libro
272 2732 118 38 tertio
354 2732 118 38 contra
436 2732 94 38 duas
495 2732 153 38 epistolas
613 2732 188 38 Pelagianorum
766 2732 71 38 ad
801 2732 176 38 Bonifacium,
930 2732 71 38 cap.

206 2766 99 45 septimo,

242 2782 72 50 Ac
278 2782 108 50 licet
350 2782 132 50 amplius
446 2782 132 50 peccare
542 2782 156 50 miserique
662 2782 108 50 fieri
734 2782 84 50 non
782 2782 144 50 possint:
890 2782 108 50 tamen
950 2782 60 50 non

214 2828 95 42 solum
278 2828 74 42 non
320 2828 138 42 desierunt
426 2828 85 42 esse
479 2828 106 42 liberi
553 2828 138 42 arbitrii,
659 2828 95 42 verum
723 2828 95 42 etiam
786 2828 95 42 magis
850 2828 106 42 liberi
924 2828 95 42 sunt,

228 2861 94 35 quam
287 2861 105 35 antea
357 2861 141 35 fuerunt,
462 2861 82 35 cum
509 2861 141 35 poterant
615 2861 129 35 peccare
708 2861 59 35 &
732 2861 82 35 non
767 2861 117 35 peccare.

249 2892 135 36 Proinde
347 2892 135 36 liberum
445 2892 160 36 arbitrium
568 2892 135 36 bonorum
666 2892 160 36 Angelorum
789 2892 86 36 est
838 2892 74 36 ad
875 2892 98 36 bona
924 2892 74 36 tan-

226 2919 81 42 um,
273 2919 93 42 quia
331 2919 81 42 jam
378 2919 209 42 confirmatisunt
552 2919 70 42 in
587 2919 105 42 bono,
657 2919 81 42 ita
703 2919 70 42 ut
738 2919 81 42 nec
785 2919 105 42 falli
855 2919 105 42 atque
913 2919 93 42 errare

225 2964 100 33 mens
287 2964 75 33 in
324 2964 175 33 judicando,
461 2964 87 33 hoc
511 2964 100 33 est,
574 2964 175 33 approbando
711 2964 87 33 vel
761 2964 175 33 improbando
885 2964 125 33 objecto,

225 2985 76 41 nec
268 2985 130 41 voluntas
366 2985 108 41 aliud,
441 2985 86 41 quam
495 2985 86 41 mens
549 2985 130 41 judicat,
647 2985 108 41 velle,
722 2985 76 41 sed
765 2985 86 41 quod
819 2985 86 41 illa
873 2985 108 41 probat
938 2985 65 41 eli-

233 3028 88 41 ere;
288 3028 88 41 quod
343 3028 143 41 improbat,
453 3028 143 41 repudiare
564 3028 99 41 atque
630 3028 132 41 rejicere
718 3028 99 41 possit.

245 3059 142 41 Idcitco
349 3059 116 41 amant
426 3059 103 41 Deum
491 3059 116 41 super
556 3059 103 41 omnia.

244 3084 72 45 I.
280 3084 96 45 Quia
340 3084 144 45 obediunt
448 3084 96 45 legi
508 3084 144 45 naturali
616 3084 60 45 &
640 3084 156 45 aeternae,
760 3084 96 45 quam
820 3084 108 45 omnes
880 3084 120 45 creatura

217 3119 172 39 rationales
352 3119 135 39 obligat
451 3119 98 39 sunt
512 3119 74 39 ad
549 3119 172 39 diligendum
684 3119 98 39 Deum
746 3119 111 39 super
808 3119 98 39 omnia.

244 3152 85 45 II.
293 3152 97 45 Quia
353 3152 97 45 sunt
414 3152 110 45 amici
475 3152 73 45 Dei.

243 3181 107 45 III.
310 3181 107 45 Quia
377 3181 148 45 ipsorum
484 3181 134 45 summum
578 3181 121 45 bonum
659 3181 107 45 Deus
712 3181 81 45 est.

1035 220 90 46 IV.
1087 220 103 46 Quia
1151 220 155 46 fruuntur
1267 220 90 46 Deo
1319 220 65 46 &
1345 220 129 46 vident
1435 220 90 46 eum
1487 220 77 46 de
1526 220 116 46 facie
1603 220 77 46 ad
1629 220 116 46 faciem.

1038 263 80 44 V.
1078 263 107 44 Quia
1144 263 147 44 cupiunt
1251 263 93 44 Dei
1304 263 147 44 gloriam
1411 263 107 44 ante
1478 263 133 44 omnia,
1571 263 147 44 cupiunt
1678 263 107 44 ejus
1731 263 67 44 cul

994 301 106 36 tum
1055 301 137 36 verum
1131 301 167 36 promotum.

1038 322 84 45 VI.
1086 322 96 45 Quia
1146 322 108 45 amant
1218 322 96 45 nos,
1278 322 72 45 ut
1314 322 72 45 ex
1350 322 156 45 subjectis
1469 322 168 45 argumentis
1601 322 132 45 liquet,

1034 365 80 45 I.
1074 365 106 45 Quos
1140 365 106 45 Deus
1207 365 120 45 amat,
1286 365 133 45 eosdem
1379 365 66 45 &
1406 365 106 45 boni
1472 365 133 45 Angeli
1565 365 133 45 amant:
1658 365 80 45 At
1698 365 93 45 nos
1738 365 80 45 Deus

1014 393 114 47 imat:
1090 393 101 47 Ergo
1154 393 63 47 &
1179 393 101 47 boni
1229 393 89 47 Angel

1026 422 71 52 2.
1062 422 95 52 Quia
1121 422 83 52 qui
1168 422 107 52 malis
1239 422 130 52 Angelis
1334 422 59 52 e
1358 422 107 52 caelo
1429 422 154 52 detrusis,
1547 422 154 52 succedunt
1665 422 71 52 in
1689 422 130 52 caelesti:

1014 462 186 44 beatitudine,
1166 462 82 44 eos
1212 462 105 44 amari
1282 462 58 44 a
1306 462 105 44 bonis
1375 462 128 44 Angelis
1469 462 128 44 necesse
1562 462 93 44 est:
1620 462 70 44 At
1655 462 82 44 nos
1702 462 105 44 malis
1760 462 58 44 An-

1016 498 96 40 gelis
1080 498 53 40 e
1102 498 96 40 caelo
1166 498 160 40 deturbatis,
1294 498 150 40 succedimus
1412 498 64 40 in
1444 498 128 40 caelesti
1540 498 171 40 beatitudine.
1679 498 96 40 Ergo,
1733 498 53 40 &c.

1031 532 77 41 3.
1070 532 90 41 Qui
1121 532 115 41 totam
1198 532 115 41 legem
1275 532 141 41 naturae
1378 532 154 41 implent,
1493 532 77 41 ii
1532 532 115 41 etiam
1609 532 90 41 nos
1660 532 141 41 homines
1750 532 51 41 ad

1017 561 105 33 mant:
1087 561 70 33 At
1122 561 93 33 boni
1181 561 117 33 Angeli
1263 561 105 33 totam
1333 561 128 33 naturae
1426 561 105 33 legem
1496 561 140 33 implent:
1601 561 105 33 Ergo,
1660 561 58 33 &c.

1034 592 76 37 I.
1072 592 89 37 Qui
1123 592 140 37 nostram
1225 592 178 37 desiderant
1365 592 153 37 salutem,
1479 592 64 37 &
1505 592 127 37 partam
1594 592 114 37 nobis
1670 592 153 37 gaudent,
1772 592 38 37 &

1017 620 107 39 plene
1088 620 118 39 tandem
1171 620 107 39 nobis
1242 620 107 39 datum
1313 620 83 39 iri
1360 620 130 39 sperant
1455 620 107 39 atque
1526 620 71 39 ut
1562 620 83 39 eam
1609 620 166 39 assequamur
1727 620 83 39 nihil

1019 659 79 33 non
1064 659 113 33 agunt;
1143 659 57 33 &
1166 659 113 33 contra
1246 659 159 33 tristantur
1370 659 113 33 nostra
1450 659 204 33 impoenitentia,
1620 659 125 33 nostris
1700 659 113 33 peccatis

1014 686 60 51 &
1038 686 215 51 calamitatibus,
1218 686 60 51 &
1241 686 108 51 curam
1313 686 120 51 nostri
1397 686 132 51 gerunt,
1493 686 72 51 ii
1529 686 144 51 profecto
1636 686 84 51 nos
1684 686 120 51 amant.
1756 686 60 51 An-

1024 720 86 39 geli
1078 720 86 39 boni
1131 720 86 39 ista
1185 720 96 39 omnia
1249 720 129 39 faciunt:
1346 720 96 39 Ergo,
1399 720 54 39 &c.

1043 749 104 45 VII.
1108 749 104 45 Quia
1173 749 157 45 officium
1291 749 104 45 omne
1356 749 104 45 quod
1421 749 91 45 Deo
1474 749 65 45 &
1500 749 117 45 nobis
1578 749 170 45 exhibent,
1709 749 78 45 ex
1735 749 78 45 per-

1012 785 104 42 fecto
1082 785 104 42 amore
1151 785 69 42 in
1185 785 92 42 Deum
1243 785 58 42 &
1266 785 81 42 nos
1312 785 161 42 proficisci
1439 785 127 42 necesse
1520 785 69 42 est.

1038 817 161 38 Bonorum
1155 817 190 38 Angelorum
1302 817 175 38 OEPICIUM
1433 817 146 38 duplex
1536 817 117 38 est:
1609 817 102 38 vel
1667 817 117 38 erga
1726 817 102 38 Deum:

1019 849 77 43 vel
1063 849 88 43 erga
1107 849 110 43 homines.

1044 884 101 38 Erga
1107 884 101 38 Deum
1171 884 151 38 officium
1284 884 139 38 illorum
1385 884 88 38 est
1436 884 139 38 duplex:
1537 884 139 38 primum,
1638 884 177 38 ministrare
1764 884 63 38 Deo

1023 917 58 46 &
1047 917 163 46 voluntatem
1175 917 93 46 ejus
1233 917 128 46 facere,
1326 917 70 46 Ps
1361 917 93 46 103.
1419 917 70 46 20
1454 917 116 46 Matth.
1536 917 82 46 18.
1582 917 82 46 10.
1629 917 93 46 Unde
1687 917 93 46 Deus
1734 917 93 46 stipa-

1023 949 76 41 us
1061 949 189 41 multitudine
1212 949 201 41 innumerabili
1376 949 164 41 Angelorum
1502 949 138 41 tanquam
1603 949 176 41 satellitum
1741 949 63 41 &
1754 949 50 41 ad

1015 980 175 41 ministrorum
1155 980 105 41 tulit
1225 980 105 41 legem
1295 980 70 41 in
1330 980 105 41 monte
1400 980 117 41 Sinai,
1482 980 105 41 Exod.
1552 980 82 41 19.
1598 980 82 41 16,
1645 980 82 41 18.
1691 980 105 41 Deut.
1750 980 58 41 33.

1016 1015 66 38 2.
1049 1015 77 38 Gal
1093 1015 66 38 3.
1126 1015 77 38 19.
1171 1015 110 38 Actor.
1248 1015 66 38 7.
1281 1015 77 38 53.
1325 1015 66 38 Et
1358 1015 88 38 visi
1413 1015 88 38 sunt
1469 1015 77 38 Deo
1513 1015 144 38 adstantes
1623 1015 66 38 in
1656 1015 110 38 throno
1723 1015 99 38 sedenti

1020 1049 60 33 1.
1050 1049 79 33 Reg.
1099 1049 69 33 22.
1139 1049 69 33 19.
1179 1049 79 33 Job.
1228 1049 60 33 1.
1258 1049 60 33 v.
1288 1049 60 33 6.
1318 1049 50 33 &
1338 1049 60 33 c.
1367 1049 60 33 2.
1397 1049 60 33 1.
1427 1049 69 33 Sic
1467 1049 79 33 Dan.
1516 1049 60 33 7.
1546 1049 60 33 v.
1576 1049 69 33 10.
1616 1049 109 33 dicitur
1695 1049 60 33 de
1715 1049 99 33 Angelis:

1030 1080 128 41 Antiquo
1123 1080 116 41 dierum
1205 1080 128 41 millies
1298 1080 105 41 mille
1368 1080 198 41 ministrabant,
1531 1080 58 41 &
1554 1080 105 41 coram
1624 1080 70 41 eo
1659 1080 116 41 myrias
1729 1080 93 41 myria-

1011 1107 93 40 dum
1051 1107 133 40 stabant.

1047 1137 147 43 Alterum,
1157 1137 159 43 perpetuis
1279 1137 147 43 laudibus
1389 1137 98 43 Deum
1450 1137 159 43 celebrare
1572 1137 61 43 &
1597 1137 147 43 adorare,
1707 1137 98 43 Job.
1756 1137 61 43 38.

1027 1180 64 39 7.
1059 1180 74 39 Cui
1102 1180 148 39 vociferati
1218 1180 85 39 sunt
1271 1180 95 39 omnes
1334 1180 95 39 filii
1398 1180 85 39 Dei?
1451 1180 74 39 His
1493 1180 106 39 verbis
1567 1180 127 39 docetur,
1663 1180 116 39 Angelos
1737 1180 74 39 prae-

1020 1211 127 40 dicasse
1113 1211 116 40 laudes
1194 1211 81 40 Dei
1240 1211 162 40 Creationis
1368 1211 93 40 suae
1426 1211 58 40 &
1449 1211 127 40 aliorum
1542 1211 127 40 nomine.
1634 1211 104 40 Psal.
1704 1211 93 40 103.
1750 1211 58 40 26.

1018 1242 54 44 &
1040 1242 109 44 148.2.
1116 1242 87 44 Jes.
1170 1242 65 44 6.
1203 1242 65 44 3.
1236 1242 54 44 &
1257 1242 120 44 clamans
1344 1242 98 44 alter
1410 1242 65 44 ad
1442 1242 120 44 alterum
1529 1242 131 44 dicebat,
1627 1242 131 44 sanctus,
1714 1242 109 44 sanctus,

1026 1273 127 44 sanctus
1119 1273 81 44 est
1165 1273 115 44 Iehova
1246 1273 173 44 exercituum:
1384 1273 115 44 implet
1465 1273 104 44 totam
1534 1273 92 44 hanc
1591 1273 115 44 terram
1672 1273 115 44 gloria
1741 1273 81 44 eius.

1035 1307 85 47 Apoc.
1091 1307 56 47 4.
1119 1307 56 47 v.
1148 1307 56 47 8.
1176 1307 85 47 Apoc.
1232 1307 56 47 7.
1260 1307 56 47 v.
1289 1307 66 47 11,
1317 1307 47 47 12.

1060 1342 85 44 Huc
1108 1342 145 44 pertinet
1217 1342 145 44 officium
1326 1342 97 44 quod
1387 1342 145 44 exhibent
1495 1342 133 44 aeterno
1592 1342 109 44 Filio
1665 1342 85 44 Dei
1701 1342 121 44 Christo-

1029 1380 135 38 Domino,
1127 1380 110 38 etiam
1200 1380 147 38 quatenus
1445 1380 86 38 est
1494 1380 61 38 &
1519 1380 110 38 Caput
1592 1380 172 38 Ecclesiae.
1715 1380 98 38 Adoram

1029 1414 116 39 ipsum,
1111 1414 70 39 ut
1146 1414 128 39 legitur
1238 1414 105 39 Hebr.
1308 1414 70 39 1.
1343 1414 70 39 v.
1378 1414 70 39 6.
1413 1414 116 39 Rursum
1494 1414 105 39 autem
1564 1414 93 39 quum
1622 1414 128 39 inducit
1703 1414 116 39 primoge-

1024 1449 105 36 nitum
1094 1449 70 36 in
1129 1449 105 36 orbem
1199 1449 152 36 terrarum,
1316 1449 117 36 dicit;
1398 1449 58 36 &
1421 1449 128 36 adorent
1514 1449 82 36 eum
1561 1449 105 36 omnes
1631 1449 117 36 Angeli
1701 1449 70 36 Dei.

1063 1476 149 45 Celebrant
1177 1476 137 45 Christum
1280 1476 57 45 &
1303 1476 137 45 laudant,
1406 1476 114 45 Apocal
1486 1476 69 45 5.
1520 1476 69 45 v.
1555 1476 80 45 11,
1601 1476 80 45 12.
1646 1476 80 45 Tum
1692 1476 137 45 adspexi,
1784 1476 34 45 &

1035 1509 123 40 audivi
1121 1509 74 40 in
1158 1509 148 40 circuitu
1269 1509 123 40 throni
1356 1509 62 40 &
1380 1509 161 40 animalium
1504 1509 62 40 &
1529 1509 148 40 Senierem
1640 1509 136 40 illorum
1726 1509 99 40 vocem-

1039 1545 156 38 Angelorum
1159 1545 156 38 multorum,
1279 1545 60 38 &
1303 1545 96 38 erat
1363 1545 108 38 eorum
1435 1545 132 38 numerus
1531 1545 132 38 millies
1627 1545 132 38 centena
1711 1545 108 38 millia;

1042 1577 126 34 icentes
1133 1577 91 34 voce
1190 1577 114 34 magna:
1270 1577 114 34 Dignus
1350 1577 80 34 est
1395 1577 103 34 Agnus
1464 1577 91 34 ille
1521 1577 137 34 mactatus
1624 1577 80 34 qui
1669 1577 137 34 accipiat
1761 1577 68 34 vir-

1029 1610 123 39 tutem,
1115 1610 61 39 &
1139 1610 147 39 divitias
1250 1610 61 39 &
1274 1610 172 39 sapientiam
1409 1610 61 39 &
1434 1610 209 39 fortitudinem,
1605 1610 61 39 &
1630 1610 147 39 honorem,
1740 1610 61 39 &
1752 1610 74 39 glo-

1032 1640 94 43 riam
1091 1640 59 43 &
1103 1640 188 43 benedictionem.

1065 1676 169 43 Agnoscunt
1195 1676 143 43 Christi
1299 1676 156 43 primatum
1416 1676 169 43 summumque
1545 1676 195 43 Principatum
1701 1676 117 43 inter
1766 1676 65 43 An-

1037 1718 111 36 gelos,
1115 1718 100 36 sicut
1182 1718 123 36 Angelus
1271 1718 89 36 ille
1327 1718 67 36 ad
1360 1718 134 36 Danielem
1460 1718 111 36 missus
1538 1718 78 36 ait
1583 1718 89 36 Dan.
1639 1718 78 36 10.
1683 1718 67 36 v.
1717 1718 78 36 13.
1750 1718 78 36 Ecce-

1026 1746 130 36 Michael
1121 1746 118 36 primus
1203 1746 59 36 e
1227 1746 177 36 principibus
1368 1746 153 36 primariis
1486 1746 106 36 venit
1557 1746 71 36 ad
1592 1746 165 36 adiuvandum
1722 1746 83 36 me.
1757 1746 71 36 Unus

1039 1781 91 38 nim,
1095 1781 68 38 ut
1130 1781 68 38 ex
1164 1781 102 38 textu
1232 1781 125 38 Hebraeo
1323 1781 114 38 sonat,
1402 1781 102 38 valet
1471 1781 80 38 hoc
1516 1781 91 38 loco
1573 1781 91 38 idem
1630 1781 91 38 quod
1687 1781 125 38 primus.
1766 1781 57 38 Ec-

1027 1819 84 36 cap.
1080 1819 63 36 12
1112 1819 63 36 v.
1144 1819 63 36 1.
1175 1819 84 36 ait,
1228 1819 116 36 Tempore
1312 1819 95 36 autem
1376 1819 95 36 illo,
1439 1819 127 36 adstabit
1534 1819 127 36 Michael,
1629 1819 127 36 Princeps
1724 1819 84 36 ille
1766 1819 53 36 ma-

1036 1851 110 33 ximus,
1113 1851 77 33 qui
1157 1851 88 33 stat
1212 1851 77 33 pro
1256 1851 110 33 filiis
1333 1851 110 33 populi
1410 1851 88 33 tui.
1466 1851 88 33 Unde
1521 1851 132 33 Christus
1620 1851 154 33 appellatur
1730 1851 99 33 Archan-

1031 1879 104 46 gelus.
1103 1879 62 46 1.
1134 1879 93 46 Thes.
1197 1879 62 46 4.
1228 1879 73 46 16.
1269 1879 73 46 Cum
1311 1879 83 46 voce
1362 1879 145 46 Arthangeli
1476 1879 52 46 &
1497 1879 73 46 cum
1539 1879 73 46 Dei
1580 1879 83 46 tuba
1632 1879 135 46 descendet
1736 1879 52 46 e
1746 1879 83 46 caelo.

1059 1915 173 39 Subjiciunt
1194 1915 74 39 se
1231 1915 136 39 Christo
1330 1915 74 39 ut
1367 1915 123 39 Domino
1454 1915 86 39 suo
1503 1915 62 39 &
1528 1915 99 39 Regi
1589 1915 62 39 &
1614 1915 123 39 capiti
1688 1915 136 39 Ecclesiae

1042 1941 125 34 Philip.
1132 1941 68 34 2.
1167 1941 68 34 9,
1201 1941 79 34 10.
1246 1941 159 34 Quapropter
1371 1941 102 34 etiam
1439 1941 91 34 Deus
1496 1941 102 34 ipsum
1564 1941 68 34 in
1598 1941 114 34 summam
1677 1941 125 34 extulit
1757 1941 68 34 sub.

1039 1973 157 38 limitatem,
1162 1973 67 38 ac
1196 1973 124 38 donavit
1286 1973 67 38 et
1320 1973 101 38 nomen
1387 1973 90 38 quod
1443 1973 79 38 est
1488 1973 101 38 supra
1555 1973 90 38 omne
1612 1973 112 38 nomen,
1690 1973 67 38 ut
1724 1973 67 38 in
1746 1973 79 38 nomi-

1034 2007 66 43 ne
1067 2007 88 43 Iesu
1122 2007 88 43 omne
1177 2007 88 43 genu
1232 2007 66 43 se
1265 2007 121 43 flectat
1353 2007 154 43 caelestium
1475 2007 187 43 acterrestrium
1629 2007 55 43 &
1640 2007 187 43 subterraneorum.

1041 2035 85 38 Omne
1095 2035 85 38 genu
1148 2035 149 38 caelestium
1265 2035 64 38 se
1297 2035 117 38 flectit
1383 2035 64 38 in
1415 2035 107 38 nomine
1490 2035 96 38 Iesu,
1554 2035 64 38 id
1586 2035 85 38 est,
1639 2035 96 38 omnes
1703 2035 107 38 Angeli
1767 2035 64 38 cae-

1046 2074 121 48 estes
1126 2074 175 48 agnoscunt
1261 2074 121 48 Jesum
1342 2074 162 48 Christum
1463 2074 108 48 esse
1530 2074 148 48 Dominum
1638 2074 81 48 ad
1678 2074 148 48 gloriam
1773 2074 67 48 Dei

1032 2102 129 37 Patris,
1126 2102 105 37 omnes
1196 2102 70 37 se
1231 2102 70 37 ei
1266 2102 164 37 subjiciunt
1395 2102 70 37 ut
1430 2102 117 37 Domino
1512 2102 82 37 suo
1559 2102 58 37 &
1570 2102 94 37 Capiti

1060 2139 130 53 Serviunt
1158 2139 130 53 Christo,
1255 2139 98 53 stant
1320 2139 98 53 coram
1385 2139 65 53 eo
1418 2139 54 53 &
1440 2139 152 53 exspectant
1559 2139 98 53 jussa
1624 2139 98 53 ejus,
1689 2139 98 53 eaque
1743 2139 76 53 acce-

1050 2181 62 29 ta
1081 2181 134 29 fideliter
1184 2181 124 29 faciunt,
1277 2181 83 29 sive
1329 2181 62 29 ad
1360 2181 114 29 judicia
1442 2181 83 29 ejus
1494 2181 145 29 prestanda,
1608 2181 83 29 sive
1659 2181 62 29 ad
1690 2181 134 29 beneficia
1783 2181 52 29 ex-

1038 2211 144 36 hibenda,
1146 2211 96 36 sive
1206 2211 72 36 ad
1242 2211 144 36 utrumque
1351 2211 168 36 conjunctim
1483 2211 168 36 mittantur.
1615 2211 84 36 Hoc
1664 2211 192 36 significatum

1037 2244 87 44 fuit
1092 2244 65 44 in
1124 2244 120 44 visione
1212 2244 153 44 prophetica
1331 2244 98 44 Jesa.
1397 2244 65 44 6.
1430 2244 76 44 v1.
1473 2244 55 44 &
1495 2244 174 44 sequentibus,
1637 2244 65 44 ut
1669 2244 185 44 interpretatur

1045 2278 86 36 Joh.
1099 2278 65 36 c.
1132 2278 76 36 12.
1175 2278 76 36 41,
1218 2278 54 36 &
1240 2278 76 36 per
1283 2278 184 36 similitudinem
1434 2278 119 36 quatuor
1521 2278 151 36 animalium,
1640 2278 108 36 Ezech.
1715 2278 65 36 1.
1748 2278 65 36 v.
1780 2278 65 36 5.
1802 2278 32 36 &

1037 2309 170 37 sequentibus:
1175 2309 138 37 similiter
1281 2309 74 37 per
1323 2309 117 37 equites
1408 2309 148 37 insidentes
1525 2309 95 37 equis
1588 2309 106 37 rusis,
1662 2309 106 37 baliis
1737 2309 53 37 &
1747 2309 85 37 albis,

1036 2342 66 43 in
1069 2342 121 43 visione
1157 2342 142 43 Zachariae
1266 2342 110 43 oblata
1343 2342 66 43 c.
1376 2342 66 43 1.
1409 2342 66 43 v.
1441 2342 66 43 8.
1474 2342 66 43 Et
1507 2342 77 43 per
1551 2342 121 43 quatuor
1639 2342 110 43 currus
1704 2342 121 43 prodeunte

1044 2374 62 36 e
1068 2374 112 36 medio
1143 2374 125 36 duorum
1230 2374 137 36 montium
1330 2374 199 36 chalybeorum,
1492 2374 112 36 Zach.
1567 2374 75 36 6.
1604 2374 75 36 1.
1641 2374 75 36 Et
1679 2374 87 36 per
1716 2374 112 36 quatuos

1038 2407 121 35 ventos
1123 2407 145 35 caelorum
1232 2407 182 35 procedentes
1377 2407 97 35 inde
1438 2407 85 35 ubi
1486 2407 194 35 constiterunt
1643 2407 97 35 apud
1692 2407 133 35 Dominato.

1050 2438 73 36 em
1086 2438 121 36 totius
1171 2438 133 36 terrae,
1268 2438 109 36 Zach.
1341 2438 73 36 6.
1377 2438 73 36 5.
1413 2438 145 36 Rationem
1522 2438 133 36 Christo
1619 2438 133 36 reddunt
1704 2438 121 36 actionum

1047 2469 115 39 suarum
1128 2469 115 39 nomine
1209 2469 104 39 Zach.
1278 2469 69 39 1.
1313 2469 69 39 v.
1347 2469 81 39 11.
1394 2469 92 39 Quum
1451 2469 138 39 Christus
1555 2469 138 39 tentatus
1659 2469 104 39 esset
1728 2469 58 39 a
1740 2469 92 39 diabo-

1036 2504 75 36 to,
1079 2504 162 36 accesserunt
1209 2504 108 36 Angeli
1284 2504 54 36 &
1306 2504 172 36 ministrarunt
1446 2504 65 36 ei
1478 2504 97 36 Matt.
1543 2504 65 36 4.
1575 2504 65 36 v.
1608 2504 75 36 11.
1651 2504 129 36 Luctanti
1748 2504 86 36 ipsi
1791 2504 43 36 in

1045 2537 99 36 horto
1111 2537 77 36 cum
1155 2537 143 36 horribili
1265 2537 99 36 sensu
1331 2537 88 36 irae
1386 2537 77 36 Dei
1430 2537 132 36 adversus
1528 2537 121 36 peccata
1616 2537 121 36 nostra,
1693 2537 132 36 conspectus

1042 2563 81 38 est
1089 2563 127 38 Angelus
1181 2563 58 38 e
1204 2563 104 38 caelo
1273 2563 173 38 corroborans
1412 2563 92 38 eum,
1470 2563 92 38 Luc.
1528 2563 81 38 22.
1574 2563 81 38 43.
1620 2563 81 38 Huc
1666 2563 139 38 pertinet
1759 2563 69 38 quod

1046 2600 131 36 Christus
1145 2600 88 36 ipse
1199 2600 99 36 dicit
1265 2600 88 36 Joh.
1320 2600 66 36 1.
1353 2600 77 36 52.
1397 2600 66 36 Ab
1430 2600 77 36 hoc
1473 2600 121 36 tempore
1561 2600 142 36 videbitis
1671 2600 110 36 caelum
1736 2600 99 36 apertum

1051 2629 56 44 &
1073 2629 124 44 Angelos
1163 2629 79 44 Dei
1208 2629 180 44 adscendentes
1354 2629 67 44 ac
1388 2629 180 44 descendentes
1534 2629 101 44 super
1601 2629 112 44 Filium
1680 2629 135 44 hominis,
1770 2629 56 44 hoc

1044 2666 82 40 est,
1095 2666 165 40 ministrantes
1229 2666 62 40 ei
1260 2666 62 40 ut
1291 2666 103 40 capiti
1353 2666 113 40 Ecclesiae

1077 2700 138 44 Angelus
1178 2700 151 44 devolvit
1291 2700 113 44 saxum
1366 2700 75 44 ab
1404 2700 113 44 ostio
1479 2700 176 44 monumenti,
1617 2700 113 44 quasi
1693 2700 151 44 minister
1793 2700 38 44 a

1047 2735 83 39 Deo
1095 2735 107 39 Patre
1166 2735 118 39 missus
1249 2735 71 39 ad
1284 2735 166 39 emittendum
1414 2735 142 39 Christum
1521 2735 59 39 e
1545 2735 166 39 sepulchro,
1675 2735 107 39 velut
1746 2735 59 39 e
1758 2735 71 39 car-

1040 2774 96 37 cere,
1104 2774 64 37 in
1136 2774 74 37 quo
1179 2774 64 37 ut
1211 2774 117 37 sponsor
1296 2774 106 37 noster
1370 2774 170 37 detinebatur,
1508 2774 85 37 Mat.
1561 2774 74 37 28.
1604 2774 64 37 2.
1636 2774 106 37 Angeli
1710 2774 149 37 stiparunt,

1042 2805 62 33 &
1066 2805 149 33 comitati
1178 2805 99 33 sunt
1240 2805 136 33 Christu
1339 2805 198 33 adscendentem
1500 2805 74 33 in
1537 2805 124 33 caelum
1624 2805 62 33 &
1648 2805 173 33 deduxerunt
1772 2805 62 33 cum

1049 2837 76 34 ad
1087 2837 153 34 Antiquum
1202 2837 140 34 dierum,
1304 2837 64 34 a
1329 2837 89 34 quo
1380 2837 76 34 ei
1418 2837 114 34 datum
1494 2837 127 34 regnum
1583 2837 76 34 in
1622 2837 114 34 omnes
1685 2837 140 34 creatura.

1044 2867 83 39 Dan.
1095 2867 62 39 7.
1127 2867 62 39 v.
1158 2867 73 39 13,
1199 2867 73 39 14.
1241 2867 114 39 fuerunt
1324 2867 124 39 u
1417 2867 145 39 Michaelis,
1531 2867 62 39 id
1562 2867 83 39 est,
1614 2867 124 39 Christi,
1708 2867 73 39 qui
1749 2867 73 39 est
1780 2867 52 39 ae-

1044 2904 119 45 qualis
1127 2904 95 45 Deo,
1187 2904 59 45 &
1211 2904 155 45 praeliati
1330 2904 95 45 sunt
1389 2904 83 45 cum
1437 2904 131 45 Dracone
1532 2904 107 45 Apoc.
1603 2904 83 45 12.
1651 2904 71 45 7.
1686 2904 83 45 Per
1722 2904 107 45 Angelum

1052 2927 99 44 misit
1118 2927 132 44 Christus
1217 2927 165 44 Apocalypsin
1349 2927 132 44 Johanni,
1447 2927 121 44 Apocal.
1535 2927 66 44 I.
1568 2927 66 44 v.
1590 2927 44 44 1.

1078 2973 90 39 Quum
1134 2973 124 39 venerit
1225 2973 113 39 Filius
1304 2973 124 39 hominis
1394 2973 79 39 cum
1439 2973 113 39 gloria
1519 2973 90 39 sua,
1575 2973 136 39 stipatus
1677 2973 90 39 erit
1733 2973 124 39 glorio

1052 3005 68 40 so
1086 3005 135 40 comitatu
1187 3005 147 40 sanctorum
1300 3005 158 40 Angelorum,
1424 3005 113 40 Matth.
1503 3005 79 40 25.
1548 3005 79 40 31.
1593 3005 68 40 2.
1627 3005 113 40 Thess.
1706 3005 68 40 1.
1740 3005 68 40 7.
1762 3005 79 40 pate-

1045 3037 86 44 fiet
1099 3037 118 44 Dominus
1185 3037 97 44 Iesus
1250 3037 65 44 de
1282 3037 108 44 caelo,
1357 3037 75 44 cum
1400 3037 118 44 Angelis
1486 3037 86 44 suis
1540 3037 161 44 potentibus.
1669 3037 108 44 Epist.
1744 3037 97 44 Judae
1798 3037 43 44 v.

1055 3067 69 47 14
1089 3067 92 47 Ecce
1146 3067 103 47 venit
1215 3067 126 47 Dominus
1307 3067 80 47 cum
1353 3067 126 47 sanctis
1445 3067 138 47 millibus
1537 3067 69 47 suis

1075 3114 87 37 Sic
1124 3114 125 37 Angeli
1212 3114 187 37 exhibuerunt
1361 3114 137 37 Christo
1461 3114 149 37 officium
1573 3114 137 37 debitum
1672 3114 87 37 tum
1722 3114 100 37 ante
1772 3114 62 37 in-

1060 3144 181 42 carnationem,
1207 3144 79 42 tum
1252 3144 91 42 post
1309 3144 204 42 incarnationem,
1478 3144 68 42 in
1512 3144 102 42 statu
1580 3144 170 42 humilitatis
1716 3144 57 42 &
1727 3144 102 42 gloriae

1051 3180 59 45 &
1075 3180 164 45 exhibebunt
1204 3180 70 45 in
1239 3180 129 45 extremo
1333 3180 82 45 dic
1380 3180 59 45 &
1403 3180 70 45 in
1427 3180 129 45 aeternum.
