2063 3449
159 213 118 46 tinum,
242 213 189 46 Tridentinum,
395 213 130 46 suosque
490 213 118 46 Papas,
573 213 177 46 Cardinales,
714 213 154 46 Episcopos
832 213 59 46 &
844 213 142 46 praelatos.

188 253 95 35 Nos
243 253 81 35 ut
283 253 95 35 jam
338 253 95 35 non
392 253 163 35 loquamur
514 253 81 35 de
555 253 122 35 coetu
637 253 149 35 communi
745 253 163 35 fidelium
854 253 122 35 aliorum

161 286 80 38 qui
206 286 126 38 fuerunt
298 286 103 38 usque
367 286 69 38 ad
401 286 92 38 haec
458 286 137 38 tempora,
561 286 69 38 de
596 286 103 38 illis
664 286 92 38 quos
722 286 137 38 Papistae
825 286 114 38 nomine
905 286 80 38 Ec¬

156 317 128 37 clesiae
249 317 186 37 intelligunt,
400 317 81 37 jam
447 317 81 37 cum
493 317 105 37 ipsis
563 317 198 37 congrediemur.
726 317 70 37 Ac
761 317 70 37 ut
796 317 70 37 de
831 317 105 37 prima
889 317 81 37 quae-

149 352 111 34 stione
227 352 100 34 primo
293 352 122 34 agatur;
382 352 122 34 Propter
471 352 111 34 solius
549 352 156 34 Ecclesiae,
671 352 67 34 id
704 352 89 34 est,
760 352 100 34 Papae
827 352 56 34 &
849 352 144 34 Praelato¬

154 385 81 37 rum
201 385 173 37 testimonium
339 385 150 37 affirmant
454 385 138 37 Papistae
558 385 81 37 nos
604 385 115 37 certos
685 385 104 37 esse,
754 385 69 37 ex
789 385 92 37 illo
846 385 92 37 solo
892 385 81 37 nobis

155 421 127 31 absque
244 421 102 31 omni
308 421 114 31 dubio
384 421 165 31 constare,
511 421 178 31 Scripturam
651 421 127 31 Sacram
739 421 102 31 esse
803 421 102 31 vere
854 421 114 31 divinam

154 449 101 46 Nos
211 449 115 46 vero
269 449 144 46 negamus.

190 475 207 52 Affirmationem
360 475 109 52 istam
433 475 170 52 Papistarum
567 475 109 52 esse,
640 475 170 52 manifestum
774 475 85 52 est
822 475 73 52 ex
847 475 109 52 scripti

155 520 111 40 eorum.
233 520 111 40 Eccius
310 520 67 40 in
344 520 155 40 enchiridio
466 520 111 40 capit,
543 520 67 40 de
577 520 155 40 autoritate
699 520 144 40 Ecclesiae
810 520 133 40 respons.
909 520 67 40 3.
932 520 44 40 ad

164 551 132 45 Jobject.
263 551 165 45 haereticor.
394 551 88 45 ait,
449 551 154 45 Scripturam
570 551 77 45 non
614 551 88 45 esse
669 551 165 45 authenticam
800 551 88 45 nisi
844 551 121 45 Ecclesiae

163 587 161 41 autoritate.
292 587 118 41 Pighius
378 587 97 41 libr.
442 587 64 41 1.
474 587 64 41 de
507 587 139 41 Hieratch.
614 587 161 41 Ecclesiast.
743 587 107 41 capit.
818 587 64 41 2.
850 587 86 41 ait:
893 587 75 41 Omnis

171 618 92 31 quae
229 618 92 31 nunc
287 618 92 31 apud
345 618 81 31 nos
391 618 81 31 est
437 618 185 31 Scripturarum
587 618 162 31 autoritas,
714 618 69 31 ab
748 618 150 31 Ecclesiae
852 618 104 31 autoris

161 656 91 34 tate
218 656 137 34 dependet
320 656 171 34 necessario.
457 656 171 34 Bellarminus
594 656 103 34 libro
663 656 114 34 quarto
743 656 68 34 de
777 656 103 34 notis
834 656 137 34 Ecclesiae;

160 682 114 37 capite
239 682 137 37 secundo,
342 682 137 37 sectione
445 682 91 37 nona
502 682 91 37 ait:
559 682 91 37 Quae
616 682 80 37 sit
662 682 91 37 vera
719 682 148 37 Scriptura
833 682 57 37 &
856 682 91 37 quis
902 682 68 37 ejus

163 717 99 44 verus
229 717 121 44 sensus,
317 717 77 44 non
361 717 132 44 possumus
459 717 110 44 scire,
536 717 88 44 NISt
591 717 66 44 ex
624 717 154 44 testimonio
745 717 99 44 verae
810 717 154 44 Ecclesiae.
920 717 44 44 In

165 750 169 36 telligunt
295 750 117 36 autem
373 750 104 36 suam
439 750 169 36 Ecclesiam
556 750 117 36 Papanam

199 773 152 45 Argumenta
316 773 199 45 affirmationis
481 773 129 45 Papanae
574 773 117 45 primum
656 773 129 45 videnda
750 773 59 45 &
774 773 164 45 refellenda
891 773 70 45 sunt

189 812 143 36 PRIMUM:
293 812 104 36 Sine
358 812 117 36 cujus
436 812 182 36 autoritate
579 812 130 36 certus
669 812 182 36 Scripturae
812 812 117 36 Canon
877 812 91 36 haber

168 843 72 48 non
209 843 113 48 potest,
291 843 113 48 propter
373 843 103 48 illius
445 843 103 48 solius
517 843 154 48 testimonium
641 843 93 48 certo
703 843 93 48 nobis
764 843 123 48 constat,
857 843 82 48 quae
898 843 72 48 Scri-

172 879 95 40 ptura
236 879 74 40 sit
267 879 95 40 divina.

197 905 64 48 At
229 905 86 48 sine
283 905 139 48 Ecclesiae
390 905 150 48 autoritate
508 905 107 48 certus
583 905 150 48 Scripturae
700 905 96 48 Canon
765 905 107 48 haberi
840 905 75 48 non
872 905 96 48 potest.

200 947 84 46 Ergo
253 947 116 46 propter
338 947 106 46 solius
412 947 137 46 Ecclesiae
517 947 158 46 testimonium
644 947 95 46 certo
707 947 95 46 nobis
771 947 127 46 constat,
866 947 84 46 quae
908 947 74 46 Scri-

167 974 97 45 ptura
232 974 75 45 sit
264 974 97 45 divina.

202 1004 196 40 RESPONSIO.
356 1004 126 40 Minor
440 1004 196 40 propositio
594 1004 168 40 negatur.

205 1037 87 42 Eam
254 1037 175 42 confirmare
392 1037 150 42 nituntur
504 1037 137 42 aliquot
591 1037 200 42 probationibus:

203 1068 64 53 I.
235 1068 85 53 Sine
288 1068 148 53 certissima
405 1068 148 53 autoritate
521 1068 106 53 certus
596 1068 148 53 Scripturae
712 1068 95 53 canon
776 1068 106 53 haberi
850 1068 74 53 non
882 1068 95 53 potest.

198 1111 74 34 Sed
241 1111 137 34 Ecclesiae
346 1111 137 34 autoritas
451 1111 74 34 est
493 1111 158 34 certissima:
620 1111 95 34 Ergo,
672 1111 53 34 &c.

198 1136 143 39 RESPON.
302 1136 117 39 Minor
380 1136 117 39 falsa
458 1136 104 39 est:
523 1136 104 39 quia
588 1136 143 39 certior
691 1136 65 39 &
717 1136 117 39 major
795 1136 91 39 est
834 1136 143 39 autorita:

177 1170 83 40 Dei
225 1170 83 40 per
272 1170 166 40 Scripturam
403 1170 83 40 nos
450 1170 178 40 alloquentis
593 1170 71 40 ac
629 1170 131 40 proinde
724 1170 59 40 &
747 1170 166 40 Scripturae
878 1170 131 40 ipsius,
961 1170 36 40 &

169 1206 143 39 spiritus
277 1206 143 39 Sanctus,
384 1206 108 39 cujus
456 1206 132 39 interno
552 1206 155 39 instinctu
671 1206 179 39 persuademur
815 1206 72 39 ut
839 1206 143 39 Scripturae

158 1243 136 43 Sacrae
254 1243 163 43 credamus
376 1243 150 43 tanquam
485 1243 123 43 Verbo
553 1243 82 43 Dei.

199 1269 166 42 Replicant:
330 1269 83 42 Per
377 1269 95 42 quem
437 1269 95 42 Deus
496 1269 83 42 nos
544 1269 107 42 docet
615 1269 59 42 &
639 1269 83 42 non
686 1269 131 42 aliter,
781 1269 95 42 ejus
829 1269 154 42 autoritate,

173 1305 95 40 nulla
237 1305 95 40 nobis
300 1305 105 40 potest
374 1305 84 40 esse
426 1305 126 40 certior:
521 1305 63 40 At
553 1305 74 40 per
595 1305 137 40 Ecclesiam
700 1305 84 40 Deus
753 1305 74 40 nos
795 1305 95 40 docet
858 1305 53 40 &
879 1305 74 40 non
911 1305 63 40 ali-

170 1340 87 43 ter;.
229 1340 78 43 Ergo
277 1340 126 43 Ecclesiae
374 1340 146 43 autoritate,
491 1340 87 43 nulla
549 1340 97 43 potest
617 1340 87 43 nobis
676 1340 78 43 esse
715 1340 87 43 certior

205 1365 112 45 RESP.
279 1365 137 45 Utraque
379 1365 162 45 praemissa
504 1365 87 45 est
554 1365 125 45 falsa:
642 1365 125 45 primum
729 1365 125 45 major,
817 1365 100 45 quia
867 1365 112 45 certior

178 1401 83 39 est
225 1401 153 39 autoritas
343 1401 94 39 ejus
403 1401 83 39 qui
450 1401 118 39 summus
532 1401 59 39 &
556 1401 177 39 principalis
698 1401 118 39 doctor
780 1401 118 39 noster
863 1401 94 39 est,
910 1401 71 39 quam

174 1442 91 41 ejus
231 1442 80 41 qui
276 1442 114 41 nullas
357 1442 91 41 nisi
414 1442 160 41 ministerii
539 1442 114 41 partes
620 1442 137 41 exercet,
722 1442 80 41 Jam
768 1442 91 41 Deus
825 1442 80 41 est
871 1442 114 41 summus
940 1442 34 41 &

176 1470 180 36 principalis
320 1470 120 36 doctor
405 1470 132 36 noster,
501 1470 144 36 Ecclesia
609 1470 108 36 autem
681 1470 120 36 tantum
765 1470 144 36 ministra
874 1470 84 36 Dei
910 1470 60 36 est

171 1509 105 32 eique
241 1509 70 32 in
276 1509 128 32 docenda
369 1509 151 32 Scriptura
486 1509 151 32 inservit:
602 1509 81 32 Dei
649 1509 116 32 igitur
730 1509 116 32 potior
811 1509 81 32 est
858 1509 58 32 &
870 1509 116 32 certiore

165 1534 155 45 autoritas,
287 1534 89 45 quam
342 1534 144 45 Ecclesiae
453 1534 111 45 Deinde
531 1534 100 45 etiam
597 1534 100 45 minor
664 1534 155 45 propositio
786 1534 78 45 est
830 1534 111 45 falsa;
908 1534 89 45 quis

167 1569 101 41 Deus
230 1569 88 41 non
281 1569 126 41 tantum
369 1569 88 41 per
419 1569 164 41 Ecclesiam
545 1569 88 41 nos
595 1569 126 41 docet,
683 1569 88 41 sed
734 1569 113 41 etiam
809 1569 88 41 per
847 1569 126 41 Scriptu-

168 1601 86 41 tam
217 1601 123 41 ipsam,
303 1601 111 41 teste
377 1601 111 41 Paulo
451 1601 74 41 2.
488 1601 99 41 Tim.
550 1601 74 41 3.
587 1601 74 41 v.
624 1601 123 41 15&16.
711 1601 62 41 &
735 1601 99 41 Rom.
797 1601 86 41 15.
846 1601 74 41 4.
871 1601 111 41 Namquae

166 1634 88 40 ante
221 1634 122 40 scripta
310 1634 88 40 sunt
365 1634 66 40 ad
398 1634 122 40 nostram
487 1634 144 40 doctrinam
597 1634 88 40 ante
652 1634 122 40 scripta
741 1634 100 40 sunt:
807 1634 66 40 ut
840 1634 77 40 per
874 1634 100 40 toleran

166 1668 95 37 tiam
226 1668 59 37 &
249 1668 202 37 consolationem
416 1668 190 37 Scripturarum
570 1668 95 37 spem
629 1668 154 37 habeamus.
748 1668 95 37 Luc.
808 1668 83 37 17.
855 1668 107 37 vers.
915 1668 59 37 29.

172 1701 107 37 Habent
247 1701 96 37 Mosen
311 1701 54 37 &
333 1701 150 37 Prophetas,
451 1701 118 37 audiant
536 1701 107 37 illos.
611 1701 86 37 Joh.
665 1701 75 37 20.
707 1701 64 37 v.
740 1701 75 37 31.
782 1701 86 37 Haec
836 1701 86 37 aute
879 1701 96 37 scripti

175 1733 99 39 sunt,
241 1733 66 39 ut
274 1733 132 39 credatis
373 1733 99 39 Iesum
440 1733 88 39 esse
495 1733 132 39 Christum
594 1733 110 39 illum,
671 1733 110 39 Filium
748 1733 99 39 illum
815 1733 88 39 Dei,
870 1733 55 39 &
892 1733 66 39 ut
914 1733 66 39 cre-

172 1765 121 38 dentes
257 1765 109 38 vitam
329 1765 145 38 habeatis
439 1765 85 38 per
487 1765 109 38 nomen
560 1765 109 38 ejus.
633 1765 85 38 Sed
681 1765 109 38 etiam
754 1765 85 38 per
802 1765 145 38 Spiritum
899 1765 73 38 San-

175 1799 91 40 ctum
232 1799 91 40 Deus
289 1799 80 40 nos
334 1799 114 40 docet,
414 1799 103 40 teste
483 1799 114 40 Paulo.
563 1799 69 40 1.
597 1799 91 40 Gor.
654 1799 69 40 2.
688 1799 69 40 v.
723 1799 69 40 9.
757 1799 57 40 &
780 1799 171 40 sequentibus
905 1799 69 40 test

183 1841 83 35 Joh.
235 1841 63 35 1.
266 1841 73 35 ep.
308 1841 63 35 2.
339 1841 83 35 ver.
391 1841 73 35 27.
433 1841 104 35 Unctio
506 1841 94 35 docet
568 1841 73 35 vos
610 1841 63 35 de
641 1841 125 35 omnibus,
735 1841 94 35 teste
797 1841 115 35 Christo
881 1841 83 35 ipso
922 1841 63 35 Ioh.

173 1871 78 35 14.
217 1871 67 35 v.
251 1871 78 35 26.
295 1871 156 35 Consolator
418 1871 100 35 autem
484 1871 100 35 ille,
551 1871 134 35 Spiritus
651 1871 134 35 Sanctus,
751 1871 89 35 quem
807 1871 111 35 mittit
885 1871 100 35 Pater
941 1871 45 35 in

165 1906 120 34 nomine
249 1906 96 34 meo,
309 1906 96 34 ille
369 1906 84 34 vos
418 1906 132 34 docebit
514 1906 108 34 omnia
586 1906 60 34 &
610 1906 72 34 in
646 1906 144 34 memeriam
754 1906 156 34 revocabit
875 1906 108 34 vobis
935 1906 48 34 o-

183 1933 94 39 mnia
242 1933 94 39 quae
300 1933 94 39 dixi
359 1933 117 39 vobis.
441 1933 59 39 &
464 1933 94 39 cap.
523 1933 82 39 15.
570 1933 70 39 26
605 1933 59 39 &
629 1933 82 39 27.
675 1933 94 39 Quum
734 1933 105 39 autem
804 1933 129 39 venerit
886 1933 94 39 Conso-

173 1962 100 44 lator
239 1962 89 44 ille
295 1962 89 44 quem
350 1962 78 44 ego
395 1962 111 44 mittam
473 1962 100 44 vobis
539 1962 55 44 a
561 1962 111 44 Patre,
639 1962 133 44 Spiritus
739 1962 89 44 ille
794 1962 155 44 veritatis,
916 1962 78 44 qui
950 1962 33 44 a

172 1997 104 43 Patre
242 1997 127 43 omanat,
335 1997 93 43 ille
392 1997 162 43 testabitur
520 1997 69 43 de
555 1997 81 43 me.
601 1997 81 43 Sed
647 1997 58 43 &
670 1997 81 43 vos
717 1997 185 43 testabimini,
867 1997 127 43 quoniam
948 1997 35 43 a

175 2032 158 39 principio
296 2032 109 39 mecum
369 2032 122 39 estis.
454 2032 85 39 Hic
503 2032 146 39 Christus
612 2032 182 39 testimonium
758 2032 146 39 Spiritus
868 2032 122 39 Sancti
941 2032 36 39 &

169 2065 174 46 testimonium
309 2065 151 46 Ecclesiae
425 2065 151 46 conjungit
541 2065 128 46 quidem,
634 2065 81 46 sed
681 2065 81 46 ita
727 2065 70 46 ut
762 2065 174 46 distinguat,
902 2065 58 46 &
913 2065 70 46 cap.

179 2102 76 36 16.
222 2102 65 36 v.
255 2102 76 36 13.
298 2102 130 36 Spiritus
396 2102 87 36 ille
450 2102 141 36 veritatis
558 2102 152 36 introducet
677 2102 76 36 vos
720 2102 65 36 in
753 2102 97 36 omnem
807 2102 119 36 veritatem

205 2130 88 41 II.
256 2130 150 41 Probatio
368 2130 213 41 Stapletoniana
544 2130 188 41 assumtionis
694 2130 113 41 primi
757 2130 150 41 argumenti-

211 2156 88 46 Sine
266 2156 98 46 cujus
331 2156 120 46 judicio
419 2156 98 46 nihil
485 2156 109 46 valent
561 2156 98 46 media
627 2156 109 46 quibus
703 2156 142 46 Scriptura
813 2156 131 46 dignosci
900 2156 77 46 solet

169 2202 99 33 nempe
235 2202 110 33 stylus
312 2202 55 33 &
334 2202 121 33 phrasis
422 2202 55 33 &
444 2202 99 33 alia,
510 2202 88 33 sine
565 2202 88 33 eius
620 2202 154 33 autoritate
741 2202 110 33 certus
818 2202 154 33 Scripturae
928 2202 55 33 Ca-

185 2228 77 41 non
229 2228 110 41 haberi
306 2228 77 41 non
338 2228 99 41 potest:

209 2245 62 55 At
240 2245 83 55 sine
292 2245 135 55 Ecclesiae
395 2245 114 55 judicio
478 2245 93 55 nihil
540 2245 104 55 valent
613 2245 93 55 media
675 2245 104 55 illat:
747 2245 93 55 Ergo:
799 2245 52 55 &c.

217 2289 101 47 Minor
284 2289 78 47 sic
329 2289 190 47 statuminatur;
485 2289 89 47 quia
541 2289 134 47 Ecclesia
642 2289 112 47 optime
720 2289 145 47 cognoscit
832 2289 101 47 media
899 2289 89 47 illa
943 2289 34 47 &

172 2325 104 46 potest
245 2325 63 46 de
276 2325 94 46 illis
338 2325 104 46 optime
401 2325 104 46 judicare

205 2357 108 44 RESP.
277 2357 108 44 Minor
349 2357 84 44 est
397 2357 120 44 falsa:
480 2357 180 44 confirmatio
624 2357 96 44 vero
684 2357 120 44 illius
768 2357 84 44 est
815 2357 144 44 ambigua,
911 2357 72 44 ideo

173 2391 212 35 distinguenda.
347 2391 87 35 Nam
397 2391 75 35 si
434 2391 162 35 Ecclesiae
559 2391 125 35 nomine
646 2391 212 35 intelligantur
821 2391 112 35 Papae
883 2391 100 35 Romani

175 2423 58 41 &
199 2423 139 41 Episcopi
303 2423 116 41 Papani
384 2423 81 41 (ut
430 2423 139 41 Papistae
534 2423 116 41 semper
615 2423 116 41 solent
696 2423 69 41 in
731 2423 81 41 hac
777 2423 116 41 maxime
847 2423 127 41 quaestio-

184 2464 79 33 ne)
229 2464 91 33 nego
286 2464 79 33 eos
331 2464 113 33 optime
410 2464 158 33 cognoscere
535 2464 102 33 media
602 2464 102 33 illa,
670 2464 91 33 nego
727 2464 79 33 eos
772 2464 102 33 posse
840 2464 68 33 de
874 2464 102 33 illis
931 2464 45 33 o-

178 2492 101 44 ptime
245 2492 146 44 judicare:
357 2492 90 44 quia
413 2492 135 44 inscitia
514 2492 123 44 illorum
604 2492 78 44 tum
649 2492 67 44 in
682 2492 78 44 hac
727 2492 78 44 re,
772 2492 78 44 tum
817 2492 67 44 in
850 2492 101 44 aliis
907 2492 78 44 nimis

181 2521 81 38 est
228 2521 162 38 manifesta.
355 2521 81 38 Sin
402 2521 93 38 vero
460 2521 151 38 Ecclesiae
575 2521 116 38 nomine
657 2521 185 38 intelligatur
807 2521 93 38 vera
854 2521 127 38 Ecclesiae

187 2560 85 40 tum
235 2560 182 40 confirmatio
381 2560 85 40 est
430 2560 134 40 aliena,
527 2560 97 40 quum
588 2560 109 40 minor
661 2560 170 40 propositio
795 2560 194 40 intelligatur
940 2560 49 40 de

190 2588 191 38 Pontificibus
345 2588 131 38 Romanis
441 2588 60 38 &
465 2588 155 38 Episcopis
584 2588 143 38 Papanis,
691 2588 84 38 qui
739 2588 84 38 non
787 2588 107 38 magis
859 2588 96 38 vera
918 2588 84 38 Ec¬

180 2628 120 38 clesia
264 2628 108 38 sunt,
336 2628 96 38 quam
396 2628 132 38 Hannas,
492 2628 144 38 Cajaphas
599 2628 60 38 &
623 2628 132 38 caeteri
719 2628 168 38 Pontifices
851 2628 60 38 &
863 2628 120 38 Sacerdos

190 2657 80 41 tes
235 2657 204 41 Jerosolymitani
405 2657 136 41 fuerunt,
508 2657 80 41 qui
553 2657 136 41 Christum
655 2657 159 41 rejecerunt
769 2657 34 41 .

224 2689 99 44 III.
286 2689 149 44 Probatio
398 2689 186 44 assumtionis
547 2689 112 44 primi
609 2689 149 44 argumentia

220 2719 75 45 Per
263 2719 86 45 quod
317 2719 140 45 Scriptura
425 2719 129 45 probanda
522 2719 86 45 est,
575 2719 86 45 sine
629 2719 86 45 ejus
683 2719 151 45 autoritate
801 2719 108 45 certus
866 2719 129 45 Scripturae

190 2754 100 43 Canon
256 2754 111 43 haberi
334 2754 78 43 non
367 2754 100 43 potest.

227 2776 77 51 Per
271 2776 143 51 Ecclesiam
381 2776 143 51 Scriptura
491 2776 132 51 probanda
589 2776 99 51 est;.
655 2776 99 51 Ergo,
710 2776 55 51 &c.

218 2820 119 40 RESP.
297 2820 119 40 Minor
377 2820 119 40 falsa
443 2820 66 40 est

225 2840 84 55 Eam
273 2840 84 55 sic
321 2840 180 55 Stapletonus
466 2840 168 55 confirmat;
598 2840 156 55 Scriptura
718 2840 84 55 non
766 2840 120 55 potest
851 2840 132 55 probari
935 2840 60 55 per

191 2885 169 46 Scripturam.
326 2885 90 46 Ergo
382 2885 79 46 per
427 2885 147 46 Ecclesiam
540 2885 135 46 probanda
630 2885 68 46 est.

222 2918 115 43 RESP.
299 2918 179 43 Antecedens
440 2918 128 43 falsum
516 2918 77 43 est,

224 2940 67 55 Id
257 2940 79 55 sic
302 2940 124 55 conatur
392 2940 135 55 fulcire:
493 2940 157 55 Paulinarum
617 2940 169 55 epistolarum
752 2940 146 55 autoritas
864 2940 79 55 non
898 2940 101 55 potest.

196 2985 117 43 probari
282 2985 75 43 per
324 2985 160 43 Scripturam:
452 2985 128 43 Paulinae
548 2985 138 43 Epistolae
654 2985 85 43 sunt
707 2985 149 43 Scriptura:
825 2985 85 43 Ergo
867 2985 128 43 Scripturae

196 3018 78 40 non
240 3018 111 40 potest
318 3018 122 40 probari
407 3018 78 40 per
441 3018 133 40 Scripturam

218 3053 120 40 RESP.
298 3053 120 40 Maior
378 3053 94 40 est
418 3053 94 40 falsa

222 3084 85 49 Eam
270 3084 85 49 sic
319 3084 97 49 vult
379 3084 145 49 probare:
488 3084 170 49 Paulinarum
622 3084 182 49 epistolarum
767 3084 157 49 autoritas
888 3084 109 49 neque
949 3084 48 49 ex

196 3117 113 47 Veteri
275 3117 170 47 Testamento,
411 3117 102 47 neque
479 3117 68 47 ex
513 3117 147 47 Evangelio
627 3117 125 47 probari
717 3117 125 47 potest:
808 3117 91 47 Ergo
865 3117 79 47 non
899 3117 102 47 potest.

192 3153 131 49 probari
287 3153 83 49 per
323 3153 143 49 Scripturam

229 3186 125 49 RESP.
312 3186 194 49 Antecedens
465 3186 153 49 negatur

228 3216 111 42 Illud
302 3216 86 42 hoc
351 3216 99 42 modo
413 3216 136 42 probat.
511 3216 173 42 Paulinarum
647 3216 185 42 Epistolarum
795 3216 136 42 nuspiam
894 3216 86 42 sit
931 3216 74 42 men

1004 212 80 48 tio
1049 212 102 48 neque
1117 212 68 48 in
1151 212 114 48 vetere
1231 212 170 48 Testamento,
1367 212 102 48 neque
1436 212 68 48 in
1470 212 170 48 Evangelio;.
1606 212 91 48 Ergo
1663 212 102 48 earum
1720 212 102 48 autori.

1020 247 73 47 tas
1061 247 83 47 inde
1113 247 115 47 probari
1197 247 73 47 non
1228 247 94 47 potest.

1052 275 113 49 RESP.
1128 275 138 49 Negatur
1228 275 201 49 antecedentis
1392 275 101 49 pars
1455 275 176 49 posterior:
1593 275 88 49 nam
1643 275 176 49 Paulinarum
1769 275 50 49 E-

1020 311 165 48 pistolarum
1150 311 82 48 sit
1197 311 118 48 mentio
1279 311 71 48 in
1315 311 165 48 Evangelio,
1444 311 106 48 nempe
1515 311 71 48 in
1550 311 141 48 epistola
1656 311 106 48 Petri
1715 311 118 48 secunda,

1015 354 88 34 cap.
1070 354 66 34 3.
1103 354 66 34 v.
1137 354 77 34 16.
1181 354 77 34 ubi
1225 354 55 34 &
1247 354 155 34 Scripturae
1369 354 166 34 appellantur
1501 354 55 34 &
1524 354 100 34 earum
1590 354 144 34 autoritas
1700 354 111 34 divina
1767 354 55 34 as-

1016 385 143 43 seritur,
1123 385 95 43 quum
1183 385 119 43 Petrus
1266 385 119 43 dicat,
1349 385 119 43 Paulum
1432 385 83 43 pro
1480 385 95 43 DATA
1540 385 95 43 sibi
1599 385 155 43 sapientia
1706 385 119 43 scripsis

1009 416 80 39 se;
1054 416 57 39 a
1077 416 80 39 quo
1123 416 103 39 autem
1192 416 92 39 data
1249 416 92 39 illi
1307 416 103 39 erat,
1375 416 92 39 nisi
1433 416 57 39 a
1456 416 92 39 Deo?
1513 416 80 39 Tum
1559 416 115 39 Paulus
1639 416 92 39 suas
1696 416 149 39 epistolas
1800 416 34 39 &

1012 455 136 33 nomine
1108 455 68 33 &
1135 455 150 33 judicio
1244 455 95 33 suo
1298 455 191 33 comprobat.
1448 455 109 33 Ergo
1516 455 191 33 Paulinarum
1652 455 177 33 epistolarum

1012 486 118 34 mentio
1095 486 82 34 sit
1142 486 59 34 &
1165 486 153 34 autoritas
1283 486 153 34 asseritur
1401 486 71 34 in
1436 486 165 34 Evangelio:
1566 486 94 34 nisi
1625 486 141 34 fortasse
1719 486 106 34 Papista

1003 518 114 33 negare
1083 518 126 33 velint,
1174 518 103 33 Petri
1243 518 57 33 &
1266 518 103 33 Pauli
1334 518 149 33 epistolas
1449 518 91 33 esse
1506 518 160 33 Evangelium
1632 518 69 33 de
1666 518 91 33 Jesu
1712 518 114 33 Christo.

1045 551 152 42 Replicatur
1165 551 65 42 ad
1197 551 76 42 hoc
1241 551 152 42 posterius,
1360 551 109 42 Paulum
1436 551 76 42 non
1480 551 98 42 posse
1545 551 87 42 esse
1599 551 109 42 testem
1675 551 87 42 sibi
1719 551 76 42 ipsi.

1044 573 109 53 RESP.
1116 573 145 53 Concedo:
1225 573 85 53 sed
1273 573 109 53 neque
1346 573 97 53 sibi
1406 573 97 53 ipsi
1467 573 121 53 testis
1551 573 97 53 est,
1612 573 85 53 sed
1660 573 97 53 Deo,
1720 573 85 53 sed
1756 573 85 53 Jesu-

1021 617 131 35 Christo,
1119 617 98 35 cujus
1185 617 109 35 verbum
1261 617 76 35 est
1305 617 87 35 quod
1359 617 142 35 scripsit.
1468 617 65 35 Si
1501 617 174 35 Cancellarius
1643 617 131 35 aliquis,
1730 617 98 35 Princi-

1023 649 62 32 is
1054 649 72 32 sui
1095 649 103 32 jussu,
1167 649 113 32 literas
1249 649 62 32 ad
1280 649 123 32 civitate
1372 649 113 32 aliquam
1455 649 154 32 scripserit,
1578 649 123 32 illisque
1671 649 93 32 nomen
1732 649 82 32 suum
1774 649 51 32 pro

1005 688 95 31 more
1064 688 178 31 apposuerit,
1206 688 107 31 nonne
1277 688 178 31 appositione
1420 688 95 31 illa
1479 688 130 31 nominis
1574 688 83 31 sui
1621 688 154 31 testatur,
1727 688 107 31 literas

1008 714 105 35 illas
1078 714 116 35 revera
1160 714 151 35 Principis
1276 714 105 35 jussu
1346 714 58 35 &
1369 714 163 35 autoritate
1497 714 140 35 scriptas
1601 714 128 35 Maxime.
1694 714 81 35 Cur
1741 714 116 35 igitur

1018 750 107 34 minus
1090 750 155 34 tribuatur
1209 750 143 34 Apostolo
1316 750 119 34 Paulo,
1399 750 95 34 quam
1459 750 131 34 terreni
1554 750 155 34 Principis
1661 750 167 34 Cancellario:

1050 783 164 36 INSTAT
1164 783 262 36 STAPLETONUS:
1377 783 147 36 Neque
1476 783 147 36 totam
1574 783 246 36 Scripturam,
1754 783 82 36 ne-

1025 818 80 39 que
1070 818 114 39 partem
1150 818 125 39 aliquam
1241 818 159 39 Scripturae
1366 818 68 39 ex
1400 818 91 39 ipsa
1457 818 148 39 Scriptura
1570 818 125 39 probari
1661 818 114 39 posse,
1741 818 91 39 quia
1787 818 45 39 o-

1019 847 90 35 mnis
1075 847 134 35 probatio
1176 847 78 35 est
1220 847 67 35 ex
1254 847 168 35 notioribus:
1388 847 90 35 Ergo
1444 847 146 35 nescienti
1556 847 78 35 aut
1601 847 123 35 neganti
1691 847 101 35 totam
1747 847 78 35 Scri-

1024 878 123 42 pturam,
1113 878 78 42 vel
1158 878 112 42 partem
1237 878 90 42 tius
1293 878 135 42 aliquam,
1394 878 123 42 probari
1483 878 101 42 nihil
1551 878 112 42 potest
1629 878 67 42 ex
1663 878 90 42 ipsa
1708 878 123 42 Scriptura

1050 911 108 36 RESP.
1122 911 144 36 Peccatur
1230 911 144 36 fallacia
1338 911 144 36 secundum
1447 911 120 36 plures
1531 911 240 36 interrogationes,
1735 911 96 36 quia
1783 911 48 36 a-

1028 939 104 40 iter
1093 939 143 40 agendum
1197 939 91 40 est
1249 939 91 40 cum
1301 939 143 40 negante
1405 939 117 40 totam
1483 939 195 40 Scripturam,
1639 939 130 40 aliter
1730 939 91 40 cum
1769 939 65 40 ne-

1017 980 112 40 gante
1091 980 125 40 partem
1179 980 187 40 Scripturae.
1329 980 87 40 Qui
1379 980 112 40 totam
1453 980 175 40 Scripturam
1591 980 125 40 negat,
1666 980 162 40 Christianus

1017 1011 83 35 non
1065 1011 95 35 est,
1124 1011 72 35 ac
1160 1011 131 35 proinde
1256 1011 143 35 probatio
1363 1011 167 35 Scripturae
1494 1011 131 35 aliunde
1590 1011 131 35 petenda
1685 1011 95 35 est,
1745 1011 95 35 quam
1792 1011 48 35 ex

1027 1045 173 35 Scriptura:
1162 1045 99 35 quia
1224 1045 123 35 contra
1310 1045 148 35 negantem
1421 1045 160 35 principia
1544 1045 86 35 non
1594 1045 86 35 est
1643 1045 185 35 disputandum
1779 1045 49 35 ex

1024 1077 155 40 principiis
1146 1077 88 40 quae
1201 1077 111 40 negat,
1278 1077 77 40 sed
1322 1077 66 40 ex
1356 1077 100 40 illis
1422 1077 88 40 quae
1477 1077 133 40 concedit
1577 1077 55 40 &
1599 1077 111 40 ponit.
1676 1077 77 40 Qui
1720 1077 88 40 vero
1765 1077 66 40 par-

1030 1115 84 31 tem
1078 1115 167 31 Scripturae
1209 1115 143 31 duntaxat
1317 1115 120 31 negat,
1401 1115 143 31 adversus
1508 1115 84 31 eum
1556 1115 72 31 ex
1592 1115 155 31 Scriptura
1711 1115 96 31 quam
1759 1115 72 31 con-

1023 1144 116 34 cedit,
1105 1144 151 34 disputari
1221 1144 116 34 potest
1302 1144 58 34 &
1326 1144 116 34 debet,
1407 1144 58 34 &
1430 1144 70 34 ex
1465 1144 93 34 illa
1523 1144 151 34 Scriptura
1639 1144 128 34 probari
1732 1144 116 34 potest
1802 1144 35 34 &

1025 1174 97 50 debet
1090 1174 86 50 illa
1144 1174 86 50 pars
1198 1174 86 50 quae
1252 1174 119 50 negatur
1339 1174 65 50 ab
1360 1174 76 50 ipsos

1158 1203 303 39 SECVNDVM
1360 1203 328 39 ARGVMENTVM.

1059 1236 68 40 Si
1093 1236 102 40 libri
1161 1236 125 40 secundi
1252 1236 125 40 generis
1342 1236 148 40 Apocryphi
1456 1236 91 40 ideo
1513 1236 79 40 non
1558 1236 91 40 sunt
1615 1236 79 40 pro
1660 1236 136 40 diuvinis
1751 1236 102 40 habiti,

1036 1273 89 35 quia
1092 1273 134 35 Ecclesia
1192 1273 122 35 nunquam
1281 1273 78 35 eos
1325 1273 145 35 approbare
1437 1273 122 35 voluit:
1526 1273 78 35 tum
1570 1273 100 35 nobis
1637 1273 67 35 ex
1670 1273 111 35 solius
1737 1273 89 35 Eccle-

1033 1306 84 40 siae
1086 1306 148 40 testimonio
1202 1306 116 40 constat
1287 1306 106 40 quinam
1361 1306 95 40 libri
1424 1306 84 40 sint
1477 1306 84 40 vere
1529 1306 127 40 diuvini,
1624 1306 74 40 aut
1667 1306 84 40 quod
1719 1306 95 40 eodem
1772 1306 53 40 re-

1035 1337 96 42 lit,
1095 1337 120 42 Sacram
1179 1337 168 42 Scripturam
1311 1337 96 42 quam
1372 1337 132 42 habemus
1468 1337 96 42 esse
1528 1337 96 42 vere
1576 1337 120 42 divinam.

1063 1373 100 33 Verum
1130 1373 78 33 est
1174 1373 167 33 antecedens.
1308 1373 89 33 Ergo
1363 1373 56 33 &
1374 1373 145 33 consequens.

1053 1401 104 41 RESP.
1123 1401 150 41 Limitanda
1238 1401 162 41 propositio
1365 1401 139 41 connexa.
1469 1401 69 41 Si
1504 1401 104 41 libri
1573 1401 127 41 secundi
1666 1401 127 41 generis
1747 1401 69 41 Apo-

1026 1443 123 39 cryphi
1112 1443 98 39 ideo
1173 1443 160 39 SOLUMMODo
1296 1443 86 39 non
1345 1443 98 39 sunt
1407 1443 86 39 pro
1456 1443 135 39 divinis
1554 1443 135 39 habiti,
1653 1443 98 39 quia
1702 1443 123 39 Ecclesia

1032 1473 127 33 nunquam
1125 1473 81 33 eos
1171 1473 150 33 approbare
1286 1473 127 33 voluit;
1378 1473 81 33 tum
1424 1473 104 33 nobis
1494 1473 69 33 ex
1528 1473 115 33 solius
1609 1473 150 33 Ecclesiae
1713 1473 115 33 testimo-

1018 1513 87 38 nio
1067 1513 149 38 constat,
1179 1513 173 38 Scripturam
1315 1513 99 38 quam
1377 1513 136 38 habemus
1476 1513 99 38 esse
1538 1513 99 38 vere
1600 1513 149 38 divinam.
1711 1513 87 38 Jam
1749 1513 74 38 quod

1030 1543 72 36 ad
1066 1543 133 36 minorem
1163 1543 145 36 attinet,
1271 1543 121 36 libros
1356 1543 133 36 secundi
1452 1543 133 36 generis
1549 1543 169 36 Apocryphos
1681 1543 96 36 ideo
1730 1543 96 36 SOLUM.

1024 1576 98 40 MODo
1085 1576 86 40 non
1134 1576 98 40 esse
1196 1576 86 40 pro
1245 1576 135 40 divinis
1343 1576 148 40 habitos,
1454 1576 98 40 quia
1516 1576 148 40 Ecclesia
1626 1576 135 40 nunquam
1725 1576 86 40 eos
1762 1576 61 40 ap-

1040 1605 120 38 probare
1127 1605 120 38 voluit,
1214 1605 131 38 negatur.
1312 1605 76 38 Nam
1356 1605 98 38 aliae
1421 1605 109 38 causae
1497 1605 98 38 sunt,
1562 1605 76 38 cur
1606 1605 76 38 non
1649 1605 87 38 sint
1704 1605 120 38 habiti,
1780 1605 54 38 nec

1023 1641 120 34 haberi
1107 1641 132 34 debeant
1203 1641 84 34 pro
1251 1641 144 34 divinis.
1359 1641 96 34 Quod
1419 1641 72 34 si
1456 1641 180 34 replicetur,
1600 1641 168 34 antecedens
1720 1641 108 34 connexa

1028 1672 213 39 propositionis
1204 1672 63 39 &
1229 1672 188 39 assumtionem
1379 1672 163 39 intelligi
1504 1672 125 39 debere
1591 1672 125 39 absque
1666 1672 163 39 limitatione

1027 1700 81 49 tum
1074 1700 104 49 falsa
1143 1700 92 49 erit
1201 1700 127 49 connexa
1281 1700 139 49 propositio

1253 1727 298 46 TERTIVM.

1071 1764 63 48 Si
1102 1764 125 48 Ecclesia
1196 1764 73 48 est
1238 1764 136 48 antiquior
1342 1764 84 48 quam
1395 1764 146 48 Scriptura;
1509 1764 73 48 tum
1551 1764 63 48 ex
1583 1764 105 48 solius
1656 1764 136 48 Ecclesiae
1750 1764 73 48 testi

1036 1801 99 42 monio
1102 1801 110 42 omniii
1179 1801 198 42 luculentissime
1344 1801 99 42 nobis
1410 1801 132 42 constat,
1510 1801 143 42 Scriptura
1620 1801 88 42 esse
1675 1801 88 42 vere
1719 1801 110 42 divinam,

1055 1833 66 37 At
1088 1833 76 37 qui
1132 1833 131 37 Ecclesia
1230 1833 76 37 est
1274 1833 142 37 antiquior
1383 1833 87 37 quam
1438 1833 153 37 Scriptura.
1558 1833 98 37 Ergo,
1612 1833 55 37 &c.

1055 1862 121 43 RESP.
1135 1862 148 43 Negatur
1243 1862 228 43 consequentia,
1431 1862 107 43 quia
1498 1862 188 43 argumentum
1645 1862 148 43 laborat
1739 1862 81 43 home

1043 1908 110 36 tymiae
1120 1908 143 36 fallacia.
1230 1908 143 36 Scriptura
1340 1908 88 36 enim
1395 1908 77 36 vel
1440 1908 132 36 secundum
1539 1908 143 36 essentiam
1649 1908 154 36 significat
1759 1908 66 36 ver-

1038 1929 84 36 bum
1086 1929 84 36 Dei
1134 1929 119 36 libris
1217 1929 179 36 Propheticis
1360 1929 60 36 &
1384 1929 179 36 Apostolicis
1528 1929 203 36 comprehensum:
1695 1929 84 36 vel
1730 1929 96 36 secun-

1035 1965 86 37 lum
1084 1965 148 37 accidens
1195 1965 111 37 ipsam
1269 1965 148 37 externam
1380 1965 185 37 scriptionem
1529 1965 86 37 seu
1578 1965 222 37 consignationem
1751 1965 74 37 verb

1026 1997 83 40 Dei
1074 1997 71 40 in
1109 1997 118 40 libris
1192 1997 178 40 Propheticis
1334 1997 59 40 &
1358 1997 190 40 Apostolicis,
1512 1997 118 40 factam
1595 1997 83 40 per
1642 1997 130 40 chartam
1737 1997 59 40 &
1749 1997 71 40 atra

1020 2032 137 37 mentum.
1119 2032 87 37 Jam
1169 2032 75 37 si
1206 2032 174 37 Scripturam
1344 2032 112 37 quoad
1418 2032 162 37 essentiam
1543 2032 187 37 intelligas,
1692 2032 87 37 tum
1730 2032 87 37 assum

1030 2064 84 44 tio
1078 2064 144 44 negatur:
1186 2064 96 44 quia
1246 2064 120 44 verbum
1330 2064 84 44 Dei
1378 2064 96 44 quod
1437 2064 72 44 in
1473 2064 120 44 libris
1557 2064 180 44 Propheticis
1701 2064 60 44 &
1713 2064 108 44 Aposto-

1023 2098 108 36 licis
1095 2098 180 36 continetur,
1239 2098 108 36 prius
1311 2098 168 36 necessario
1442 2098 96 36 fuit
1502 2098 96 36 quam
1562 2098 156 36 Ecclesia;
1682 2098 96 36 quum
1730 2098 96 36 verbum

1018 2129 79 39 Dei
1063 2129 79 39 sit
1108 2129 101 39 semen
1175 2129 158 39 Ecclesiae,
1299 2129 79 39 hoc
1344 2129 90 39 est,
1400 2129 101 39 causa
1468 2129 79 39 per
1513 2129 90 39 quam
1569 2129 135 39 Ecclesia
1670 2129 146 39 exstitit.
1772 2129 56 39 Pe-

1028 2164 133 34 verbum
1121 2164 93 34 Dei
1174 2164 106 34 enim
1240 2164 146 34 homines
1347 2164 133 34 vocati
1440 2164 80 34 ad
1479 2164 186 34 beatificam
1625 2164 199 34 communionem
1772 2164 66 34 cum

1030 2196 95 38 Deo,
1089 2196 107 38 facti
1161 2196 95 38 sunt
1220 2196 154 38 Ecclesia.
1339 2196 107 38 Semen
1410 2196 107 38 autem
1481 2196 119 38 semper
1564 2196 119 38 sobole
1647 2196 71 38 ex
1683 2196 119 38 semine
1754 2196 71 38 ille

1020 2237 176 33 proveniente
1161 2237 152 33 antiquius
1278 2237 94 33 esse
1336 2237 129 33 necesse
1430 2237 94 33 est:
1489 2237 94 33 quum
1547 2237 176 33 impossibile
1688 2237 94 33 sit.
1734 2237 94 33 causam

1026 2261 93 38 esse
1084 2261 174 38 posteriorem
1223 2261 81 38 suo
1269 2261 139 38 effecto.
1374 2261 81 38 Sin
1420 2261 93 38 vero
1478 2261 162 38 Scripturam
1605 2261 104 38 quoad
1675 2261 139 38 accidens
1767 2261 58 38 in-

1023 2294 159 39 telligas,
1145 2294 98 39 vera
1206 2294 86 39 tum
1255 2294 122 39 quidem
1340 2294 98 39 erit
1401 2294 159 39 assumtio:
1524 2294 98 39 quia
1585 2294 110 39 Moses
1658 2294 122 39 primus
1731 2294 98 39 amanus

1021 2333 99 36 ensis
1087 2333 77 36 Dei
1131 2333 99 36 fuit,
1196 2333 77 36 qui
1240 2333 109 36 verbum
1317 2333 77 36 Dei
1360 2333 120 36 literis
1448 2333 164 36 consignavit
1579 2333 55 36 &
1601 2333 142 36 Ecclesiae
1711 2333 131 36 scriptur

1031 2360 143 41 tradidit,
1141 2360 132 41 Ecclesia
1240 2360 99 41 autem
1306 2360 88 41 ante
1361 2360 99 41 Mosen
1427 2360 99 41 fuit:
1494 2360 77 41 sed
1538 2360 77 41 tum
1582 2360 99 41 falsa
1648 2360 88 41 erit
1692 2360 132 41 propositia

1032 2392 144 40 connexa.
1140 2392 132 40 Etiamsi
1236 2392 96 40 enim
1295 2392 144 40 Ecclesia
1403 2392 108 40 prius
1475 2392 120 40 fuerit
1559 2392 96 40 quam
1619 2392 120 40 verbum
1702 2392 84 40 Dei
1738 2392 84 40 scri-

1029 2428 106 40 ptum,
1100 2428 141 40 quatenus
1206 2428 153 40 scriptum:
1324 2428 106 40 tamen
1395 2428 153 40 nequaquam
1513 2428 71 40 ex
1548 2428 118 40 solius
1630 2428 153 40 Ecclesiae
1736 2428 83 40 testi

1032 2466 117 33 monio,
1114 2466 129 33 iudicio
1208 2466 58 33 &
1231 2466 164 33 autoritate
1360 2466 129 33 constat
1453 2466 164 33 Scripturam
1582 2466 94 33 esse
1640 2466 94 33 vere
1687 2466 117 33 divinam,

1245 2485 327 45 RVARTVM

1073 2509 85 55 mnis
1127 2509 75 55 res
1169 2509 96 55 fidei
1233 2509 75 55 non
1276 2509 85 55 nisi
1329 2509 75 55 per
1372 2509 139 55 Ecclesiam
1479 2509 128 55 constare
1575 2509 96 55 nobis
1628 2509 96 55 potest:

1060 2553 153 43 Scripturam
1181 2553 110 43 Sacram
1257 2553 88 43 esse
1312 2553 88 43 vere
1367 2553 121 43 divinam
1455 2553 77 43 est
1498 2553 77 43 res
1531 2553 88 43 fidei:

1063 2576 95 56 Ergo
1122 2576 166 56 Scripturam
1253 2576 119 56 Sacram
1336 2576 95 56 esse
1396 2576 95 56 vere
1455 2576 131 56 divinam
1550 2576 131 56 nonnisi
1645 2576 83 56 per
1681 2576 142 56 Ecclesia;.

1028 2620 122 44 constare
1119 2620 92 44 nobis
1170 2620 92 44 potest.

1069 2651 97 47 Maior
1134 2651 140 47 probatur:
1242 2651 86 47 quia
1295 2651 75 47 non
1338 2651 86 47 nisi
1392 2651 75 47 per
1435 2651 140 47 Ecclesiam
1543 2651 129 47 Spiritus
1640 2651 118 47 Sanctus
1715 2651 108 47 infalli-

1037 2686 109 43 biliter
1116 2686 89 43 docet
1176 2686 59 43 ea
1206 2686 79 43 quae
1255 2686 79 43 sunt
1295 2686 69 43 fidei

1059 2715 105 46 RESP.
1129 2715 105 46 Maior
1200 2715 82 46 est
1246 2715 117 46 falsa:
1328 2715 58 46 &
1352 2715 140 46 probatio
1457 2715 94 46 ejus
1515 2715 117 46 itidem
1597 2715 117 46 falsa,
1679 2715 94 46 quia
1737 2715 82 46 cum
1773 2715 58 46 ver

1032 2749 72 40 bo
1068 2749 85 40 Dei
1116 2749 133 40 pugnat,
1213 2749 97 40 quod
1273 2749 157 40 testatur,
1394 2749 145 40 Spiritum
1503 2749 133 40 Sanctum
1600 2749 85 40 per
1648 2749 169 40 Scripturam
1769 2749 60 40 Sa-

1042 2786 80 38 cra
1087 2786 103 38 ipsam
1156 2786 205 38 infallibiliter
1327 2786 114 38 docere
1407 2786 68 38 ea
1441 2786 91 38 quae
1498 2786 91 38 sunt
1555 2786 114 38 fidei:
1635 2786 171 38 quemadmodum
1761 2786 68 38 Apo-

1042 2820 110 35 stolus
1119 2820 88 35 Rom.
1174 2820 77 35 15.
1218 2820 66 35 v.
1250 2820 66 35 4.
1283 2820 154 35 Quaecunque
1404 2820 165 35 antescripta
1536 2820 99 35 sunt,
1602 2820 66 35 ad
1635 2820 143 35 doctrinam
1733 2820 99 35 nostrat

1042 2851 121 41 scripta
1130 2851 88 41 esse
1185 2851 143 41 affirmat,
1295 2851 55 41 &
1317 2851 66 41 2.
1350 2851 88 41 Tim.
1405 2851 66 41 3.
1438 2851 77 41 16.
1482 2851 154 41 Scripturam
1603 2851 99 41 omnem
1669 2851 154 41 diuvinitus
1779 2851 66 41 esse

1042 2887 158 37 inspiratam
1166 2887 57 37 &
1189 2887 113 37 vtilem
1268 2887 68 37 ad
1302 2887 158 37 doctrinam,
1426 2887 79 37 &c.
1471 2887 68 37 ut
1505 2887 90 37 homo
1562 2887 79 37 Dei
1607 2887 147 37 perfectus
1720 2887 90 37 sit,
1776 2887 68 37 ad
1799 2887 45 37 o-

1047 2919 72 42 mne
1088 2919 83 42 opus
1140 2919 93 42 bonum
1202 2919 124 42 perfecte
1295 2919 155 42 instructus.
1419 2919 62 42 Et
1450 2919 83 42 Joh.
1502 2919 72 42 20.
1543 2919 62 42 v.
1574 2919 72 42 31.
1615 2919 124 42 legitur,
1709 2919 83 42 Haec
1750 2919 93 42 scripti

1052 2950 88 43 sunt
1107 2950 66 43 ut
1140 2950 143 43 credatis,
1250 2950 55 43 &
1272 2950 66 43 ut
1305 2950 143 43 credentes
1415 2950 99 43 vitam
1481 2950 132 43 aeternam
1569 2950 121 43 habeatis.

1267 2983 310 43 QVINTVM.

1075 3007 93 44 Sola
1134 3007 140 44 Ecclesia
1238 3007 117 44 potest
1320 3007 70 44 de
1355 3007 151 44 xpimρiois
1472 3007 151 44 divinarum
1588 3007 186 44 Scripturarum
1728 3007 128 44 iudicare.

1073 3051 84 40 Ergo
1125 3051 63 40 ex
1156 3051 105 40 solius
1230 3051 136 40 Ecclesiae
1335 3051 147 40 testimonio
1450 3051 126 40 constare
1545 3051 94 40 nobis
1608 3051 94 40 cerro
1671 3051 115 40 potest,
1744 3051 105 40 Scriptu-

1049 3083 86 47 ram
1098 3083 123 47 Sacram
1184 3083 99 47 esse
1234 3083 111 47 divinam

1087 3116 172 46 Antecedens
1222 3116 86 46 sic
1271 3116 147 46 probant:
1382 3116 86 46 Num
1431 3116 123 46 aliqua
1517 3116 160 46 Scriptura
1640 3116 123 46 habeat
1714 3116 147 46 argumenta.

1055 3151 57 39 &
1077 3151 137 39 κριτήρια
1180 3151 183 39 divinitatis,
1329 3151 91 39 quis
1386 3151 91 39 erit
1443 3151 114 39 iudex?
1523 3151 80 39 Aut
1568 3151 137 39 privatus
1671 3151 137 39 aliquis,
1774 3151 80 39 aut
1808 3151 57 39 Ec-

1048 3184 117 43 clesia.
1134 3184 75 43 Non
1176 3184 128 43 privatus
1272 3184 128 43 aliquis,
1368 3184 85 43 puta
1421 3184 107 43 Arius,
1496 3184 138 43 Lutherus,
1602 3184 75 43 &c.
1645 3184 85 43 quia
1698 3184 75 43 sic
1741 3184 96 43 nibil
1794 3184 64 43 cer-

1052 3217 68 41 ti
1086 3217 148 41 habebimus
1199 3217 68 41 de
1234 3217 114 41 libris
1313 3217 136 41 divinis.
1415 3217 91 41 Ergo
1461 3217 125 41 Ecclesia.
