2063 3449
176 156 146 46 Fideles
282 156 119 46 autem
361 156 93 46 ita
414 156 119 46 aquam
493 156 212 46 considerant,
666 156 79 46 ut
705 156 132 46 animos
798 156 79 46 ad
838 156 106 46 Deum
891 156 79 46 ele-

146 196 104 38 vet.
211 196 91 38 Nam
263 196 104 38 aqua
328 196 169 38 commendat
457 196 117 38 nobis
535 196 182 38 sapientiam
678 196 78 38 ac
717 196 169 38 bonitatem
846 196 91 38 Dei
885 196 65 38 im-

153 229 121 42 mensam
238 229 73 42 in
274 229 85 42 tot
322 229 121 42 usibus
407 229 109 42 aquae
479 229 181 42 necessariis
625 229 169 42 elucentem.
758 229 73 42 Ex
794 229 97 42 aqua
854 229 97 42 enim
903 229 48 42 ex

147 260 173 43 halationes
282 260 74 43 in
319 260 136 43 sublime
418 260 185 43 adscendunt,
566 260 99 43 unde
627 260 136 43 meteora
726 260 173 43 generantur
861 260 123 43 velut,

154 297 133 37 mmubes,
251 297 145 37 pluviae,
360 297 73 37 ad
396 297 121 37 terram
481 297 169 37 irrigandam
614 297 61 37 &
638 297 206 37 foecundandam,
808 297 109 37 aerem
868 297 97 37 refri-

148 327 157 48 gerandum,
269 327 145 48 animalia
377 327 181 48 reficienda,
522 327 133 48 plantas
619 327 181 48 vegetandas,
764 327 121 48 aestum
836 327 121 48 mitigan-

154 360 98 42 dum.
215 360 98 42 Quin
276 360 110 42 etiam
350 360 123 42 absque
436 360 135 42 pluviis
534 360 98 42 ipsa
595 360 98 42 aqua
656 360 123 42 terram
742 360 159 42 soecundat
865 360 61 42 &
877 360 86 42 velu-

157 395 73 38 ti
193 395 194 38 generationis
351 395 109 38 mater
424 395 97 38 est,
485 395 61 38 &
509 395 170 38 animalibus
643 395 146 38 omnibus,
752 395 146 38 inprimis
850 395 109 38 homini-

155 425 83 41 bus
202 425 165 41 utilitates
332 425 177 41 quotidianas
474 425 130 41 adfert;
568 425 83 41 ita
615 425 71 41 ut
651 425 94 41 sine
710 425 94 41 aqua
769 425 94 41 vita
827 425 153 41 plantarum
934 425 35 41 &

158 469 170 31 animalium
288 469 183 31 consistere
432 469 91 31 non
484 469 144 31 possit.
589 469 104 31 Quos
654 469 104 31 usus
719 469 104 31 aqua
784 469 78 31 ad
810 469 170 31 valetudinem

147 492 140 46 hominis
249 492 153 46 curandam
364 492 153 46 adferat,
478 492 165 46 Medicorum
606 492 115 46 libri
682 492 140 46 docent.
784 492 115 46 Nihil
860 492 102 46 addo
911 492 51 46 de

153 531 109 45 aquis
225 531 217 45 navigabilibus,
406 531 97 45 quas
467 531 169 45 utilitates
599 531 121 45 humano
684 531 121 45 generi
756 531 133 45 praestent

185 551 113 44 Eadem
261 551 125 44 servit
348 551 88 44 Deo
398 551 75 44 ad
436 551 188 44 justissimam
586 551 213 44 exsequutionem
761 551 163 44 judicioum
874 551 100 44 ipsius

148 597 60 34 m
172 597 144 34 homines,
280 597 72 34 ut
316 597 144 34 diluvium
423 597 144 34 testatur
531 597 168 34 universale
663 597 120 34 Genes.
747 597 72 34 7.
782 597 96 34 item
842 597 84 34 tot
878 597 84 34 inun-

155 629 163 34 dationes,
281 629 63 34 &
306 629 163 34 naufragia
431 629 188 34 frequentia:
581 629 113 34 sicut
656 629 113 34 omnia
731 629 150 34 elementa
843 629 88 34 Deo
881 629 75 34 mini

162 663 119 44 strant
245 663 83 44 vel
293 663 71 44 ad
329 663 155 44 bonitatem
448 663 83 44 vel
496 663 71 44 ad
531 663 155 44 justitiam
650 663 107 44 atque
722 663 95 44 iram
781 663 71 44 in
817 663 131 44 homines
900 663 60 44 ex

154 692 176 46 promendam.

194 717 121 45 Eadem
274 717 81 45 de
315 717 135 45 multis
409 717 121 45 rebus
490 717 121 45 aliis
571 717 94 45 nos
625 717 162 45 admonet.
746 717 94 45 Nam
786 717 189 45 similitudine

158 748 126 47 quadam
246 748 201 47 repraesentat
410 748 151 47 Spiritum
523 748 138 47 Sanctum
624 748 63 47 &
649 748 138 47 effecta
749 748 101 47 ejus
812 748 113 47 atque
875 748 88 47 bene-

165 788 107 42 ficia
237 788 155 42 salutaria
356 788 95 42 quae
415 788 143 42 Christus
522 788 83 42 per
570 788 143 42 Spiritum
677 788 131 42 Sanctum
773 788 155 42 fidelibus
880 788 95 42 veluti

165 827 143 43 profundit,
277 827 61 43 ut
308 827 102 43 videre
379 827 71 43 est
420 827 92 43 Jesa.
481 827 71 43 12.
522 827 61 43 3.
553 827 82 43 cap.
604 827 71 43 55.
644 827 61 43 1.
675 827 102 43 Jerem.
746 827 61 43 2.
777 827 71 43 13.
818 827 51 43 &
838 827 71 43 17.
879 827 71 43 13.
910 827 61 43 Joh.

160 861 62 44 3.
191 861 62 44 v.
222 861 62 44 5.
253 861 52 44 &
273 861 83 44 cap.
325 861 62 44 4.
356 861 72 44 10,
398 861 72 44 11,
439 861 62 44 14
470 861 52 44 &
491 861 62 44 7.
522 861 72 44 38.
563 861 114 44 Apocal.
646 861 62 44 7.
677 861 62 44 v.
708 861 72 44 17.
749 861 52 44 &
770 861 72 44 21.
811 861 62 44 6.
843 861 52 44 &
863 861 72 44 22.
905 861 62 44 1,
925 861 52 44 17.

190 887 80 39 Est
235 887 102 39 imago
303 887 148 39 Evangelii
417 887 159 39 salvifici,
542 887 114 39 Ezech.
622 887 80 39 47.
667 887 102 39 Zach.
735 887 80 39 14.
770 887 45 39 8.

200 915 89 48 Est
251 915 192 48 sacramentum
405 915 166 48 sanguinis
532 915 141 48 Christi
635 915 89 48 per
686 915 102 48 quem
750 915 64 48 a
775 915 153 48 peccatis
878 915 89 48 emun-

162 950 120 48 damur:
246 950 60 48 &
270 950 144 48 virtutis
379 950 144 48 Spiritus
487 950 120 48 Sancti
571 950 72 48 in
607 950 108 48 nobis
679 950 205 48 regenerandis,
848 950 72 48 ut
872 950 108 48 baptis-

161 985 87 49 mus
210 985 124 49 noster
297 985 87 49 nos
346 985 124 49 docet.
433 985 111 49 Ephes
507 985 74 49 5.
544 985 87 49 26.
593 985 161 49 Hebraeor.
717 985 87 49 10.
766 985 87 49 22.
816 985 74 49 1.
853 985 124 49 Johan.
927 985 37 49 5

163 1024 89 43 vers.
222 1024 59 43 6,
242 1024 30 43 &

202 1045 181 46 Repraesentat
349 1045 170 46 calamitates
485 1045 57 46 &
508 1045 193 46 afflictiones,
666 1045 113 46 veluti
745 1045 68 46 1.
779 1045 91 46 Sam.
836 1045 79 46 22.
881 1045 79 46 17.
915 1045 57 46 Ps.

167 1086 83 43 32.
215 1086 71 43 6.
250 1086 59 43 &
274 1086 83 43 66.
321 1086 107 43 vers.
392 1086 83 43 12.
440 1086 59 43 &
463 1086 83 43 69.
511 1086 71 43 2.
546 1086 59 43 &
570 1086 119 43 passim
653 1086 71 43 in
689 1086 119 43 veteri
772 1086 178 43 Testamento,
902 1086 71 43 item

155 1118 230 50 multitudinem
342 1118 144 50 magnam
442 1118 173 50 hominum,
572 1118 86 50 ut
615 1118 144 50 Jerem.
715 1118 101 50 47.
773 1118 86 50 2.
802 1118 173 50 Apocalypso

161 1156 73 46 17.
202 1156 62 46 1,
223 1156 52 46 15.

303 1190 92 65 Hec
356 1190 79 65 de
395 1190 158 65 elemento
514 1190 132 65 aquae:
606 1190 158 65 sequitur
725 1190 79 65 de
751 1190 106 65 terra.

379 1276 317 56 CAPUT
555 1276 211 56 XIX.

501 1324 101 53 De
535 1324 118 53 terra

169 1378 139 49 PPERRA,
270 1378 88 49 est
321 1378 164 49 clementum
447 1378 151 49 frigidae
561 1378 164 49 siccaeque
687 1378 151 49 naturae,
800 1378 139 49 densum,
889 1378 88 49 solis

233 1420 110 36 dum,
302 1420 137 36 grave,
398 1420 82 36 in
439 1420 124 36 medio
522 1420 124 36 mundi
604 1420 151 36 tanquam
714 1420 206 36 fundamentum
865 1420 110 36 ipsius

230 1454 192 47 collocatum,
383 1454 115 47 eoque
460 1454 77 47 in
498 1454 140 47 proprio
601 1454 102 47 loco
664 1454 153 47 immobile
779 1454 115 47 atque
843 1454 128 47 rotundum

199 1486 90 42 Eam
251 1486 103 42 esse
315 1486 64 42 a
341 1486 90 42 Deo
393 1486 155 42 creatam,
509 1486 116 42 etiam
586 1486 77 42 in
625 1486 142 42 symbolo
728 1486 181 42 Apostolico
857 1486 116 42 profite

165 1523 109 39 mur;
234 1523 109 39 quum
302 1523 164 39 dicimus,
425 1523 96 39 nos
479 1523 150 39 credere
588 1523 82 39 in
629 1523 109 39 Deum
697 1523 136 39 Patrem
779 1523 205 39 omnipotentem,

178 1554 148 40 creatorem
292 1554 103 40 coeli
360 1554 57 40 &
372 1554 91 40 terrae

214 1573 123 53 Materia
303 1573 67 53 ex
337 1573 78 53 qua
382 1573 123 53 constat
472 1573 112 53 terra,
550 1573 90 53 fuit
606 1573 112 53 lutosa
684 1573 112 53 massa,
763 1573 67 53 in
797 1573 90 53 rudi
853 1573 90 53 illa
909 1573 67 53 ac
931 1573 56 53 in-

183 1620 130 42 digesta
278 1620 142 42 aquisque
385 1620 166 42 circumfusa
515 1620 95 42 mole
574 1620 154 42 principio
693 1620 130 42 creata,
788 1620 142 42 innatans
894 1620 59 42 &
906 1620 83 42 aquis

184 1657 156 34 permista,
304 1657 96 34 quas
364 1657 96 34 Deus
423 1657 72 34 in
459 1657 96 34 unum
519 1657 108 34 locum
591 1657 156 34 confluere
711 1657 132 34 jussit,
806 1657 72 34 ut
842 1657 108 34 terra
902 1657 84 34 exun-

178 1691 137 33 dantibus
280 1691 103 33 aquis
348 1691 148 33 liberata,
462 1691 103 33 arida
531 1691 68 33 ac
565 1691 103 33 sicca
633 1691 159 33 appareret,
759 1691 68 33 ut
793 1691 103 33 Moses
861 1691 103 33 docet
918 1691 57 33 Ge-

178 1719 92 34 nes.
235 1719 69 34 1.
269 1719 69 34 v.
304 1719 69 34 9,
338 1719 80 34 10.
384 1719 80 34 non
430 1719 92 34 quod
488 1719 92 34 tota
545 1719 103 34 intus
614 1719 57 34 &
637 1719 103 34 foris
706 1719 92 34 omni
764 1719 126 34 penitus
856 1719 92 34 aqua
913 1719 57 34 &
925 1719 57 34 hu-

178 1757 92 37 more
235 1757 149 37 destituta
350 1757 92 37 sit:
407 1757 80 37 nam
453 1757 103 37 intra
522 1757 115 37 terram
603 1757 138 37 cavernae
706 1757 92 37 sunt
764 1757 103 37 aquae
833 1757 126 37 plenae,
925 1757 57 37 &
936 1757 46 37 a-

177 1784 99 34 quae
239 1784 87 34 per
288 1784 112 34 venas
363 1784 124 34 terrae
449 1784 124 34 fluunt
536 1784 186 34 siphonumque
685 1784 99 34 modo
747 1784 149 34 emicant,
858 1784 99 34 unde
908 1784 99 34 fontes

178 1815 169 36 scaturiunt
311 1815 145 36 infiniti
419 1815 60 36 &
443 1815 133 36 flumina
540 1815 145 36 oriuntur
648 1815 72 36 in
684 1815 145 36 montibus
793 1815 60 36 &
817 1815 157 36 vallibus:
926 1815 60 36 sed

185 1848 77 51 ita
229 1848 99 51 aquis
295 1848 121 51 detecta
383 1848 88 51 est,
438 1848 66 51 ut
471 1848 121 51 plantae
559 1848 66 51 in
592 1848 66 51 ea
626 1848 132 51 crescere
725 1848 55 51 &
747 1848 121 51 homines
835 1848 154 51 bestiaeque
945 1848 44 51 in

189 1879 68 46 ea
223 1879 136 46 habitare
314 1879 102 46 possint

219 1911 107 38 Forma
290 1911 119 38 terrae
374 1911 131 38 rotunda
469 1911 83 38 est
516 1911 83 38 per
564 1911 71 38 se
600 1911 59 38 &
623 1911 178 38 naturaliter
766 1911 143 38 secundum
873 1911 71 38 se
897 1911 95 38 consi-

187 1941 121 41 derata,
275 1941 88 41 etsi
330 1941 99 41 alibi
396 1941 88 41 sint
451 1941 110 41 montes
528 1941 99 41 etiam
594 1941 154 41 altissimi,
715 1941 99 41 alibi
781 1941 110 41 valles
858 1941 99 41 etiam
913 1941 66 41 pro-

193 1975 126 43 fundae,
284 1975 103 43 alibi
352 1975 148 43 planities
467 1975 183 43 amplissimae:
615 1975 103 43 sicut
684 1975 103 43 pomum
752 1975 137 43 rotundum
855 1975 91 43 est,
901 1975 91 43 etiasi

190 2012 67 38 in
223 2012 67 38 eo
257 2012 89 38 sint
313 2012 89 38 nodi
369 2012 123 38 aliquot
447 2012 134 38 eminentes.

219 2048 108 35 Fines
291 2048 120 35 terrae
374 2048 155 35 naturales
494 2048 155 35 explicant
614 2048 131 35 naturae
709 2048 191 35 indagatores:
865 2048 60 35 &
888 2048 96 35 usus
936 2048 60 35 me-

189 2071 99 43 dicos
255 2071 143 43 ostendunt
365 2071 121 43 Medici,
452 2071 77 43 nos
496 2071 66 43 ex
529 2071 154 43 Scripturis
650 2071 121 43 divinis
738 2071 154 43 asserimus,
858 2071 99 43 illam
913 2071 66 43 crea

188 2112 90 33 tam
240 2112 65 33 a
266 2112 90 33 Deo
317 2112 90 33 non
369 2112 129 33 tantum
459 2112 77 33 ut
498 2112 77 33 ex
536 2112 77 33 ea
575 2112 90 33 cum
627 2112 116 33 aliis
704 2112 168 33 elementis
820 2112 168 33 concurrente

193 2147 133 32 corpora
289 2147 108 32 varia
362 2147 205 32 generarentur,
530 2147 84 32 sed
578 2147 108 32 etiam
651 2147 72 32 ut
687 2147 181 32 habitationi
831 2147 133 32 hominum
928 2147 60 32 &
940 2147 48 32 a-

198 2173 110 39 liorum
275 2173 143 39 animalium
385 2173 165 39 terrestrium
517 2173 143 39 serviret.
626 2173 110 39 Psalm.
703 2173 121 39 115.16.
791 2173 88 39 Ipsi
846 2173 110 39 coeli,
912 2173 77 39 coelo

189 2207 93 41 sunt
248 2207 140 41 Iehovae;
352 2207 140 41 terraque
457 2207 93 41 quam
515 2207 105 41 dedit
585 2207 116 41 filiis
655 2207 116 41 hominum.

231 2236 105 42 Verum
302 2236 188 42 consideratio
454 2236 117 42 terrae
536 2236 70 42 de
571 2236 82 42 Dei
618 2236 164 42 sapientia,
747 2236 141 42 bonitate
852 2236 59 42 &
864 2236 129 42 potentia.

194 2275 80 37 nos
239 2275 136 37 admonet.
341 2275 114 37 Psalm.
421 2275 80 37 24.
466 2275 68 37 1,
500 2275 68 37 2.
535 2275 136 37 dicitur,
637 2275 125 37 Iehovae
728 2275 80 37 est
773 2275 102 37 terra
841 2275 57 37 &
864 2275 114 37 implet
932 2275 57 37 eam

192 2305 106 44 orbis
263 2305 176 44 habitabilis
403 2305 59 44 &
427 2305 164 44 habitantes
556 2305 70 44 in
591 2305 82 44 eo.
638 2305 82 44 Nam
685 2305 94 44 ipse
744 2305 106 44 super
814 2305 106 44 maria
873 2305 117 44 fundavit

190 2346 95 36 eam,
249 2346 59 36 &
273 2346 106 36 super
344 2346 130 36 flumina
438 2346 165 36 stabilivit
568 2346 118 36 illam.
651 2346 71 36 Et
687 2346 118 36 Psalm.
769 2346 95 36 136.
829 2346 71 36 6.
864 2346 83 36 Qui
899 2346 95 36 expan-

197 2370 77 40 dit
241 2370 110 40 terram
318 2370 99 40 super
384 2370 110 40 aquas:
462 2370 88 40 quia
517 2370 66 40 in
550 2370 121 40 saculum
638 2370 77 40 est
682 2370 154 40 benignitas
804 2370 99 40 ejus.
870 2370 66 40 2.
903 2370 88 40 Pet.
947 2370 44 40 3.

196 2411 66 35 v.
229 2411 66 35 5.
262 2411 121 35 dicitur
350 2411 110 35 terram
427 2411 66 35 ex
460 2411 88 35 aqua
515 2411 55 35 &
537 2411 66 35 in
570 2411 88 35 aqua
626 2411 165 35 consistere,
758 2411 77 35 hoc
802 2411 88 35 est,
857 2411 99 35 aquis
923 2411 66 35 in
945 2411 44 35 u-

197 2437 88 38 num
248 2437 113 38 locum
323 2437 163 38 collectis
448 2437 150 38 coepisse
560 2437 163 38 emergere.
686 2437 75 38 Ac
723 2437 138 38 proinde
823 2437 150 38 mirandum
923 2437 63 38 est

195 2472 93 37 quod
254 2472 93 37 quum
312 2472 140 37 universa
417 2472 93 37 haec
475 2472 117 37 terrae
557 2472 117 37 moles,
638 2472 82 37 non
685 2472 105 37 supra
755 2472 117 37 petras
837 2472 140 37 solidas,
942 2472 82 37 sed

199 2501 103 39 supra
267 2501 103 39 aquas
336 2501 114 39 molles
415 2501 171 39 instabiles,
552 2501 114 39 fluxas
632 2501 114 39 posita
712 2501 91 39 sit,
769 2501 80 39 non
815 2501 137 39 continuo
918 2501 80 39 cum
952 2501 34 39 a

212 2538 81 42 qua
259 2538 93 42 ipsa
317 2538 151 42 movcatur,
432 2538 58 42 &
456 2538 81 42 huc
502 2538 104 42 atque
571 2538 104 42 illuc
641 2538 151 42 fluctuet,
757 2538 93 42 quod
815 2538 81 42 non
861 2538 116 42 toties
931 2538 69 42 con-

202 2562 164 40 cutiatur,
328 2562 139 40 quoties
429 2562 76 40 in
467 2562 126 40 Oceano
555 2562 88 40 est
606 2562 176 40 tempestas.
744 2562 151 40 Mirandum
857 2562 88 40 est
908 2562 63 40 &
933 2562 88 40 hoc

213 2601 97 45 quod
274 2601 85 45 tam
322 2601 158 45 ponderosa
444 2601 122 45 terrae
529 2601 110 45 moles
602 2601 146 45 quiescat
712 2601 73 45 in
749 2601 110 45 mundi
822 2601 122 45 medio,
895 2601 97 45 nullis

203 2632 121 42 firmis
288 2632 134 42 molibus
385 2632 158 42 imposita,
506 2632 85 42 sed
555 2632 73 42 in
591 2632 97 42 aqua
652 2632 61 42 &
676 2632 97 42 aere
737 2632 134 42 undique
834 2632 146 42 pendens:
931 2632 73 42 quum

213 2669 160 38 videamus,
336 2669 123 38 minimi
422 2669 111 38 etiam
496 2669 148 38 ponderis
607 2669 160 38 frustulum
730 2669 74 38 si
767 2669 123 38 elatum
841 2669 148 38 dimittatur

211 2704 102 38 nulla
279 2704 91 38 alia
336 2704 68 38 re
370 2704 182 38 sustentatum,
518 2704 148 38 decidere,
631 2704 102 38 neque
699 2704 114 38 manere
779 2704 114 38 posse:
859 2704 102 38 terra
915 2704 80 38 autem

200 2739 82 29 non
247 2739 130 29 prorsus
342 2739 153 29 delabatur
459 2739 71 29 ad
495 2739 94 29 ima.
553 2739 71 29 Ad
589 2739 106 29 hujus
659 2739 82 29 rei
706 2739 188 29 admirationem
860 2739 106 29 vocat
918 2739 71 29 Deus

207 2766 100 40 ipse,
273 2766 88 40 quum
329 2766 77 40 ait
373 2766 88 40 Job.
428 2766 77 40 38.
472 2766 66 40 3,
505 2766 66 40 4,
539 2766 66 40 5,
572 2766 66 40 6.
605 2766 122 40 Accinge
693 2766 88 40 nunc
749 2766 66 40 ut
782 2766 77 40 vir
826 2766 111 40 lumbos
904 2766 100 40 tuos;
959 2766 33 40 &

203 2803 102 38 quod
267 2803 230 38 interrogabote,
459 2803 115 38 notum
535 2803 89 38 fac
586 2803 115 38 mihi.
663 2803 128 38 Ubinam
752 2803 102 38 eras
816 2803 102 38 quum
867 2803 128 38 fundaren

202 2829 126 35 terram?
293 2829 126 35 indica,
384 2829 69 35 si
419 2829 126 35 novisti
510 2829 217 35 intelligentiam.
693 2829 91 35 Quis
750 2829 148 35 disposuit
864 2829 137 35 mensurus
955 2829 46 35 e-

203 2864 95 40 jus;
263 2864 191 40 quandoquidem
418 2864 119 40 scitus
501 2864 83 40 es?
549 2864 83 40 aut
597 2864 95 40 quis
656 2864 143 40 extendit
764 2864 72 40 in
799 2864 72 40 ea
835 2864 143 40 regulam?
930 2864 72 40 Cui-

203 2899 145 40 rerbuses
311 2899 96 40 ejus
372 2899 145 40 dimersae
480 2899 169 40 incumbunt?
612 2899 84 40 aut
661 2899 96 40 quis
721 2899 108 40 jecit
793 2899 133 40 lapidem
878 2899 133 40 angularem

204 2930 98 41 ejus?
269 2930 65 41 Et
302 2930 87 41 Jes.
356 2930 76 41 40.
399 2930 76 41 12.
443 2930 87 41 Quis
497 2930 108 41 mensus
573 2930 76 41 est
616 2930 119 41 pugillo
703 2930 76 41 suo
747 2930 108 41 aquas,
823 2930 54 41 &
844 2930 108 41 coelos
909 2930 98 41 spitha-

204 2965 72 39 ma
240 2965 156 39 extendit,
360 2965 84 39 aut
408 2965 156 39 complexus
529 2965 84 39 est
577 2965 156 39 trientali
697 2965 144 39 pulverem
806 2965 132 39 terrae?
902 2965 60 39 &
914 2965 84 39 ponde

219 2998 110 34 ravit
292 2998 134 34 statera
389 2998 134 34 montes,
487 2998 61 34 &
511 2998 122 34 colles
596 2998 158 34 lancibus?
718 2998 61 34 O
742 2998 85 34 rem
791 2998 170 34 admirandam
913 2998 85 34 etiam

211 3028 162 40 Gentilibus
339 3028 116 40 ipsis:
420 3028 81 40 Nam
466 3028 174 40 Aristoteles
605 3028 127 40 quamvis
697 3028 93 40 homo
755 3028 150 40 Gentilis,
871 3028 93 40 lib.
929 3028 69 40 2.
952 3028 46 40 d.

211 3062 111 41 Coelo,
289 3062 89 41 cap.
344 3062 67 41 13
377 3062 89 41 ait:
433 3062 89 41 T
610 3062 144 41 ,
787 3062 155 41 ,

457 3093 91 44 ,
559 3093 170 44 l
695 3093 113 44 ,
944 3093 57 44 o

320 3121 138 39 ,
469 3121 117 39 :
692 3121 95 39 ,
872 3121 138 39 ,

288 3157 139 46 ,
693 3157 70 46 id
728 3157 93 46 est:
786 3157 139 46 Forsitan
890 3157 81 46 est
925 3157 81 46 menti

988 165 150 43 vacantis
1100 165 150 43 ratione,
1212 165 87 43 non
1262 165 162 43 admirari,
1387 165 125 43 curnam
1475 165 112 43 parva
1550 165 137 43 quaedam
1650 165 100 43 pars
1700 165 112 43 terrae,

1001 200 66 42 si
1034 200 121 42 clevata
1122 200 165 42 dimittatur,
1253 200 110 42 fertur
1330 200 176 42 quiescereque
1473 200 77 42 non
1517 200 110 42 solet,
1594 200 132 42 majorque
1692 200 110 42 semper
1758 200 55 42 ce-

999 240 121 46 terius
1084 240 133 46 fertur:
1181 240 145 46 universa
1290 240 109 46 autem
1363 240 121 46 terra,
1447 240 73 46 si
1484 240 145 46 quispiam
1593 240 109 46 ipsam
1666 240 145 46 sublimem
1763 240 48 46 e-

1008 267 162 49 levatamque
1135 267 150 49 demittat,
1251 267 104 49 ferri
1320 267 81 49 non
1366 267 127 49 potest,
1459 267 92 49 nunc
1516 267 92 49 vero
1574 267 115 49 tantum
1655 267 115 49 pondus
1736 267 92 49 quie

1008 299 109 43 scit.
1081 299 85 43 Ita
1129 299 109 43 docet
1202 299 194 43 Aristoteles,
1359 299 121 43 terram
1444 299 157 43 immobilem
1565 299 109 43 esse.
1637 299 157 43 Statuimus
1746 299 61 43 er-

1012 337 84 42 go,
1060 337 121 42 terram
1145 337 96 42 esse
1205 337 157 42 immobilem
1326 337 60 42 &
1350 337 157 42 quiescere
1470 337 72 42 in
1506 337 109 42 medio
1579 337 121 42 mundi,
1663 337 72 42 id
1699 337 96 42 est,
1748 337 60 42 nec

1016 376 100 31 recto
1083 376 89 31 motu
1138 376 111 31 cieri,
1216 376 100 31 volvi
1283 376 56 31 &
1306 376 111 31 ferri,
1384 376 78 31 nec
1428 376 156 31 circulari:
1551 376 67 31 ac
1584 376 111 31 rursus
1662 376 100 31 neque
1718 376 89 31 natura

1014 401 87 42 si,
1063 401 111 42 neque
1137 401 161 42 violento,
1261 401 111 42 neque
1335 401 136 42 praeter
1434 401 148 42 naturam.
1545 401 111 42 Causa
1619 401 210 42 immobilitatis
1780 401 37 42 &

1012 430 172 44 stabilitatis
1152 430 108 44 terrae
1228 430 151 44 intrinseca
1346 430 108 44 quidem
1422 430 54 44 &
1443 430 151 44 naturalis,
1562 430 75 44 est
1605 430 108 44 nativa
1681 430 108 44 terrae
1745 430 65 44 gra-

1011 465 113 41 vitas;
1090 465 102 41 prima
1158 465 102 41 autem
1226 465 68 41 ac
1260 465 181 41 principalis,
1408 465 79 41 est
1453 465 136 41 potentia
1555 465 91 41 Dei,
1612 465 68 41 ut
1646 465 113 41 divina
1714 465 102 41 eloquia

1014 497 130 51 docent.
1109 497 106 51 Jobus
1179 497 94 51 cap.
1239 497 83 51 26.
1286 497 71 51 v.
1321 497 71 51 7.
1357 497 83 51 ait
1404 497 71 51 de
1439 497 94 51 Deo:
1498 497 83 51 Qui
1545 497 142 51 extendit
1652 497 153 51 Aquilonem
1758 497 59 51 su-

1017 538 84 38 per
1065 538 120 38 inane:
1149 538 156 38 suspendit
1269 538 120 38 terram
1353 538 108 38 super
1426 538 144 38 nihilum,
1534 538 72 38 id
1570 538 96 38 est,
1630 538 120 38 terram
1714 538 72 38 in
1738 538 84 38 media

1013 564 111 42 mundi
1087 564 99 42 sede
1149 564 148 42 statuit,
1260 564 124 42 ibique
1346 564 161 42 immobilem
1470 564 111 42 tenet
1544 564 124 42 absque
1631 564 173 42 fundamento
1754 564 62 42 mo-

1011 597 84 47 lis
1059 597 145 47 alicujus
1168 597 145 47 solidae,
1276 597 121 47 absque
1361 597 169 47 adminiculo
1493 597 145 47 petrarum
1602 597 60 47 &
1626 597 145 47 saxorum,
1723 597 96 47 quibus

1012 632 99 41 ampla
1078 632 143 41 aedificia
1188 632 132 41 alioquin
1287 632 110 41 imponi
1364 632 121 41 solent.
1451 632 110 41 Psalm.
1528 632 77 41 93.
1572 632 99 41 vers.
1638 632 66 41 1.
1671 632 132 41 legitur,
1759 632 55 41 Do-

1007 665 105 42 minus
1077 665 140 42 firmavit
1182 665 105 42 orbem
1253 665 128 42 terrae,
1346 665 82 42 qui
1393 665 82 42 non
1439 665 187 42 dimovebitur.
1591 665 70 42 Et
1626 665 93 42 Psa.
1685 665 93 42 104.
1743 665 70 42 v.
1766 665 47 42 5.

1011 699 146 38 Fundavit
1121 699 122 38 terram
1206 699 110 38 super
1279 699 110 38 bases
1352 699 110 38 ejus,
1426 699 73 38 ne
1462 699 183 38 dimoveretur
1609 699 73 38 in
1645 699 134 38 saculum
1743 699 61 38 &
1755 699 61 38 in-

1030 737 139 32 erpetuum.
1137 737 64 32 Et
1169 737 96 32 Jesa.
1234 737 75 32 42.
1276 737 64 32 v.
1308 737 64 32 5.
1340 737 75 32 Sic
1383 737 75 32 ait
1426 737 86 32 Deus
1479 737 86 32 ille
1533 737 107 32 fortis
1608 737 107 32 Iehova
1683 737 107 32 creans
1747 737 64 32 coe-

1022 764 82 39 los
1069 764 59 39 &
1093 764 152 39 extendens
1210 764 94 39 eos,
1268 764 129 39 firmans
1362 764 129 39 terram,
1444 764 59 39 &c.

1042 795 83 39 Hac
1089 795 118 39 terrae
1172 795 154 39 firmitate
1290 795 59 39 &
1314 795 177 39 stabilitate
1456 795 130 39 admonet
1550 795 83 39 nos
1598 795 95 39 Deus
1657 795 71 39 de
1680 795 142 39 stabilita-

1014 829 66 40 te
1047 829 153 40 decretorum
1167 829 197 40 promissorumque
1331 829 120 40 suorum,
1419 829 66 40 ut
1452 829 88 40 Jes.
1507 829 77 40 44.
1550 829 66 40 v.
1583 829 77 40 19.
1627 829 131 40 legitur:
1725 829 77 40 Sic
1758 829 55 40 ai-

1010 865 122 40 Iehova
1095 865 122 40 vindex
1180 865 110 40 tuus,
1253 865 61 40 &
1278 865 146 40 formator
1387 865 97 40 tuus
1448 865 73 40 ex
1484 865 122 40 utero:
1570 865 85 40 ego
1618 865 122 40 Iehova
1703 865 110 40 facio
1764 865 49 40 o-

1011 893 102 50 mnia,
1079 893 113 50 extedo
1158 893 113 50 coelos
1237 893 113 50 solus,
1316 893 125 50 expando
1407 893 113 50 terram
1486 893 79 50 per
1532 893 136 50 meipsum.
1633 893 68 50 Et
1667 893 68 50 c.
1701 893 79 50 48.
1747 893 68 50 v.
1769 893 57 50 13:

1018 926 118 43 Manus
1097 926 92 43 mea
1149 926 157 43 fundavit
1267 926 131 43 terram
1359 926 66 43 &
1385 926 157 43 dexterae
1503 926 92 43 mea
1556 926 131 43 palmus
1647 926 157 43 extendit
1752 926 79 43 coe-

1025 962 94 40 los:
1084 962 71 40 me
1119 962 130 40 vocante
1214 962 82 40 ea,
1261 962 165 40 consistunt
1390 962 141 40 pariter.
1496 962 130 40 Admonet
1590 962 82 40 nos
1638 962 71 40 de
1673 962 141 40 potentia
1767 962 59 40 sua

1012 994 69 42 in
1046 994 160 42 defendenda
1172 994 57 42 &
1194 994 171 42 conservanda
1332 994 149 42 Ecclesia,
1446 994 80 42 Ps.
1492 994 91 42 125.
1549 994 69 42 v.
1583 994 69 42 1,
1617 994 69 42 2.
1652 994 80 42 Qui
1686 994 137 42 confidunt,

1026 1029 142 36 Iehovae,
1133 1029 130 36 similes
1228 1029 95 36 sunt
1287 1029 107 36 monti
1358 1029 154 36 Tziionis:
1476 1029 83 36 qui
1524 1029 83 36 non
1571 1029 166 36 dimovetur,
1702 1029 71 36 in
1725 1029 107 36 saculum

1029 1063 158 41 permanet.
1151 1063 73 41 Vt
1187 1063 170 41 Ierosolyma
1321 1063 122 41 montes
1406 1063 195 41 circumstant,
1564 1063 85 41 ita
1613 1063 122 41 Iehova
1686 1063 146 41 circumstat

1017 1093 133 46 populum
1114 1093 109 46 suum,
1186 1093 73 46 ex
1222 1093 85 46 hoc
1271 1093 133 46 tempore
1367 1093 109 46 usque
1440 1093 73 46 in
1464 1093 121 46 saculum.

1047 1123 154 45 Praeterea
1166 1123 131 45 mystice
1261 1123 107 45 terra
1332 1123 166 45 significat
1463 1123 166 45 Ecclesiam,
1593 1123 119 45 eamque
1677 1123 143 45 inprimis
1772 1123 59 45 re-

1024 1159 143 44 novatam
1128 1159 65 44 &
1154 1159 195 44 instauratam
1310 1159 91 44 per
1362 1159 169 44 Christum.
1493 1159 91 44 Quo
1545 1159 156 44 pertinet
1662 1159 104 44 quod
1714 1159 117 44 legitur

1029 1193 110 38 Jesa.
1102 1193 86 38 65.
1151 1193 86 38 17.
1200 1193 98 38 Ecce
1262 1193 86 38 ego
1311 1193 159 38 creaturus
1433 1193 86 38 sum
1482 1193 123 38 coelos
1568 1193 110 38 novos
1641 1193 61 38 &
1666 1193 123 38 terram
1739 1193 86 38 novam

1019 1229 72 45 Et
1055 1229 96 45 cap.
1115 1229 84 45 66.
1163 1229 84 45 22.
1210 1229 179 45 Quemadmodum
1354 1229 108 45 coeli
1426 1229 96 45 illi
1485 1229 96 45 novi
1545 1229 60 45 &
1569 1229 108 45 terra
1641 1229 96 45 ipsa
1700 1229 96 45 nova
1760 1229 96 45 qui

1026 1259 81 54 ego
1073 1259 139 54 facturus
1177 1259 93 54 sum,
1235 1259 162 54 constituta
1363 1259 93 54 sunt
1421 1259 104 54 coram
1490 1259 81 54 me,
1537 1259 104 54 dicit
1606 1259 128 54 Iehova,
1699 1259 81 54 ita
1734 1259 104 54 consti-

1022 1292 119 38 turum
1101 1292 92 38 est
1154 1292 119 38 semen
1233 1292 145 38 vestrum
1338 1292 66 38 &
1364 1292 119 38 nomen
1430 1292 132 38 vestrum.

1057 1323 131 44 Effecta
1152 1323 131 44 terrae,
1247 1323 95 44 quae
1307 1323 95 44 ipsa
1366 1323 154 44 producit,
1485 1323 95 44 sunt
1544 1323 154 44 innumera.
1663 1323 83 44 Est
1710 1323 95 44 enim
1758 1323 83 44 mater

1025 1357 114 42 omnium
1104 1357 217 42 foecundissinia,
1287 1357 126 42 optima,
1378 1357 160 42 indefessa,
1504 1357 205 42 patientissima,
1664 1357 171 42 contiantissi-

1029 1392 83 38 ma,
1077 1392 190 38 fidelissima,
1231 1392 214 38 liberalissima;
1409 1392 71 38 ac
1445 1392 131 38 proinde
1540 1392 107 38 talis
1611 1392 95 38 quae
1671 1392 119 38 omnium
1742 1392 83 38 oprim

1037 1428 138 38 naturam
1138 1428 188 38 ingeniumque
1288 1428 88 38 Dei
1338 1428 113 38 nobis
1413 1428 213 38 repraesentet.
1588 1428 88 38 Num
1638 1428 113 38 intra
1701 1428 125 38 segignit

1029 1452 120 46 exempli
1117 1452 120 46 gratia,
1204 1452 142 46 fossilia:
1314 1452 99 46 extra
1379 1452 77 46 se,
1423 1452 120 46 exempli
1511 1452 109 46 itidem
1587 1452 109 46 gratna
1664 1452 88 46 plae
1719 1452 88 46 atus
1762 1452 66 46 omni

1037 1489 135 51 generis:
1138 1489 101 51 Eaque
1206 1489 68 51 in
1239 1489 68 51 re
1273 1489 79 51 tum
1318 1489 146 51 bonitatis
1431 1489 191 51 liberalitatis
1588 1489 90 51 quae
1645 1489 101 51 omine
1712 1489 79 51 nos
1746 1489 90 51 adino-

1032 1524 93 39 net;
1091 1524 82 39 tum
1137 1524 105 39 etiam
1207 1524 128 39 naturae
1300 1524 93 39 boni
1358 1524 58 39 &
1382 1524 163 39 regenerati
1510 1524 128 39 cordis,
1603 1524 105 39 vecoi
1673 1524 116 39 divini
1743 1524 93 39 semen-

1031 1556 182 37 excipientis
1176 1556 61 37 &
1201 1556 133 37 fructum
1298 1556 182 37 multiplicem
1443 1556 182 37 proferentis
1589 1556 121 37 Matth.
1673 1556 97 37 15v.
1734 1556 85 37 68.
1770 1556 61 37 Heb

1038 1585 83 44 68.
1085 1585 71 44 v.
1121 1585 71 44 7.
1156 1585 130 44 Admoner
1250 1585 94 44 item
1309 1585 106 44 grati
1380 1585 106 44 animi
1451 1585 94 44 erga
1510 1585 200 44 benefactores:
1675 1585 83 44 nam
1722 1585 118 44 gratus
1793 1585 47 44 a-

1029 1623 110 43 nimus
1102 1623 147 43 fertiles
1212 1623 110 43 agros
1286 1623 147 43 imitatur
1396 1623 61 43 &
1421 1623 184 43 benefactori
1568 1623 135 43 ubertim
1666 1623 159 43 beneficia
1776 1623 61 43 re-

1047 1650 103 38 pendit.

1058 1685 101 44 Etsi
1122 1685 114 44 autem
1198 1685 114 44 nobis
1274 1685 177 44 propositum
1413 1685 89 44 non
1464 1685 89 44 est
1515 1685 165 44 historiam
1641 1685 114 44 rerum
1717 1685 101 44 quas
1768 1685 76 44 ter-

1035 1709 71 48 ra
1071 1709 153 48 producit,
1188 1709 83 48 hoc
1236 1709 94 48 loco
1295 1709 153 48 contexere
1413 1709 59 48 &
1436 1709 118 48 causas
1519 1709 130 48 illarum
1613 1709 106 48 atque
1672 1709 165 48 proprietates

1033 1754 148 38 naturales
1146 1754 159 38 explanare:
1272 1754 102 38 tamen
1340 1754 80 38 non
1385 1754 91 38 erit
1442 1754 57 38 a
1465 1754 114 38 nostro
1545 1754 148 38 instituto
1658 1754 137 38 alienum,
1761 1754 68 38 si
1783 1754 46 38 ea

1035 1785 217 39 commemoremus
1212 1785 81 39 ut
1252 1785 122 39 opera
1334 1785 108 39 Dei,
1401 1785 68 39 &
1428 1785 163 39 quatenus
1550 1785 81 39 ad
1591 1785 95 39 Dei
1645 1785 203 39 cognitionem
1794 1785 41 39 &

1035 1821 133 39 nostram
1132 1821 205 39 institutionem
1301 1821 133 39 faciunt
1397 1821 97 39 ipsa
1458 1821 157 39 Scriptura
1578 1821 109 39 Sacra
1651 1821 109 39 duce.
1723 1821 72 39 De
1747 1821 85 39 Fossi

1034 1847 114 48 libus
1111 1847 114 48 primo
1187 1847 102 48 loco
1238 1847 114 48 agemus.

1246 1925 320 61 CAPUT
1424 1925 178 61 XX.

1290 1980 79 67 In
1329 1980 92 67 quo
1382 1980 79 67 de
1409 1980 171 67 fossilibus.

1028 2037 164 98 TOSSILIA
1151 2037 164 98 dicuntur
1274 2037 109 98 quae
1342 2037 68 98 e
1369 2037 123 98 terra
1451 2037 218 98 effodiuntur,
1628 2037 82 98 in
1669 2037 95 98 qua
1710 2037 136 98 generata

1086 2085 107 39 sunt.
1158 2085 95 39 Sunt
1217 2085 107 39 autem
1289 2085 95 39 tria
1348 2085 155 39 fossilium
1468 2085 131 39 genera:
1563 2085 143 39 metalla,
1670 2085 131 39 lapides
1765 2085 60 39 &
1777 2085 60 39 me-

1090 2115 81 42 dia
1137 2115 127 42 quaedam
1229 2115 104 42 inter
1299 2115 104 42 haec.
1369 2115 70 42 De
1403 2115 116 42 quorum
1484 2115 93 42 loco
1542 2115 139 42 genitali
1647 2115 127 42 dicitur
1739 2115 93 42 Jobi
1786 2115 46 42 2S

1041 2149 70 42 v.
1076 2149 70 42 1.
1111 2149 82 42 Nam
1158 2149 82 42 est
1204 2149 128 42 argento
1298 2149 140 42 eductio;
1402 2149 58 42 &
1426 2149 105 42 locus
1496 2149 93 42 auro
1554 2149 93 42 quod
1612 2149 128 42 liquant
1694 2149 151 42 metallarii,

1028 2182 116 48 Ferrum
1109 2182 58 48 e
1133 2182 127 48 pulvere
1225 2182 139 48 sumitur:
1329 2182 58 48 &
1352 2182 104 48 lapis
1422 2182 139 48 funditur
1526 2182 69 48 ut
1560 2182 93 48 aes.
1618 2182 69 48 Et
1653 2182 69 48 v.
1688 2182 69 48 6.
1722 2182 81 48 Est
1757 2182 81 48 locus

1041 2217 105 38 cujus
1111 2217 128 38 lapides
1204 2217 93 38 sunt
1262 2217 163 38 sapphirus,
1390 2217 140 38 habetque
1495 2217 93 38 auri
1553 2217 151 38 pulveres.
1670 2217 151 38 Teperavit
1774 2217 70 38 enim

1047 2243 99 42 Deus
1108 2243 111 42 omnia
1182 2243 86 42 hoc
1231 2243 123 42 pacto,
1318 2243 74 42 ut
1355 2243 148 42 noluerit
1465 2243 123 42 ubique
1552 2243 111 42 omnia
1626 2243 135 42 metalla
1712 2243 123 42 generati

1036 2279 77 44 sed
1080 2279 99 44 alibi
1146 2279 99 44 unum,
1211 2279 99 44 alibi
1277 2279 109 44 aliud.
1353 2279 120 44 Metalla
1441 2279 55 44 &
1463 2279 120 44 lapides
1550 2279 131 44 pretiosi
1649 2279 99 44 nihil
1715 2279 88 44 sunt
1769 2279 66 44 si
1791 2279 55 44 cum

1039 2311 133 44 sapientia
1141 2311 72 44 Dei
1182 2311 164 44 conferantur,
1315 2311 82 44 Job.
1367 2311 72 44 28.
1408 2311 61 44 v.
1438 2311 72 44 13,
1479 2311 72 44 14,
1520 2311 72 44 15,
1561 2311 72 44 16,
1602 2311 72 44 17,
1643 2311 72 44 18,
1684 2311 72 44 19.
1725 2311 92 44 Psal.
1777 2311 61 44 119.

1044 2338 72 42 72.
1085 2338 123 42 Proverb.
1177 2338 62 42 3.
1208 2338 62 42 v.
1229 2338 51 42 14.

1073 2365 145 58 Metalla
1178 2365 92 58 sex
1231 2365 132 58 numero
1323 2365 197 58 recensentur
1481 2365 132 58 Numer.
1573 2365 92 58 31.
1625 2365 92 58 22.
1678 2365 118 58 Aurum
1757 2365 66 58 &
1770 2365 66 58 ar-

1046 2411 135 42 gentum,
1144 2411 86 42 aes
1193 2411 135 42 ferrum,
1291 2411 135 42 stannum
1390 2411 160 42 &plumbum.
1512 2411 98 42 Haec
1574 2411 74 42 ut
1611 2411 123 42 creata
1697 2411 98 42 sunt
1758 2411 61 42 a
1770 2411 74 42 Deo.

1043 2440 81 40 ita
1090 2440 105 40 etiam
1160 2440 93 40 sunt
1218 2440 93 40 Dei;
1276 2440 70 40 ac
1311 2440 128 40 proinde
1404 2440 81 40 non
1451 2440 93 40 sunt
1509 2440 105 40 idola
1578 2440 93 40 inde
1637 2440 174 40 fabricanda,
1765 2440 81 40 nequo

1037 2473 126 38 idolis
1126 2473 202 38 consecranda.
1290 2473 164 38 Quamobrem
1417 2473 177 38 expostulat
1556 2473 101 38 Deus
1619 2473 89 38 cum
1670 2473 139 38 Judaeis
1758 2473 76 38 quod

1042 2502 65 42 ex
1075 2502 86 42 auto
1128 2502 54 42 &
1150 2502 119 42 argento
1236 2502 140 42 divinitus
1344 2502 97 42 dato,
1409 2502 97 42 idola
1473 2502 86 42 sibi
1527 2502 151 42 fecissent,
1646 2502 108 42 Ezech.
1721 2502 75 42 16.
1765 2502 65 42 v.
1786 2502 54 42 17.

1042 2537 69 45 ex
1076 2537 92 45 auro
1133 2537 80 45 meo
1179 2537 57 45 &
1202 2537 69 45 ex
1237 2537 126 45 argento
1328 2537 92 45 meo,
1386 2537 92 45 quae
1443 2537 126 45 dederam
1535 2537 103 45 tibi,
1604 2537 126 45 fecisti
1696 2537 92 45 tibi
1742 2537 80 45 imagi

1045 2571 78 39 nes
1089 2571 133 39 masculi:
1189 2571 67 39 ut
1222 2571 166 39 scortareris
1355 2571 78 39 cum
1400 2571 89 39 eis.
1455 2571 67 39 Et
1488 2571 78 39 cum
1533 2571 155 39 Gentilibus
1655 2571 100 39 Joel.
1721 2571 67 39 3.
1754 2571 67 39 5.
1777 2571 55 39 Ar-

1046 2602 129 41 gentum
1137 2602 103 41 meum
1201 2602 65 41 &
1227 2602 116 41 aurum
1304 2602 103 41 meum
1369 2602 155 41 capitis,
1485 2602 65 41 &
1511 2602 220 41 desiderubilia
1692 2602 90 41 mea
1731 2602 103 41 optima

1043 2637 144 37 infertis
1151 2637 72 37 in
1187 2637 120 37 templa
1271 2637 132 37 vestra.
1367 2637 96 37 Hinc
1427 2637 108 37 etiam
1499 2637 180 37 colligimus,
1643 2637 96 37 Deum
1703 2637 108 37 nobis
1763 2637 60 37 ab-

1041 2675 94 35 unde
1100 2675 94 35 auti
1159 2675 59 35 &
1182 2675 129 35 argenti
1276 2675 141 35 daturum,
1382 2675 71 35 si
1418 2675 59 35 e
1441 2675 71 35 re
1476 2675 118 35 nostra
1559 2675 106 35 esset
1629 2675 82 35 aut
1676 2675 71 35 ad
1712 2675 118 35 cultum
1782 2675 59 35 Dei

1044 2705 120 41 omnino
1128 2705 204 41 requireretur:
1296 2705 108 41 sicut
1368 2705 108 41 dicit
1440 2705 120 41 Chagg.
1525 2705 72 41 1.
1561 2705 72 41 8.
1597 2705 96 41 Meum
1657 2705 84 41 est
1705 2705 144 41 argentum
1801 2705 36 41 &

1040 2735 99 37 meum
1101 2735 87 37 est
1151 2735 124 37 aurum,
1237 2735 111 37 dicit
1312 2735 124 37 Ichova
1398 2735 185 37 exercituum.
1547 2735 74 37 q.
1584 2735 74 37 d.
1621 2735 99 37 quod
1683 2735 111 37 prior
1744 2735 87 37 domu-

1044 2770 94 34 auro
1103 2770 59 34 &
1127 2770 130 34 argento
1221 2770 118 34 ornata
1304 2770 106 34 fuit,
1375 2770 71 34 ne
1410 2770 142 34 afficiat
1516 2770 94 34 vos:
1575 2770 83 34 nam
1623 2770 94 34 illa
1682 2770 83 34 tam
1729 2770 83 34 mei
1764 2770 83 34 juris

1044 2799 99 42 sunt
1105 2799 99 42 quam
1167 2799 99 42 olim
1229 2799 148 42 fuerint;
1340 2799 86 42 ego
1389 2799 99 42 auri
1451 2799 62 42 &
1476 2799 136 42 argenti
1575 2799 123 42 montes
1661 2799 123 42 creare
1748 2799 62 42 &
1760 2799 74 42 dare

1040 2830 112 44 vobis
1114 2830 137 44 possem,
1214 2830 75 44 si
1251 2830 112 44 autum
1326 2830 75 44 ad
1363 2830 125 44 cultum
1451 2830 100 44 meum
1513 2830 149 44 praecise
1613 2830 149 44 requirerem

1086 2867 97 35 Auri
1146 2867 133 35 materia
1243 2867 85 35 est
1291 2867 97 35 aqua
1352 2867 60 35 &
1376 2867 121 35 terra,
1460 2867 85 35 sed
1509 2867 157 35 copiosior
1630 2867 97 35 aqua
1690 2867 97 35 quam
1738 2867 97 35 terras

1060 2897 129 37 partibus
1157 2897 140 37 utriusque
1265 2897 86 37 bene
1318 2897 140 37 compactis
1426 2897 118 37 calore,
1512 2897 108 37 densis
1588 2897 54 37 &
1609 2897 118 37 flavis:
1695 2897 75 37 sic
1738 2897 65 37 ut
1760 2897 75 37 autum

1044 2934 69 37 si
1079 2934 139 37 materiam
1183 2934 92 37 ejus
1241 2934 139 37 spectes,
1345 2934 115 37 revera
1425 2934 104 37 nihil
1495 2934 81 37 sit
1541 2934 104 37 aliud
1610 2934 92 37 quam
1668 2934 104 37 lutum
1726 2934 115 37 splendi-

1050 2960 99 45 dius
1111 2960 62 45 &
1124 2960 160 45 compactius.

1087 2983 107 55 Finis
1158 2983 95 55 auti
1218 2983 83 55 est
1265 2983 166 55 multiplex:
1395 2983 83 55 non
1443 2983 107 55 solum
1514 2983 95 55 enim
1573 2983 71 55 ad
1609 2983 119 55 alenda
1692 2983 130 55 corpora
1775 2983 59 55 non

1053 3029 112 47 stra,
1127 3029 75 47 ad
1165 3029 187 47 valetudinem
1315 3029 212 47 conservandam,
1489 3029 75 47 ad
1527 3029 125 47 morbos
1614 3029 150 47 curandos
1714 3029 125 47 prodest;

1048 3064 115 42 verum
1125 3064 115 42 etium
1201 3064 76 42 ad
1239 3064 217 42 negotiationem
1418 3064 89 42 cum
1469 3064 166 42 hominibus
1596 3064 127 42 aliis,
1685 3064 64 42 &
1698 3064 140 42 justitiam

1049 3099 195 38 commutativam
1207 3099 183 38 exercendam,
1354 3099 73 38 ut
1390 3099 85 38 pro
1439 3099 98 38 auto
1500 3099 122 38 merces
1585 3099 110 38 alias
1658 3099 134 38 nostris
1744 3099 98 38 usibus

1050 3129 183 41 necessarias
1196 3129 110 41 atque
1269 3129 110 41 aptas
1343 3129 195 41 permutatione
1501 3129 122 41 quadam
1587 3129 183 41 conparemus:
1733 3129 85 41 que
1770 3129 73 41 usam

1060 3162 90 41 ttia
1116 3162 90 41 alia
1172 3162 124 41 metalla
1263 3162 124 41 habent.
1353 3162 90 41 Quin
1409 3162 101 41 etiam
1477 3162 68 41 ad
1510 3162 124 41 ornatum
1600 3162 135 41 decentem
1702 3162 56 41 &
1724 3162 90 41 alia
1769 3162 68 41 vita
