2063 3391
198 157 85 56 qui
246 157 133 56 amatore
343 157 133 56 erroris
439 157 97 56 erat
500 157 157 56 doctrinam
621 157 157 56 Ecclesiae
741 157 169 56 infecturus
874 157 109 56 eoque
935 157 60 56 mul

192 211 111 31 torum
265 211 135 31 hominum
364 211 123 31 animas
450 211 221 31 interfecturus:
634 211 123 31 qualis
720 211 123 31 stella
806 211 98 31 fuit
868 211 123 31 Paulus
942 211 61 31 Sa-

195 238 142 43 mosatenus
304 238 66 43 in
337 238 131 43 Ecclesia
436 238 164 43 Antiochena.
567 238 66 43 Et
600 238 87 43 cap.
654 238 66 43 9.
687 238 98 43 vers.
753 238 66 43 1.
785 238 131 43 dicitur,
884 238 87 43 Vidi
927 238 77 43 stel-

198 270 85 43 lam
246 270 61 43 e
271 270 109 43 coelo
343 270 157 43 cecidisse
464 270 73 43 in
501 270 133 43 terram,
597 270 73 43 id
634 270 97 43 est,
694 270 157 43 Episcopum
815 270 133 43 Romanum
912 270 85 43 qui
948 270 61 43 an-

202 300 81 41 tea
249 300 93 41 pure
307 300 151 41 docuerat,
423 300 58 41 a
447 300 93 41 vere
505 300 151 41 Catholica
621 300 140 41 Ecclesia
714 300 128 41 defecisse

238 325 121 48 Stellae
326 325 143 48 erraticae
436 325 66 48 in
468 325 132 48 epistola
567 325 99 48 Judae
633 325 66 48 v.
666 325 77 48 13.
710 325 110 48 quibus
787 325 165 48 comparantur
907 325 99 48 profan-

203 366 170 38 seductores,
339 366 80 38 non
384 366 91 38 sunt
441 366 125 38 stellae
532 366 114 38 illae,
612 366 91 38 quae
668 366 68 38 ab
703 366 159 38 Astronomis
828 366 136 38 Planetae
918 366 80 38 vocan

201 401 96 41 tur,
261 401 132 41 nimirum
357 401 156 41 Saturnus,
477 401 144 41 Jupiter,
585 401 108 41 Mars,
656 401 96 41 Sol;
716 401 120 41 Venus,
800 401 168 41 Mercurius,
920 401 84 41 Luna-

214 436 90 39 quae
270 436 124 39 quamvis
360 436 112 39 nullae
439 436 79 39 (ut
484 436 79 39 ait
529 436 135 39 Plinius)
630 436 112 39 errent
709 436 101 39 minus
776 436 112 39 illis,
855 436 101 39 tamen
911 436 90 39 erran-

206 468 87 38 tes
255 468 150 38 dicuntur
368 468 75 38 ex
405 468 150 38 opinione
517 468 62 38 &
542 468 137 38 communi
642 468 137 38 judicio
742 468 137 38 sensus:
842 468 87 38 Nam
879 468 125 38 breviore

204 505 98 39 orbe
265 505 73 39 ac
302 505 110 39 multo
375 505 196 39 propinquiore
534 505 220 39 citcumaguntur,
717 505 73 39 ex
754 505 86 39 quo
803 505 86 39 sit
852 505 73 39 ut
889 505 110 39 multo
950 505 61 39 ma-

205 534 74 40 gis
248 534 84 40 quam
300 534 116 40 stellae
385 534 95 40 fixae
448 534 106 40 errate
522 534 148 40 videantur.
638 534 74 40 Sed
680 534 127 40 errantes
775 534 116 40 stellae
860 534 74 40 ibi
891 534 106 40 intelli-

205 574 112 32 guntur
283 574 112 32 ἀσερες
362 574 157 32 δαθεοντες,
486 574 124 32 stellae
576 574 191 32 discurrentes,
733 574 90 32 quae
789 574 112 32 revera
868 574 124 32 stellae
947 574 56 32 non

201 601 104 39 sunt,
271 601 81 39 sed
317 601 185 39 exhalationes
468 601 174 39 infiammatae
607 601 69 39 in
641 601 93 39 aere
699 601 69 39 in
734 601 116 39 longum
815 601 116 39 ductae
884 601 116 39 cadenti-

209 632 79 34 bus
254 632 125 34 stellis
345 632 170 34 persimiles,
481 632 68 34 de
515 632 113 34 quibus
594 632 170 34 Aristoteles
731 632 102 34 libro
799 632 102 34 primo
867 632 68 34 de
890 632 113 34 Meteoris

200 664 95 41 cap.
260 664 71 41 4.
295 664 83 41 Nam
343 664 202 41 pseudapostoli
510 664 60 41 &
534 664 226 41 pseudodidascali
724 664 155 41 speciosam
843 664 107 41 lucem
903 664 107 41 praese-

205 695 134 40 ferunt,
302 695 85 40 sed
351 695 85 40 eam
400 695 146 40 mendacem
510 695 110 40 atque
583 695 183 40 instabilem,
729 695 122 40 estque
815 695 110 40 illis
888 695 122 40 caligo
961 695 49 40 in

207 730 149 35 aeternum
318 730 149 35 servata:
430 730 186 35 quemadmodum
579 730 136 35 stellae
678 730 198 35 discurrentes
839 730 112 35 lucem
901 730 99 35 subito

206 765 206 31 evanescentem
373 765 180 31 ostendunt,
515 765 90 31 sed
566 765 90 31 mox
618 765 154 31 perpetua
734 765 116 31 nocte
811 765 180 31 conduntur,
940 765 64 31 nec

210 796 105 44 ullum
280 796 152 44 vestigium
397 796 82 44 sui
443 796 175 44 relinquunt.
583 796 82 44 Sic
630 796 140 44 breviter
735 796 117 44 vitium
816 796 58 44 &
840 796 128 44 exitium
921 796 82 44 sedu-

202 828 122 44 ctorum
275 828 207 44 repraesentatur.

235 849 135 57 Stellam
333 849 172 57 peculiarem
468 849 135 57 Christo
566 849 98 57 nato
627 849 110 57 Magis
701 849 123 57 visam,
786 849 135 57 legitur
884 849 123 57 Matth.
958 849 49 57 2.

193 894 70 37 v.
228 894 70 37 2,
263 894 70 37 9,
299 894 82 37 10.
345 894 82 37 ubi
392 894 58 37 &
416 894 117 37 stella
497 894 105 37 Regis
568 894 152 37 Iudaeorum
685 894 140 37 dicitur:
790 894 82 37 Sic
837 894 94 37 enim
895 894 105 37 Magi,
954 894 58 37 Ubi

205 935 96 29 est,
265 935 155 29 inquiunt,
384 935 96 29 ille
444 935 84 29 Rex
492 935 155 29 Iudaeorum
612 935 84 29 qui
659 935 108 29 natus
731 935 96 29 est?
791 935 132 29 vidimus
886 935 96 29 enim
934 935 72 29 ejus

213 960 130 36 stellam
308 960 71 36 in
343 960 141 36 Oriente,
449 960 59 36 &
473 960 130 36 venimus
567 960 71 36 ut
602 960 141 36 adoremus
708 960 94 36 eum.
767 960 94 36 Haec
826 960 118 36 stella
897 960 106 36 Christo

200 1000 102 35 nato
264 1000 76 35 in
302 1000 140 35 Oriente
404 1000 153 35 emicuit,
519 1000 127 35 (facta
608 1000 204 35 comparatione
774 1000 76 35 ad
812 1000 217 35 Palaestinam,)
978 1000 38 35 &

215 1027 120 40 Magos
295 1027 200 40 Astronomiae
454 1027 146 40 studiis
561 1027 146 40 deditos
667 1027 80 40 ad
707 1027 120 40 Regis
787 1027 120 40 regum
854 1027 146 40 incunabul

205 1059 159 46 proficisci
329 1059 125 46 jussit,
420 1059 136 46 revocans
522 1059 102 46 illis
590 1059 68 46 in
624 1059 147 46 memoriam,
737 1059 113 46 tempus
817 1059 113 46 adesse
896 1059 79 46 quo
930 1059 68 46 vati

202 1091 113 40 cinium
281 1091 90 40 Num.
337 1091 79 40 24.
382 1091 79 40 17.
427 1091 124 40 Orietur
517 1091 113 40 stella
596 1091 68 40 ex
630 1091 124 40 Iacobo,
720 1091 68 40 in
753 1091 90 40 ipsa
810 1091 135 40 veritate
911 1091 79 40 sit
945 1091 56 40 im-

212 1125 156 42 plendum,
329 1125 117 42 sicut
407 1125 91 42 jam
458 1125 104 42 olim
523 1125 78 42 in
562 1125 143 42 Davidis
666 1125 117 42 regno
744 1125 143 42 tanquam
847 1125 104 42 typo
899 1125 104 42 impler

208 1156 129 43 coeptum
302 1156 105 43 erat:
372 1156 59 43 &
396 1156 140 43 admonens
501 1156 105 43 illos
571 1156 70 43 de
606 1156 164 43 vaticiniis
735 1156 94 43 quae
794 1156 164 43 Babyloniae
922 1156 94 43 Magi
969 1156 47 43 a-

205 1189 129 37 Daniele
299 1189 176 37 didicerant,
439 1189 117 37 quibus
521 1189 129 37 decuplo
615 1189 140 37 superior
720 1189 94 37 fuit
779 1189 94 37 Dan.
837 1189 70 37 1.
873 1189 82 37 20.
919 1189 59 37 &
943 1189 94 37 qui¬

201 1224 82 36 bus
248 1224 93 36 ille
306 1224 105 36 jussu
376 1224 222 36 Nebucadnetzaris
563 1224 105 36 Magni
633 1224 82 36 cum
680 1224 163 36 autoritate
809 1224 152 36 praefuit,
925 1224 70 36 ut
949 1224 58 36 le-

201 1254 103 41 gitur
269 1254 92 41 Dan.
327 1254 69 41 2.
361 1254 69 41 v.
396 1254 80 41 48.
442 1254 92 41 Magi
499 1254 115 41 igitur
580 1254 161 41 secretiore
706 1254 149 41 coelestis
821 1254 126 41 Numinis
901 1254 115 41 afflatur

206 1295 100 37 hanc
269 1295 138 37 stellam
370 1295 113 37 quasi
445 1295 113 37 coeli
520 1295 138 37 linguam
621 1295 163 37 loquentem
746 1295 188 37 agnoverunt,
897 1295 113 37 eaque
960 1295 50 37 ac

205 1325 148 37 Christum
316 1325 173 37 quaerendum
451 1325 99 37 sunt
513 1325 148 37 permoti.
624 1325 160 37 Quaeritur
748 1325 123 37 autem,
834 1325 86 37 num
883 1325 74 37 ea
908 1325 111 37 stella-

200 1356 76 39 de
238 1356 127 39 numero
327 1356 165 39 stellarum
454 1356 76 39 ab
492 1356 127 39 initio
581 1356 178 39 creatarum,
721 1356 76 39 an
759 1356 102 39 vero
822 1356 127 39 Cometa
898 1356 102 39 fuerit

248 1390 123 38 RESP.
331 1390 96 38 Nec
385 1390 110 38 fuit
454 1390 82 38 de
495 1390 137 38 numero
591 1390 178 38 stellarum
728 1390 82 38 ab
769 1390 137 38 initio
851 1390 165 38 creatarum,

214 1418 81 42 nec
261 1418 127 42 Cometa.
353 1418 104 42 Primo
422 1418 92 42 enim
480 1418 127 42 stellae
572 1418 115 42 initio
653 1418 104 42 mundi
722 1418 138 42 creatae,
826 1418 138 42 singulis
918 1418 92 42 diebus

211 1457 151 37 poriuntur
328 1457 58 37 &
351 1457 151 37 occidunt,
467 1457 58 37 a
490 1457 116 37 diurna
572 1457 93 37 luce
630 1457 105 37 Solis
699 1457 198 37 absconduntur,
862 1457 105 37 noctu
920 1457 93 37 sereno

205 1486 106 40 coelo
276 1486 82 40 non
323 1486 188 40 occultantur,
475 1486 59 40 &
499 1486 70 40 in
534 1486 141 40 aetherea
639 1486 129 40 regione
733 1486 106 40 sedem
804 1486 129 40 habent:
898 1486 70 40 at
921 1486 94 40 stella

206 1518 113 45 Regis
282 1518 163 45 Judaeorum
408 1518 75 45 ex
445 1518 88 45 quo
496 1518 101 45 visa
558 1518 88 45 est
609 1518 75 45 in
646 1518 151 45 Oriente,
760 1518 176 45 spectandam
898 1518 75 45 se
923 1518 88 45 Magis

220 1555 142 39 perpetuo
327 1555 107 39 dabat
398 1555 118 39 eisque
480 1555 83 39 per
528 1555 107 39 totum
599 1555 95 39 iter
658 1555 166 39 praeluxit,
788 1555 107 39 donec
859 1555 71 39 in
895 1555 130 39 Judaeam
978 1555 36 39 &

210 1588 123 43 postea
296 1588 74 43 ad
333 1588 111 43 domum
407 1588 74 43 in
444 1588 86 43 qua
493 1588 86 43 rex
542 1588 160 43 Judaeorum
665 1588 99 43 erat
727 1588 197 43 pervenirent,
887 1588 111 43 eadem
948 1588 62 43 in-

215 1621 115 41 terdiu
295 1621 138 41 lucebat,
398 1621 57 41 &
421 1621 103 41 noctu
490 1621 126 41 quamvis
582 1621 103 41 coelo
651 1621 115 41 sereno
732 1621 149 41 tantisper
847 1621 138 41 delituit
939 1621 80 41 donec

201 1648 97 36 Magi
262 1648 183 36 Jerosolymis
408 1648 183 36 nativitatem
554 1648 134 36 Christi
651 1648 207 36 annunciassent
821 1648 110 36 atque
894 1648 85 36 ita
931 1648 73 36 stu-

206 1681 119 48 porem
285 1681 66 48 &
312 1681 146 48 supinam
418 1681 212 48 negligentiam
591 1681 226 48 exprobrassent
776 1681 93 48 cum
829 1681 146 48 Judaeis
922 1681 80 48 com-

210 1720 143 36 muniter
314 1720 91 36 tum
366 1720 208 36 Sacerdotibus
535 1720 91 36 qui
587 1720 156 36 pastorum
705 1720 273 36 Bethlehemiticorum
926 1720 78 36 ser-

208 1754 108 36 mones
280 1754 204 36 contemserant,
448 1754 84 36 tum
496 1754 120 36 rursus
580 1754 108 36 Magis
653 1754 144 36 apparuit
761 1754 60 36 &
785 1754 120 36 terris
869 1754 120 36 vicina
941 1754 60 36 ste

208 1782 79 36 tit
253 1782 102 36 supra
321 1782 102 36 locum
388 1782 68 36 in
422 1782 79 36 quo
467 1782 135 36 puerulus
569 1782 102 36 Jesus
637 1782 102 36 erat,
704 1782 68 36 ut
738 1782 124 36 legitur
828 1782 113 36 Matth.
907 1782 68 36 2.
930 1782 79 36 vers.

218 1820 75 38 9.
255 1820 62 38 &
267 1820 50 38 10

250 1837 120 46 Summa,
334 1837 120 46 stella
418 1837 108 46 Regis
489 1837 156 46 Judaeorum
609 1837 168 46 differebat
741 1837 60 46 a
765 1837 132 46 stellis
848 1837 156 46 naturalibus

210 1875 109 44 motu,
283 1875 121 44 lumine
367 1875 85 44 seu
416 1875 170 44 splendore,
549 1875 121 44 diuina
634 1875 194 44 apparitione,
792 1875 145 44 nocturna
889 1875 121 44 interdum

216 1916 202 35 occultatione,
382 1916 95 35 loco
442 1916 83 35 seu
489 1916 107 35 situ,
561 1916 95 35 quia
620 1916 107 35 supra
691 1916 107 35 domum
762 1916 71 35 in
798 1916 83 35 qua
846 1916 143 35 puerulus
941 1916 59 35 Je-

210 1942 81 41 sus
257 1942 81 41 cum
303 1942 104 41 matre
373 1942 81 41 sua
419 1942 104 41 erat,
489 1942 127 41 officio
581 1942 81 41 quo
628 1942 174 41 fungebatur,
767 1942 185 41 disparitione
906 1942 104 41 totali.

216 1974 82 42 Non
263 1974 117 42 igitur
345 1974 93 42 fuit
403 1974 58 42 e
426 1974 117 42 numero
508 1974 152 42 stellarum
624 1974 117 42 initio
706 1974 152 42 factarum:
822 1974 82 42 qua
869 1974 70 42 de
904 1974 70 42 re
927 1974 82 42 Basi-

215 2004 102 43 lius
279 2004 127 43 Magnus
368 2004 76 43 de
406 2004 127 43 humana
495 2004 140 43 Christi
597 2004 204 43 generatione,
762 2004 204 43 Chrysostomus
915 2004 89 43 homi-

225 2037 74 45 ia
262 2037 111 45 sexta
336 2037 74 45 in
373 2037 173 45 Matthaeum,
509 2037 173 45 Augustinus
645 2037 99 45 lib.
707 2037 74 45 2.
744 2037 124 45 contra
831 2037 136 45 Faustum
917 2037 87 45 Mani-

218 2074 102 47 chaeum
289 2074 81 47 cap.
340 2074 61 47 5.
370 2074 152 47 Damascenuis
492 2074 81 47 lib.
543 2074 61 47 2.
573 2074 81 47 cap.
624 2074 61 47 7.
655 2074 51 47 &
675 2074 91 47 aliij

249 2094 131 53 Secundo
345 2094 84 53 nec
392 2094 119 53 Cometa
476 2094 107 53 fuit,
548 2094 72 53 ut
583 2094 119 53 liquet
667 2094 72 53 ex
703 2094 84 53 iis
750 2094 96 53 quae
810 2094 131 53 Physici
906 2094 131 53 tradunt
989 2094 48 53 de

211 2135 168 42 Cometarum
340 2135 129 42 natura
430 2135 64 42 &
456 2135 155 42 ingenio,
572 2135 116 42 motu,
649 2135 206 42 evanescentia
817 2135 90 42 sub
868 2135 129 42 diurno
946 2135 64 42 lu-

217 2171 92 47 mine
274 2171 114 47 Solis,
354 2171 57 47 &
377 2171 149 47 distantia
491 2171 57 47 a
514 2171 126 47 terris;
606 2171 92 47 quae
663 2171 69 47 in
697 2171 126 47 stellam
789 2171 126 47 Christi
880 2171 149 47 nequaquam

217 2214 183 40 competunt.

255 2226 99 53 Fuit
316 2226 123 53 igitur
403 2226 74 53 ut
440 2226 148 53 veritati
551 2226 123 53 maxime
637 2226 197 53 consentaneum
797 2226 99 53 est,
859 2226 111 53 novum
933 2226 99 53 quod

215 2268 89 44 dam
266 2268 63 44 &
291 2268 164 44 insolitum
418 2268 114 44 atque
494 2268 240 44 extraordinarium
696 2268 139 44 prorsus
797 2268 76 44 ac
835 2268 139 44 proinde
923 2268 89 44 mira-

218 2298 131 48 culosum
314 2298 155 48 Meteoron,
433 2298 84 48 non
481 2298 143 48 naturali
589 2298 108 48 modo,
660 2298 84 48 sed
708 2298 120 48 divina
792 2298 131 48 virtute
887 2298 60 48 e
899 2298 108 48 subcoe-

228 2335 97 42 esti
289 2335 133 42 materia
386 2335 158 42 conflatum
507 2335 61 42 &
531 2335 133 42 eximiae
628 2335 109 42 lucis
701 2335 133 42 fulgore
798 2335 146 42 radians,
907 2335 97 42 quod
955 2335 61 42 non

221 2364 114 47 suapte
300 2364 80 47 vi,
346 2364 80 47 sed
391 2364 102 47 eadem
459 2364 125 47 virtute
550 2364 114 47 divina
630 2364 80 47 aut
675 2364 102 47 certe
743 2364 114 47 sancti
823 2364 136 47 alicujus
914 2364 102 47 Angelis

226 2395 160 49 ministerio
351 2395 183 49 deferebatur:
499 2395 148 49 propterea
614 2395 103 49 Magis
682 2395 126 49 Judaeam
773 2395 148 49 ingressis
887 2395 114 49 stella
956 2395 57 49 il-

215 2429 70 47 la
250 2429 70 47 ad
285 2429 116 47 tempus
367 2429 82 47 vel
413 2429 151 47 subtracta
530 2429 93 47 fuit
588 2429 82 47 vel
635 2429 140 47 splendor
739 2429 93 47 ejus
798 2429 105 47 aliis
867 2429 105 47 modis
926 2429 116 47 occulta-

213 2467 96 41 tus,
273 2467 72 41 ut
309 2467 132 41 occasio
405 2467 180 41 praeberetur
550 2467 108 41 Magis
622 2467 72 41 de
658 2467 96 41 nato
718 2467 96 41 Rege
778 2467 156 41 Judaeorum
887 2467 120 41 quaeren-

217 2493 69 49 di
251 2493 57 49 &
274 2493 69 49 ex
308 2493 149 49 Scriptura
423 2493 103 49 Sacra
492 2493 138 49 discendi
595 2493 80 49 ubi
641 2493 138 49 Christus
744 2493 172 49 nasceretur.
881 2493 80 49 Ita
916 2493 103 49 stella-

218 2533 107 45 illa
285 2533 120 45 Magos
365 2533 80 45 ad
405 2533 187 45 Scripturam
552 2533 147 45 divinam
659 2533 161 45 adductos
780 2533 80 45 ad
820 2533 161 45 CHRISTUM
927 2533 80 45 per-

222 2575 101 39 duxit.

413 2589 93 63 Haec
472 2589 70 63 de
506 2589 116 63 stella
588 2589 128 63 Christi
681 2589 93 63 nati
727 2589 105 63 indice.

251 2621 163 60 Nominatim
377 2621 113 60 autem
452 2621 163 60 Scriptura
578 2621 113 60 Sacra
653 2621 138 60 meminit
753 2621 126 60 Solis,
841 2621 126 60 Lunae,
917 2621 100 60 Hespe-

227 2663 65 51 ri
260 2663 76 51 seu
303 2663 141 51 luciferi,
412 2663 76 51 &c.
455 2663 65 51 ut
488 2663 119 51 intuitu
575 2663 76 51 vel
618 2663 195 51 consideratione
781 2663 119 51 illorum
868 2663 65 51 de
900 2663 98 51 rebus
955 2663 54 51 di-

222 2698 107 55 vinis
294 2698 60 55 &
317 2698 71 55 ad
353 2698 107 55 fidem
425 2698 107 55 atque
496 2698 95 55 bona
556 2698 107 55 opera
627 2698 202 55 pertinentibus
794 2698 179 55 efficaciter
925 2698 83 55 admo-

221 2730 130 53 neamur.
315 2730 165 53 Corporalis
445 2730 94 53 usus
504 2730 153 53 stellarum
622 2730 130 53 istarum
716 2730 106 53 satis
786 2730 165 53 praedicari
916 2730 118 53 nequit

226 2763 75 55 sed
269 2763 161 55 spiritualis
398 2763 86 55 usus
452 2763 97 55 multo
517 2763 75 55 est
560 2763 129 55 amplior.
657 2763 75 55 Nam
700 2763 86 55 prae
754 2763 129 55 caeteris
851 2763 118 55 stellis
926 2763 86 55 animo,

224 2795 138 56 nostros
325 2795 75 56 ad
362 2795 100 56 Deum
425 2795 138 56 evehunt
526 2795 63 56 &
551 2795 75 56 ad
588 2795 188 56 cognitionem
739 2795 100 56 ejus
802 2795 138 56 ducunt,
902 2795 75 56 de
927 2795 88 56 cujus

217 2830 78 54 nos
262 2830 112 54 docent
340 2830 168 54 divinitate,
474 2830 157 54 sapientia,
597 2830 134 54 bonitate
698 2830 56 54 &
720 2830 145 54 potentia,
832 2830 56 54 &
854 2830 67 54 de
888 2830 101 54 rebus
944 2830 78 54 aliis

227 2881 116 46 praeclaris

264 2895 82 52 Nam
311 2895 140 52 intuitus
416 2895 128 52 istarum
509 2895 152 52 stellarum
626 2895 117 52 docet,
707 2895 105 52 ipsas
777 2895 198 52 distinguendas
940 2895 58 52 a
952 2895 70 52 Deo.

229 2926 128 57 Creatore
326 2926 96 57 cujus
390 2926 128 57 essentia
486 2926 75 57 est
529 2926 171 57 spiritualis,
668 2926 160 57 incorporea,
796 2926 171 57 invisibilis,
925 2926 96 57 infini-

228 2964 75 51 ta,
271 2964 139 51 increata;
378 2964 54 51 &
400 2964 75 51 qui
443 2964 54 51 a
464 2964 107 51 nemine
539 2964 161 51 agnoscitur,
668 2964 86 51 nisi
722 2964 75 51 cui
765 2964 64 51 se
797 2964 150 51 patefecit:
915 2964 64 51 ac
936 2964 86 51 proin-

220 2994 71 56 de
256 2994 106 56 illis
326 2994 118 56 cultus
409 2994 130 56 divinus
503 2994 83 56 non
550 2994 189 56 impendendus,
704 2994 106 56 sicut
774 2994 106 56 Moses
845 2994 106 56 docet
916 2994 130 56 Deuter.

226 3027 67 52 4.
259 3027 67 52 v.
293 3027 79 52 19.
338 3027 67 52 Et
372 3027 67 52 ne
405 3027 135 52 sublatis
506 3027 112 52 oculis
585 3027 90 52 tuis
641 3027 112 52 versus
720 3027 124 52 coelum,
810 3027 90 52 quum
866 3027 146 52 aspexeris
967 3027 56 52 So-

229 3058 78 58 lem
273 3058 78 58 aut
318 3058 133 58 stellas,
418 3058 100 58 ullam
484 3058 89 58 rvem
540 3058 144 58 exercitus
651 3058 155 58 coelestis,
773 3058 78 58 tum
817 3058 167 58 impellaris,
950 3058 56 58 &
962 3058 56 58 in-

233 3090 120 57 curvans
321 3090 66 57 te
353 3090 77 57 eis
397 3090 98 57 colas
463 3090 77 57 ea:
507 3090 88 57 quae
561 3090 153 57 impertitus
682 3090 77 57 est
726 3090 109 57 Iehova
802 3090 88 57 Deus
857 3090 88 57 tuus
912 3090 131 57 reliqui-

232 3126 124 48 omnibus
322 3126 124 48 populis
411 3126 79 48 sub
456 3126 135 48 universo
557 3126 112 48 coelo.
636 3126 112 48 Sensus
715 3126 90 48 est:
771 3126 79 48 Sol
816 3126 79 48 non
861 3126 79 48 est
906 3126 101 48 Deus,
962 3126 56 48 non

221 3163 103 52 stella
293 3163 103 52 creata
365 3163 93 52 alia;
427 3163 72 52 nec
468 3163 93 52 cultu
530 3163 103 52 divino
602 3163 124 52 colenda:
695 3163 82 52 quia
747 3163 72 52 Sol
788 3163 52 52 &
808 3163 93 52 aliae
870 3163 113 52 stellae
953 3163 93 52 sunt,

1033 170 123 52 corpora
1123 170 157 52 visibilia,
1246 170 112 52 certis
1325 170 101 52 coeli
1392 170 101 52 locis
1459 170 123 52 affixa,
1549 170 112 52 creata
1628 170 56 52 a
1650 170 112 52 Jehova
1729 170 79 52 Deo
1774 170 79 52 tuo
1807 170 34 52 &

1060 211 156 41 hominibus
1180 211 96 41 data
1240 211 72 41 ab
1276 211 108 41 eodem
1348 211 72 41 ut
1384 211 84 41 eis
1432 211 180 41 ministrent,
1576 211 84 41 non
1624 211 108 41 autem
1696 211 132 41 homines
1780 211 48 41 il

1051 237 76 52 lis
1094 237 97 52 dati;
1159 237 54 52 &
1181 237 87 52 data
1235 237 87 52 sunt
1289 237 119 52 corpora
1376 237 87 52 illa
1430 237 141 52 coelestia
1538 237 108 52 utenda
1614 237 76 52 non
1657 237 76 52 uni
1700 237 108 52 alicui
1765 237 76 52 popu-

1054 271 86 51 lo,
1103 271 86 51 sed
1152 271 135 51 omnibus
1250 271 86 51 sub
1299 271 147 51 universo
1409 271 123 51 coelo.
1495 271 147 51 Quocirca
1605 271 123 51 vetuit
1691 271 98 51 Deus
1740 271 98 51 Solem:

1055 304 101 40 Lunam
1122 304 135 40 aliasque
1224 304 124 40 stellas
1314 304 135 40 adorari,
1415 304 56 40 &
1438 304 135 40 cultores
1539 304 101 40 earum
1607 304 158 40 detestatus
1730 304 79 40 est
1775 304 56 40 &
1787 304 56 40 ca-

1054 340 111 47 pitali
1132 340 144 47 supplicio
1242 340 111 47 puniri
1320 340 111 47 voluit
1398 340 100 47 Deut.
1464 340 78 47 17.
1508 340 67 47 3.
1542 340 55 47 &
1564 340 111 47 passim
1641 340 78 47 per
1686 340 144 47 Prophetas
1786 340 55 47 de-

1050 377 93 39 illis
1111 377 113 39 questus
1194 377 72 39 est
1235 377 51 39 &
1256 377 165 39 severissimis
1389 377 123 39 judiciis
1482 377 72 39 eos
1523 377 123 39 punivit.

1085 400 79 58 Sol
1130 400 57 58 &
1153 400 91 58 Luna
1210 400 125 58 jubente
1300 400 79 58 Deo
1346 400 68 58 ad
1380 400 114 58 preces
1459 400 114 58 Josuae
1539 400 193 58 substiterunt,
1698 400 102 58 sicut
1755 400 79 58 legi-

1060 436 75 50 tur
1103 436 86 50 Jos.
1157 436 75 50 10.
1200 436 65 50 v.
1232 436 75 50 12,
1275 436 75 50 13,
1318 436 75 50 14.
1362 436 86 50 Tunc
1415 436 151 50 alloquutus
1534 436 75 50 est
1577 436 108 50 Iosuae
1652 436 129 50 Iehovam,
1749 436 75 50 quo
1781 436 54 50 die

1047 477 139 35 exposuit
1152 477 116 35 Iehova
1233 477 93 35 hunc
1291 477 139 35 Emoraeum
1396 477 116 35 filiis
1477 477 151 35 Israelis:
1593 477 58 35 &
1616 477 105 35 dixit
1686 477 93 35 ante
1732 477 105 35 oculos.

1052 502 149 37 Israelis,
1166 502 80 37 Sol
1212 502 69 37 in
1246 502 126 37 Gibhone
1337 502 149 37 subsiste;
1452 502 57 37 &
1474 502 91 37 Luna
1531 502 69 37 in
1566 502 137 37 convalle
1669 502 149 37 Ajalonis.
1771 502 69 37 Sub-

1049 539 108 38 stitit
1125 539 86 38 ergo
1179 539 76 38 Sol
1222 539 54 38 &
1243 539 86 38 Luna
1297 539 119 38 stetit,
1384 539 97 38 donec
1449 539 140 38 vindicata
1556 539 97 38 esset
1621 539 86 38 gens
1675 539 162 38 Israelitica
1794 539 43 38 ab

1054 568 132 50 hostibus
1153 568 99 50 suis,
1219 568 99 50 nonne
1284 568 77 50 hoc
1328 568 132 50 scriptum
1427 568 77 50 est
1471 568 66 50 in
1504 568 99 50 libro
1570 568 110 50 recti?
1646 568 110 50 stabat
1723 568 99 50 autem
1778 568 55 50 So-

1057 603 68 44 in
1091 603 102 44 medio
1159 603 102 44 coelo
1227 603 102 44 neque
1295 603 159 44 festinabat
1420 603 68 44 ad
1454 603 125 44 occasum
1544 603 102 44 quasi
1612 603 91 44 diem
1669 603 147 44 integrum.
1771 603 57 44 Ne-

1052 633 89 47 fuit
1107 633 122 47 similis
1196 633 89 47 diei
1252 633 89 47 illi
1307 633 89 47 ante
1363 633 89 47 eum,
1418 633 78 47 vel
1463 633 89 47 post
1518 633 89 47 eum,
1574 633 167 47 auscultante
1707 633 111 47 Iehova
1773 633 56 47 voc

1054 672 174 35 cujusquam:
1190 672 87 35 nam
1240 672 124 35 Iehova
1327 672 149 35 pugnabat
1439 672 87 35 pro
1489 672 149 35 Israele.
1601 672 87 35 Sol
1650 672 75 35 in
1688 672 137 35 gratiam
1775 672 62 35 Re-

1048 699 75 48 gis
1091 699 129 48 Ezechiae
1188 699 161 48 retrocessit
1316 699 86 48 Jes.
1370 699 75 48 38.
1412 699 75 48 52.
1455 699 86 48 Hinc
1509 699 129 48 refulget
1605 699 150 48 singularis
1723 699 96 48 favor
1776 699 54 48 Dei

1056 736 92 36 erga
1114 736 150 36 Ecclesiam
1230 736 58 36 &
1253 736 139 36 singulos
1357 736 69 36 in
1392 736 69 36 ea
1426 736 139 36 fideles,
1530 736 92 36 quod
1588 736 116 36 sicuti
1669 736 69 36 ad
1704 736 92 36 usum
1750 736 81 36 humam

1059 771 129 42 generis
1153 771 164 42 quotidiano
1282 771 105 42 Solis
1352 771 105 42 cursu
1422 771 94 42 diem
1480 771 58 42 a
1504 771 105 42 nocte
1574 771 140 42 dividit,
1679 771 58 42 &
1703 771 105 42 molem
1761 771 82 42 illam

1054 802 133 35 ingentem
1153 802 177 35 infatigabili
1297 802 166 35 pernicitate
1430 802 122 35 assidue
1518 802 122 35 versat:
1607 802 77 35 ita
1651 802 66 35 ad
1673 802 155 35 conservatio-

1056 830 83 48 nem
1104 830 249 48 confirmationemque
1317 830 154 48 Ecclesiae
1435 830 95 48 suae
1494 830 142 48 fidelium
1601 830 178 48 singulorum,
1743 830 71 48 ad
1767 830 59 48 bro

1063 864 66 40 re
1096 864 100 40 tepus
1162 864 88 40 quum
1218 864 100 40 visum
1284 864 88 40 est,
1339 864 155 40 subsistere
1461 864 77 40 vel
1505 864 100 40 etiam
1572 864 111 40 cursum
1649 864 155 40 reflectere
1760 864 77 40 jubet

1087 898 83 38 Sol
1135 898 107 38 nobis
1206 898 83 38 est
1253 898 166 38 monimentum
1384 898 130 38 gratiae
1478 898 71 38 ac
1514 898 190 38 benignitatis
1668 898 95 38 Dei,
1727 898 59 38 &
1739 898 95 38 felici

1064 926 91 41 atis
1120 926 147 41 perpetuae
1234 926 91 41 quam
1290 926 147 41 fidelibus
1404 926 136 41 largitur
1505 926 91 41 Deus
1562 926 79 41 per
1607 926 136 41 Christum
1709 926 57 41 &
1732 926 68 41 in
1755 926 79 41 ipso-

1060 959 99 48 sicut
1126 959 110 48 Psalm.
1202 959 77 48 84.
1246 959 66 48 v.
1279 959 77 48 12.
1323 959 131 48 dicitur;
1422 959 77 48 Sol
1465 959 55 48 &
1487 959 110 48 scutum
1564 959 77 48 est
1608 959 110 48 Iehova
1685 959 99 48 Deus,
1739 959 99 48 gratiam

1054 992 55 42 &
1076 992 121 42 gloriam
1164 992 77 42 dat
1208 992 121 42 Iehova:
1296 992 66 42 Et
1329 992 88 42 Jes.
1384 992 77 42 60.
1428 992 66 42 v.
1460 992 77 42 19,
1504 992 77 42 20.
1548 992 77 42 Non
1592 992 88 42 erit
1647 992 88 42 tibi
1702 992 121 42 amplius
1779 992 55 42 So-

1054 1028 72 45 in
1090 1028 108 45 lucem
1162 1028 144 45 diurnam;
1269 1028 60 45 &
1293 1028 96 45 quod
1353 1028 72 45 ad
1389 1028 168 45 splendorem
1521 1028 132 45 noctis,
1617 1028 96 45 luna
1676 1028 84 45 non
1712 1028 120 45 illustra

1062 1058 76 44 hit
1106 1058 76 44 te:
1149 1058 76 44 sed
1193 1058 87 44 erit
1247 1058 87 44 tibi
1301 1058 109 44 Iehova
1377 1058 87 44 luci
1432 1058 152 44 perpetuae,
1551 1058 54 44 &
1573 1058 87 44 Deus
1627 1058 87 44 tuus
1682 1058 141 44 ornamento
1780 1058 54 44 ti-

1056 1088 84 40 bi.
1104 1088 84 40 Non
1152 1088 132 40 occidet
1248 1088 132 40 amplius
1344 1088 84 40 Sol
1392 1088 108 40 tuus,
1465 1088 60 40 &
1489 1088 96 40 Luna
1549 1088 84 40 tua
1597 1088 84 40 non
1645 1088 144 40 recipiet
1753 1088 84 40 se:
1789 1088 60 40 nam

1064 1125 109 44 lehova
1140 1125 87 44 tibi
1195 1125 87 44 erit
1249 1125 87 44 luci
1304 1125 152 44 perpetuae,
1423 1125 54 44 &
1445 1125 131 44 completi
1543 1125 98 44 erunt
1608 1125 87 44 dies
1663 1125 109 44 luctus
1739 1125 87 44 tui.
1783 1125 54 44 Qui

1057 1159 130 40 admodum
1152 1159 83 40 Sol
1199 1159 95 40 luce
1258 1159 83 40 sua
1305 1159 118 40 mundum
1388 1159 165 40 vivificat,
1518 1159 106 40 fovet
1589 1159 106 40 atque
1660 1159 165 40 exhilarat:
1778 1159 71 40 ita-

1055 1188 113 42 sereno
1134 1188 79 42 Dei
1179 1188 136 42 adspectu
1281 1188 124 42 fideles
1371 1188 169 42 recreantur,
1506 1188 79 42 imo
1552 1188 79 42 non
1597 1188 113 42 aliter
1676 1188 113 42 vivunt
1755 1188 56 42 &
1766 1188 68 42 spi-

1058 1226 99 35 rant,
1124 1226 88 35 nisi
1179 1226 132 35 quatenus
1277 1226 99 35 illis
1343 1226 88 35 Deus
1398 1226 143 35 affulget.
1508 1226 99 35 Cujus
1574 1226 77 35 Sol
1618 1226 88 35 Deus
1672 1226 88 35 est,
1727 1226 88 35 ejus
1771 1226 66 35 pro-

1059 1254 146 44 speritas
1169 1254 85 44 est
1217 1254 171 44 sempiterna
1352 1254 61 44 &
1376 1254 195 44 immutabilis,
1535 1254 98 44 quum
1596 1254 159 44 perpetuam
1718 1254 110 44 lucem
1779 1254 61 44 ha-

1054 1286 102 35 beat,
1122 1286 102 35 nulli
1190 1286 147 35 mutationi
1303 1286 57 35 &
1325 1286 192 35 vicissitudini
1472 1286 125 35 subjectam

1081 1311 66 45 Ut
1114 1311 77 45 Sol
1158 1311 88 45 iste
1213 1311 144 45 visibilis
1324 1311 88 45 luce
1379 1311 77 45 sua
1423 1311 133 45 tenebras
1523 1311 121 45 pellit:
1611 1311 77 45 ita
1655 1311 133 45 Christus
1744 1311 99 45 Dominus

1065 1356 165 41 peccatorum
1195 1356 154 41 nostrorum
1313 1356 154 41 caliginem
1431 1356 118 41 abigit
1514 1356 59 41 &
1538 1356 106 41 lucem
1609 1356 154 41 justitiae
1727 1356 142 41 reducit,

1066 1388 80 34 nos
1111 1388 138 34 justitia
1215 1388 80 34 sua
1261 1388 126 34 tanquam
1353 1388 92 34 luce
1410 1388 207 34 circumfundens:
1582 1388 92 34 unde
1640 1388 138 34 Christus
1743 1388 80 34 Sol
1778 1388 57 34 ju-

1061 1418 112 37 stitiae
1142 1418 112 37 dicitur
1223 1418 112 37 Malach.
1305 1418 61 37 4.
1335 1418 61 37 v.
1366 1418 61 37 2.
1396 1418 61 37 Ut
1427 1418 102 37 unicus
1498 1418 61 37 in
1528 1418 91 37 coelo
1589 1418 71 37 Sol
1630 1418 81 37 est,
1680 1418 71 37 qui
1721 1418 112 37 caetera
1792 1418 51 37 si-

1055 1457 83 33 dera
1107 1457 104 33 lucida
1180 1457 125 33 efficit:
1274 1457 52 33 &
1295 1457 146 33 sublunaria
1409 1457 83 33 luce
1461 1457 52 33 &
1482 1457 104 33 calore
1555 1457 73 33 suo
1597 1457 146 33 illustrat,
1712 1457 136 33 vivificat
1806 1457 31 33 &

1067 1483 106 41 sovet;
1142 1483 64 41 ac
1174 1483 64 41 si
1206 1483 74 41 Sol
1248 1483 74 41 non
1291 1483 106 41 foret,
1365 1483 74 41 nox
1407 1483 96 41 esset
1471 1483 138 41 perpetua:
1577 1483 74 41 ita
1620 1483 106 41 unicus
1694 1483 74 41 est
1726 1483 117 41 justitiae

1052 1521 102 38 Sol,
1116 1521 64 38 &
1142 1521 89 38 Dei
1193 1521 77 38 ac
1231 1521 140 38 hominum
1333 1521 153 38 Mediator
1448 1521 102 38 homo
1512 1521 115 38 Jesus
1589 1521 166 38 Christus,
1716 1521 89 38 qui
1755 1521 89 38 omnes

1068 1550 114 33 sanctos
1151 1550 62 33 in
1182 1550 135 33 Ecclesia,
1285 1550 104 33 radiis
1358 1550 145 33 sapientiae
1472 1550 83 33 suae
1524 1550 145 33 illuminat,
1638 1550 93 33 vitae
1700 1550 83 33 suae
1742 1550 93 33 benedi-

1060 1585 113 33 ctione
1139 1585 158 33 vivificat,
1263 1585 113 33 gratia
1342 1585 79 33 sua
1387 1585 102 33 fovet
1455 1585 56 33 &
1477 1585 158 33 conservat,
1601 1585 79 33 qui
1646 1585 102 33 etiam
1714 1585 124 33 regnans
1793 1585 45 33 ac

1054 1612 135 38 dexteram
1155 1612 124 38 aeterni
1246 1612 124 38 Patris,
1336 1612 79 38 pro
1381 1612 102 38 nobis
1449 1612 169 38 interpellat
1584 1612 113 38 solus,
1663 1612 90 38 quia
1720 1612 90 38 ipse
1765 1612 79 38 solus

1067 1647 72 35 pro
1108 1647 93 35 nobis
1170 1647 134 35 justitiae
1273 1647 113 35 divinae
1355 1647 155 35 satisfecit;
1479 1647 62 35 ac
1510 1647 62 35 si
1541 1647 72 35 hic
1582 1647 72 35 Sol
1623 1647 134 35 justitiae
1726 1647 93 35 nobis
1778 1647 72 35 exor-

1053 1681 87 39 tus
1102 1681 87 39 non
1152 1681 124 39 esset,
1239 1681 87 39 tum
1288 1681 149 39 enimvero
1400 1681 74 39 in
1437 1681 149 39 tenebris
1548 1681 62 39 &
1573 1681 112 39 umbra
1648 1681 124 39 mortis
1722 1681 124 39 omnibus.

1061 1710 235 38 contabescendum
1256 1710 65 38 &
1282 1710 169 38 pereundum
1400 1710 104 38 foret.

1089 1731 82 51 Sol
1136 1731 117 51 medius
1218 1731 117 51 fertur
1300 1731 106 51 inter
1371 1731 141 51 stellas,
1477 1731 164 51 amplissima
1606 1731 176 51 magnitudine
1746 1731 70 51 ac
1770 1731 82 51 pote-

1059 1773 126 43 state,
1148 1773 88 43 nec
1198 1773 151 43 temporum
1311 1773 101 43 modo
1374 1773 189 43 terrarumque
1525 1773 88 43 sed
1576 1773 139 43 siderum
1677 1773 113 43 etiam
1740 1773 113 43 ipsorum

1057 1810 123 32 rector;
1147 1810 79 32 hic
1191 1810 101 32 lucem
1259 1810 101 32 rebus
1326 1810 157 32 ministrat,
1449 1810 146 32 aufertque
1561 1810 146 32 tenebras,
1674 1810 79 32 hic
1718 1810 123 32 reliqua
1797 1810 56 32 si-

1057 1841 100 41 dera
1119 1841 162 41 occultat,
1243 1841 87 41 hic
1293 1841 112 41 vices
1368 1841 162 41 temporum,
1493 1841 150 41 annumque
1605 1841 125 41 semper
1680 1841 174 41 renascentem.

1058 1873 67 36 ex
1091 1873 79 36 usu
1136 1873 124 36 naturae
1226 1873 146 36 temperat,
1338 1873 79 36 hic
1383 1873 101 36 coeli
1451 1873 157 36 tristitiam
1574 1873 135 36 discutit
1675 1873 101 36 atque
1743 1873 101 36 etiam
1799 1873 56 36 nu-

1059 1906 96 36 bila
1119 1906 121 36 humani
1204 1906 109 36 animi
1276 1906 145 36 serenat,
1385 1906 84 36 hic
1433 1906 96 36 suum
1493 1906 109 36 lumen
1566 1906 145 36 caeteris
1674 1906 121 36 quoque
1746 1906 109 36 sideri-

1064 1939 79 32 bus
1109 1939 147 32 foenerat,
1222 1939 170 32 praeclarus,
1358 1939 136 32 eximius,
1460 1939 102 32 omnia
1528 1939 136 32 intuens:
1630 1939 79 32 ita
1675 1939 136 32 Christus
1765 1939 91 32 versa-

1065 1977 85 31 tur
1114 1977 73 31 in
1150 1977 110 31 medio
1223 1977 122 31 septem
1309 1977 208 31 candelabrorum
1480 1977 159 31 auteorum,
1602 1977 73 31 id
1638 1977 98 31 est,
1687 1977 159 31 Ecclesiarum

1050 2004 120 42 suarum
1134 2004 72 42 in
1170 2004 120 42 quibus
1254 2004 132 42 accensa
1349 2004 84 42 lux
1397 2004 156 42 Evangelii
1517 2004 120 42 lucet,
1601 2004 108 42 eidem
1672 2004 96 42 data
1732 2004 84 42 est
1768 2004 72 42 omni

1060 2038 144 33 potestas
1168 2038 72 33 in
1204 2038 108 33 coelo
1275 2038 60 33 &
1299 2038 72 33 in
1335 2038 108 33 terra
1407 2038 60 33 &
1431 2038 108 33 omnia
1503 2038 144 33 subjecta
1611 2038 132 33 pedibus
1706 2038 108 33 ejus,
1766 2038 84 33 lucem

1048 2074 98 37 fidei
1114 2074 131 37 cordibus
1212 2074 120 37 nostris
1299 2074 109 37 infert
1376 2074 55 37 &
1397 2074 164 37 ignorantiae
1528 2074 131 37 tenebras
1627 2074 142 37 discutit,
1736 2074 76 37 cum
1769 2074 65 37 ipsi

1059 2102 112 35 etiam
1133 2102 124 35 sancti
1220 2102 124 35 Angeli
1307 2102 99 35 luce
1369 2102 161 35 comparari
1493 2102 87 35 non
1543 2102 149 35 possunt,
1655 2102 112 35 nedum
1717 2102 124 35 homines.

1054 2135 83 36 hic
1102 2135 118 36 tempus
1184 2135 130 36 gratiae
1279 2135 142 36 verumque
1386 2135 107 36 illum
1457 2135 107 36 annum
1528 2135 142 36 Jubileum
1634 2135 142 36 reduxit,
1741 2135 83 36 hic
1776 2135 71 36 ani-

1056 2167 108 35 morum
1128 2167 156 35 nostrorum
1248 2167 168 35 tristitiam
1381 2167 156 35 discutit,
1501 2167 60 35 &
1525 2167 144 35 moerores
1633 2167 180 35 validissime
1766 2167 84 35 sola-

1047 2204 99 30 tur,
1108 2204 86 30 hic
1158 2204 111 30 lumen
1231 2204 172 30 salvificum
1367 2204 123 30 beatis
1453 2204 135 30 Angelis
1552 2204 62 30 &
1576 2204 160 30 hominibus
1687 2204 148 30 communicat

1055 2234 124 44 eminens
1145 2234 102 44 super
1213 2234 113 44 omnes,
1292 2234 102 44 caput
1359 2234 158 44 Ecclesiae,
1484 2234 158 44 omniscius,
1608 2234 79 44 &c.
1653 2234 124 44 Apocal.
1743 2234 68 44 1.
1777 2234 102 44 vers.

1058 2263 70 42 16.
1098 2263 50 42 &
1118 2263 80 42 cap.
1168 2263 70 42 12.
1198 2263 40 42 1.

1092 2293 73 44 Sol
1133 2293 94 44 imago
1196 2293 73 44 est
1238 2293 146 44 Ecclesiae,
1353 2293 115 44 Cantic.
1436 2293 63 44 6.
1468 2293 63 44 v.
1499 2293 63 44 7.
1530 2293 84 44 Quae
1583 2293 73 44 est
1625 2293 84 44 illa
1677 2293 125 44 spectata
1771 2293 63 44 ut
1792 2293 52 44 au-

1047 2325 105 45 rora,
1117 2325 93 45 pura
1175 2325 70 45 ut
1198 2325 70 45 Sol;

1083 2353 89 45 Sol
1134 2353 166 45 praeterea
1262 2353 115 45 imago
1339 2353 89 45 est
1390 2353 192 45 primariorum
1543 2353 153 45 rectorum
1658 2353 77 45 in
1696 2353 153 45 Ecclesia
1799 2353 38 45 &

1067 2389 150 46 Republica,
1185 2389 118 46 Apocal.
1271 2389 64 46 8.
1303 2389 64 46 v.
1335 2389 75 46 12.
1378 2389 129 46 percussa
1475 2389 75 46 est
1518 2389 107 46 tertia
1593 2389 86 46 pars
1646 2389 107 46 Solis,
1721 2389 64 46 ut
1743 2389 107 46 obscura-

1052 2421 115 44 retur,
1132 2421 81 44 hoc
1178 2421 92 44 est,
1236 2421 115 44 tertia
1316 2421 92 44 pars
1374 2421 184 44 gubernatorum
1523 2421 104 44 orbis
1592 2421 173 44 Christiani,
1719 2421 127 44 Episcopo-

1053 2463 81 35 rum
1100 2463 58 35 &
1123 2463 196 35 Magistratuum,
1284 2463 138 35 caligine
1388 2463 150 35 haereseos
1503 2463 173 35 obtenebrata
1642 2463 104 35 fuit.
1711 2463 69 35 Et
1746 2463 92 35 cap.
1792 2463 46 35 9.

1063 2491 73 36 2.
1099 2491 157 36 Adscendit
1220 2491 109 36 fumus
1293 2491 73 36 ex
1329 2491 109 36 puteo
1402 2491 73 36 ut
1438 2491 109 36 fumus
1511 2491 145 36 fornacis
1620 2491 109 36 magne
1693 2491 61 36 &
1705 2491 145 36 obscuratus

1066 2521 65 44 st
1099 2521 87 44 Sol,
1153 2521 65 44 id
1185 2521 87 44 est,
1239 2521 119 44 prodiit
1326 2521 119 44 erronea
1413 2521 130 44 doctrina
1510 2521 54 44 &
1532 2521 162 44 idololatria
1662 2521 65 44 ex
1694 2521 130 44 inferno,
1781 2521 54 44 qui

1071 2556 134 41 praecipui
1174 2556 103 41 quique
1246 2556 175 41 Ecclesiastici
1390 2556 52 41 &
1411 2556 134 41 politici,
1514 2556 72 41 qui
1555 2556 93 41 aliis
1617 2556 134 41 doctrinae
1720 2556 52 41 &
1741 2556 93 41 vitae
1792 2556 52 41 pu-

1059 2581 108 52 ritate
1135 2581 151 52 praelucere
1254 2581 141 52 debebant,
1362 2581 119 52 seducti
1449 2581 119 52 fuerunt

1082 2607 79 47 Est
1127 2607 135 47 symbolum
1228 2607 135 47 visionis
1329 2607 157 47 veritatis,
1453 2607 101 47 Mich.
1520 2607 67 47 3.
1554 2607 67 47 v.
1588 2607 67 47 6.
1621 2607 124 47 Occidet
1711 2607 79 47 Sol
1745 2607 90 47 super-

1060 2652 96 45 istos
1124 2652 149 45 Prophetas,
1241 2652 64 45 id
1273 2652 85 45 est,
1326 2652 85 45 haec
1379 2652 127 45 vindicta
1474 2652 64 45 in
1506 2652 96 45 ipsos
1570 2652 106 45 divina
1644 2652 96 45 erit,
1708 2652 85 45 quod
1750 2652 85 45 verita

1071 2685 63 43 is
1102 2685 94 43 visio
1164 2685 94 43 ipsis
1227 2685 73 43 non
1258 2685 115 43 continge-

1090 2709 74 43 Est
1133 2709 127 43 symbolum
1228 2709 116 43 gloriae
1313 2709 53 43 &
1334 2709 180 43 prosperitatis
1482 2709 74 43 qua
1524 2709 85 43 quis
1577 2709 127 43 fruitur,
1672 2709 85 43 Jer.
1725 2709 74 43 15.
1768 2709 63 43 v.
1789 2709 42 43 7.

1062 2742 123 45 occidet
1151 2742 78 45 Sol
1196 2742 101 45 ejus,
1263 2742 67 45 id
1296 2742 89 45 est,
1352 2742 123 45 momento
1442 2742 145 45 mutabitur
1553 2742 156 45 clarissima
1676 2742 112 45 gloria
1743 2742 101 45 prospe-

1068 2774 133 53 ritasque
1168 2774 89 53 eius
1223 2774 66 53 in
1256 2774 166 53 calamitates
1378 2774 188 53 tenebrosissimas

1090 2808 73 44 Est
1131 2808 83 44 spes
1183 2808 176 44 liberationis,
1328 2808 93 44 Amos.
1390 2808 62 44 8.
1421 2808 62 44 v.
1452 2808 62 44 9.
1483 2808 73 44 ait
1525 2808 93 44 Deus,
1587 2808 124 44 efficiam
1680 2808 62 44 ut
1711 2808 73 44 Sol
1753 2808 114 44 occidat

1072 2838 86 53 ipso
1126 2838 119 53 meridie
1212 2838 54 53 &
1234 2838 162 53 obtenebrabo
1363 2838 108 53 terram
1439 2838 76 53 die
1482 2838 119 53 lucido,
1568 2838 65 53 id
1601 2838 86 53 est,
1655 2838 129 53 efficiam
1752 2838 65 53 ut
1773 2838 65 53 sper

1073 2870 176 52 liberationis
1216 2870 176 52 consequendae
1358 2870 55 52 &
1380 2870 176 52 adipiscendae
1523 2870 143 52 laetitiae
1633 2870 143 52 evanescat
1742 2870 66 52 eo
1775 2870 88 52 ipse

1067 2906 127 54 tempore
1160 2906 81 54 quo
1206 2906 174 54 validissima
1334 2906 69 54 erit

1102 2941 74 50 Est
1145 2941 179 50 persecutionum
1292 2941 53 50 &
1313 2941 168 50 afflictionum
1449 2941 116 50 aestus,
1533 2941 116 50 Cantic.
1617 2941 63 50 1.
1649 2941 63 50 v.
1680 2941 63 50 6.
1712 2941 95 50 dicit
1764 2941 74 50 spon-

1067 2984 67 42 sa
1100 2984 146 42 Ecclesia:
1212 2984 67 42 Ne
1246 2984 168 42 respiciatis
1381 2984 67 42 ad
1414 2984 78 42 me,
1459 2984 90 42 quod
1515 2984 78 42 sim
1560 2984 146 42 subnigra,
1672 2984 90 42 quod
1717 2984 123 42 contuitus

1065 3019 77 45 sit
1109 3019 66 45 me
1142 3019 88 45 Sol,
1197 3019 77 45 hoc
1241 3019 88 45 est,
1295 3019 66 45 ne
1328 3019 165 45 offendamini
1460 3019 66 45 eo
1493 3019 88 45 quod
1548 3019 99 45 velut
1614 3019 143 45 infuscata
1723 3019 77 45 sim
1756 3019 88 45 pecca-

1065 3050 81 41 tis
1112 3050 58 41 &
1135 3050 219 41 afflictionibus,
1319 3050 92 41 quod
1377 3050 185 41 persecutione
1527 3050 58 41 &
1550 3050 185 41 oppressione,
1700 3050 127 41 tanquam
1781 3050 69 41 Sole

1073 3073 144 55 correfacta
1186 3073 82 55 sim,
1237 3073 62 55 ut
1268 3073 103 55 Matth.
1340 3073 72 55 13.
1382 3073 62 55 6.
1412 3073 93 55 Solis
1474 3073 144 55 appellatio
1587 3073 144 55 accipitur.

1103 3101 78 54 Est
1148 3101 101 54 imago
1215 3101 123 54 quaedam
1304 3101 56 54 &
1327 3101 112 54 gustus
1405 3101 123 54 gloriae
1495 3101 123 54 Christi
1584 3101 101 54 Matt.
1652 3101 78 54 17.
1696 3101 67 54 v.
1730 3101 67 54 2.
1752 3101 90 54 Trans-

1066 3140 131 54 formatus
1165 3140 77 54 est
1208 3140 99 54 coram
1274 3140 77 54 eis
1318 3140 55 54 &
1340 3140 110 54 fulsit
1417 3140 110 54 facies
1493 3140 88 54 ejus
1548 3140 66 54 ut
1581 3140 110 54 Solimo
1658 3140 55 54 &
1680 3140 121 54 gloriae
1756 3140 88 54 justo
