2063 3483
244 163 109 62 Tertio
321 163 131 62 serviunt
419 163 164 62 declarandae
550 163 120 62 potetie
638 163 77 62 Dei
682 163 98 62 etiam
747 163 66 62 in
780 163 153 62 miraculis,
901 163 66 62 ut
933 163 98 62 Exod.

213 212 87 46 16.
262 212 87 46 14.
312 212 173 46 Israelitis
448 212 210 46 murmurantibus
621 212 62 46 &
646 212 124 46 carnem
733 212 74 46 ad
770 212 136 46 edendum
856 212 149 46 petentibus

219 241 98 51 dedit
285 241 153 51 coturnices
405 241 109 51 tantam
481 241 98 51 copia
547 241 66 51 ut
580 241 109 51 castra
656 241 142 51 tegerent:
766 241 55 51 &
787 241 87 51 Num.
842 241 77 51 11.
886 241 66 51 v.
919 241 77 51 31,
951 241 44 51 3.

229 270 114 52 Ventus
308 270 148 52 profectus
422 270 57 52 a
445 270 114 52 Iehova
524 270 136 52 abripuit
627 270 159 52 coturnices
752 270 57 52 a
775 270 102 52 mari,
843 270 57 52 &
866 270 136 52 dissevit
957 270 45 52 ad

224 307 118 48 castra,
310 307 97 48 quasi
375 307 118 48 itinere
461 307 97 48 unius
526 307 86 48 diei
579 307 97 48 hinc,
644 307 54 48 &
666 307 97 48 quasi
730 307 118 48 itinere
816 307 97 48 unius
881 307 86 48 diei
924 307 86 48 illinc

224 336 93 53 circa
285 336 113 53 castra:
368 336 93 53 idque
429 336 62 53 ad
460 336 82 53 duos
512 336 113 53 tubitos
594 336 62 53 in
625 336 144 53 superficie
738 336 113 53 terrae.
820 336 144 53 Surgensque
923 336 72 53 popu-

217 373 74 48 lus
260 373 84 48 toto
312 373 84 48 illo
365 373 74 48 die
407 373 53 48 &
428 373 84 48 tota
481 373 95 48 nocte
544 373 95 48 illa,
607 373 53 48 &
628 373 84 48 toto
681 373 74 48 die
723 373 116 48 postero
807 373 158 48 collegerunt
923 373 84 48 cotur-

214 399 116 59 nices,
295 399 81 59 qui
342 399 127 59 minimum
434 399 104 59 decem
504 399 127 59 acervos
596 399 150 59 collegit:
712 399 58 59 &
735 399 150 59 composite
851 399 185 59 expanderunt.

215 442 73 52 cus
256 442 84 52 sibi
309 442 94 52 circa
371 442 115 52 castra.
455 442 104 52 Psalm.
528 442 84 52 105.
570 442 52 52 46.

255 461 116 63 Quarto
337 461 163 63 ministrant
464 461 186 63 providentiae
615 461 128 63 divinae
708 461 70 63 ad
743 461 139 63 solatium
847 461 151 63 fidelium,
964 461 70 63 ut

220 508 137 43 columba
319 508 112 43 fecit
394 508 100 43 quam
457 508 137 43 Noachus
557 508 75 43 ex
594 508 100 43 arca
657 508 150 43 emiserat
769 508 75 43 ut
807 508 200 43 cognosceret,
957 508 37 43 a

215 537 157 51 superficies
340 537 105 51 terrae
413 537 94 51 aquis
476 537 105 51 levata
549 537 105 51 esset,
623 537 105 51 Genes.
696 537 63 51 8.
727 537 63 51 v.
759 537 63 51 8.
790 537 52 51 &
811 537 167 51 sequentibus,
937 537 73 51 item-

222 577 69 40 ad
257 577 150 40 pascendos
373 577 116 40 servos
454 577 92 40 Dei,
511 577 104 40 sicut
581 577 92 40 Deus
639 577 116 40 corvis
720 577 150 40 praecepit
835 577 69 40 ut
870 577 104 40 Eliam
928 577 69 40 Pro-

216 602 119 55 phetam
299 602 202 55 sustentarent,
466 602 71 55 1.
502 602 95 55 Reg.
561 602 83 55 17.
609 602 71 55 4.
645 602 60 55 &
669 602 107 55 corvi
740 602 167 55 afferebant
871 602 71 55 ei
907 602 107 55 panem
966 602 36 55 &

221 643 118 44 zarnem
304 643 141 44 quolibet
409 643 94 44 mane
468 643 59 44 &
492 643 141 44 vesperi,
597 643 118 44 ibidem
680 643 71 44 v.
703 643 47 44 6.

256 662 124 60 Quinto
342 662 111 60 avium
416 662 186 60 sustentatio
565 662 62 60 &
590 662 173 60 propagatio
726 662 111 60 facit
800 662 74 60 ad
825 662 173 60 cognoscendam

218 705 131 45 divinam
314 705 191 45 providentiam
469 705 108 45 circa
541 705 84 45 res
589 705 108 45 omnes
660 705 60 45 &
684 705 155 45 singulas,
804 705 108 45 etiam
864 705 143 45 minutissi-

219 735 81 46 mas
266 735 93 46 etsi
324 735 116 46 nullum
405 735 128 46 accedat
498 735 116 46 ullius
579 735 186 46 ministerium.
730 735 81 46 Sic
776 735 93 46 enim
835 735 93 46 Deus
881 735 116 46 adJobur.

221 773 78 46 ait
265 773 89 46 cap.
321 773 78 46 39.
366 773 67 46 v.
399 773 67 46 2.
432 773 89 46 Quis
488 773 134 46 comparat
588 773 111 46 corvis
666 773 100 46 escam
733 773 134 46 ipsorum,
833 773 89 46 quum
889 773 100 46 pulli
944 773 56 46 eo-

216 804 92 43 rum
268 804 79 43 ad
308 804 105 43 Deum
373 804 131 43 fortem
465 804 223 43 vociferantur,
649 804 210 43 aberrantibus
819 804 144 43 penuria
911 804 92 43 cibii

224 834 97 44 Quum
284 834 121 44 corvus
369 834 121 44 pullos
453 834 97 44 suos
513 834 121 44 recens
598 834 109 44 natos
670 834 72 44 co
706 834 97 44 quod
767 834 169 44 albicantes
887 834 109 44 videat:

214 868 88 45 suos
269 868 77 45 non
313 868 88 45 esse
368 868 154 45 existimet,
489 868 77 45 per
533 868 121 45 aliquot
621 868 88 45 dies
676 868 143 45 relinquit
786 868 55 45 &
808 868 77 45 non
852 868 121 45 pascit,
940 868 77 45 sed
973 868 33 45 e

221 911 86 33 nido
275 911 108 33 ciicit
351 911 97 33 donec
415 911 162 33 nigrescant:
544 911 86 33 quis
598 911 108 33 pullos
674 911 97 33 illos
738 911 119 33 interea
825 911 97 33 alit,
889 911 86 33 nisi
932 911 65 33 Deus

220 938 92 42 sine
278 938 104 42 cujus
347 938 173 42 providentia
486 938 92 42 fame
544 938 115 42 essent
625 938 150 42 perituri?
740 938 92 42 Alit
798 938 104 42 autem
867 938 81 42 eos
902 938 92 42 musci-

218 975 137 45 genitis
317 975 75 45 ex
354 975 149 45 stercore
466 975 137 45 corvino
565 975 186 45 putrefacto.
714 975 149 45 Dicuntur
826 975 112 45 autem
901 975 75 45 ad
925 975 75 45 Deum

220 1006 168 41 vociferari,
354 1006 90 41 quia
410 1006 145 41 destituti
522 1006 56 41 a
544 1006 168 41 parentibus,
679 1006 123 41 clamore
768 1006 78 41 suo
813 1006 101 41 velut
880 1006 67 41 ad
913 1006 90 41 Deum
958 1006 45 41 se

223 1046 141 35 confugere
332 1046 141 35 testatur,
440 1046 65 35 ut
473 1046 87 35 fibi
527 1046 98 35 escam
592 1046 141 35 suggerat,
700 1046 98 35 sicut
765 1046 98 35 etiam
830 1046 108 35 facit:
906 1046 76 35 quo
939 1046 65 35 per-

219 1070 109 44 tinet
291 1070 97 44 quod
352 1070 133 44 dicitur
449 1070 121 44 Psalm.
533 1070 97 44 147.
594 1070 73 44 9.
630 1070 85 44 Dat
678 1070 145 44 jumentis
787 1070 109 44 cibum
860 1070 109 44 suum,
920 1070 97 44 pullis

217 1113 133 32 corvorum
316 1113 77 32 qui
361 1113 155 32 crocitant.
482 1113 121 32 Amplius
570 1113 99 32 dicit
637 1113 88 32 Deus
692 1113 88 32 Job.
747 1113 77 32 39.
791 1113 66 32 v.
824 1113 77 32 16,
868 1113 77 32 17,
913 1113 77 32 18,
946 1113 55 32 15.

227 1140 88 38 20,
278 1140 88 38 21.
328 1140 125 38 Alamne
416 1140 138 38 pavonum
516 1140 226 38 exsultabundam,
704 1140 75 38 an
742 1140 125 38 pennam
829 1140 163 38 ciconiae,
942 1140 63 38 au-

231 1173 210 38 struthiocamelo
407 1173 117 38 dares?
489 1173 82 38 Qui
535 1173 152 38 relinquit
652 1173 117 38 terrae
734 1173 82 38 ova
781 1173 94 38 sua?
839 1173 58 38 &
863 1173 70 38 in
886 1173 117 38 pulvere,

230 1212 146 36 calefacit
342 1212 78 36 ea:
387 1212 123 36 Oblitus
476 1212 101 36 pedem
544 1212 179 36 compressurum
689 1212 90 36 esse
745 1212 112 36 illud,
824 1212 56 36 &
846 1212 123 36 bestiam
925 1212 78 36 agre,

229 1242 89 37 stem
285 1242 190 37 proculcaturam
441 1242 112 37 illud.
519 1242 89 37 Deus
575 1242 167 37 torrefacies
709 1242 134 37 excludit
809 1242 112 37 pullos
887 1242 89 37 ejus
932 1242 78 37 alie-

219 1272 69 37 na
254 1272 115 37 operae
335 1272 127 37 propter
427 1272 150 37 vanitatem
542 1272 127 37 laboris
634 1272 92 37 ejus
692 1272 69 37 ex
726 1272 138 37 incuria:
830 1272 92 37 Quia
876 1272 138 37 destituit.

232 1309 81 40 eam
279 1309 92 40 Deus
336 1309 161 40 sapientia,
463 1309 104 40 neque
532 1309 184 40 impertiturus
681 1309 81 40 est
727 1309 69 40 ei
762 1309 104 40 istam
819 1309 196 40 intelligentiam,

231 1337 82 40 Quo
278 1337 129 40 tempore
372 1337 70 40 in
407 1337 140 40 excelsum
512 1337 140 40 extollit
617 1337 82 40 se,
664 1337 105 40 ridet
734 1337 105 40 equum
804 1337 58 40 &
828 1337 140 40 sessorem
921 1337 82 40 ejus,

229 1377 70 33 d.
264 1377 94 33 quis
323 1377 94 33 aves
382 1377 106 33 ornat
452 1377 129 33 pennis,
546 1377 94 33 nisi
605 1377 176 33 providentia
746 1377 129 33 divina?
840 1377 106 33 Mirum
910 1377 94 33 vero
957 1377 59 33 est

225 1411 99 32 quod
287 1411 74 32 de
324 1411 211 32 struthionibus
497 1411 99 32 Deus
559 1411 186 32 commemorat.
708 1411 149 32 Struthio
820 1411 87 32 est
870 1411 99 32 avis
919 1411 87 32 crude

223 1437 79 37 lis
268 1437 57 37 &
291 1437 192 37 stolidissima,
449 1437 90 37 quae
505 1437 90 37 etsi
562 1437 124 37 ingenti
652 1437 57 37 &
675 1437 102 37 vasta
743 1437 90 37 mole
799 1437 79 37 sit
845 1437 136 37 corporis
946 1437 57 37 &
958 1437 45 37 ma

227 1477 84 39 gno
275 1477 120 39 robore
359 1477 156 39 praedita,
479 1477 72 39 ac
515 1477 180 39 magnitudine
659 1477 84 39 sua
707 1477 132 39 equitem
803 1477 108 39 etiam
875 1477 96 39 equo
923 1477 108 39 inside-

226 1507 92 41 teni
284 1507 139 41 excedat,
388 1507 104 41 tamen
457 1507 81 41 cum
504 1507 127 41 agitata
596 1507 104 41 ultra
665 1507 139 41 effugere
769 1507 81 41 non
816 1507 127 41 potest,
908 1507 92 41 quum
954 1507 58 41 ca-

228 1541 83 33 but
276 1541 107 33 inter
347 1541 142 33 frutices
453 1541 166 33 abdiderit,
584 1541 107 33 putat
655 1541 71 33 se
690 1541 130 33 reliquo
785 1541 166 33 occultatam
903 1541 107 33 corpore

225 1571 132 43 quumque
321 1571 144 43 ingentia
430 1571 84 43 ova
478 1571 132 43 habeat,
574 1571 120 43 timens
658 1571 72 43 ne
694 1571 96 43 mole
754 1571 84 43 sui
802 1571 144 43 corporis
911 1571 72 43 ea
935 1571 72 43 com-

220 1604 126 40 primat,
311 1604 69 40 in
346 1604 103 40 arena
415 1604 161 40 abscondit,
541 1604 126 40 interim
632 1604 80 40 non
678 1604 149 40 advertit,
793 1604 115 40 multis
862 1604 149 40 discrimini-

221 1637 79 36 bus
266 1637 79 36 ova
311 1637 90 36 esse
367 1637 146 36 exposita.
479 1637 90 36 Deus
535 1637 124 36 interim
625 1637 135 36 excludit
726 1637 112 36 pullos
805 1637 90 36 ejus
861 1637 112 36 calore
928 1637 79 36 Solis

221 1668 99 38 Haec
283 1668 149 38 fiduciam
395 1668 137 38 nostram
494 1668 112 38 alere
569 1668 137 38 debent,
668 1668 99 38 quum
730 1668 99 38 Deus
793 1668 99 38 aves
855 1668 87 38 ita
905 1668 112 38 curet
967 1668 37 38 &

223 1703 168 36 conservet,
355 1703 108 36 ipsum
427 1703 144 36 paternam
535 1703 96 36 cura
595 1703 108 36 multo
667 1703 108 36 magis
739 1703 84 36 nos
787 1703 132 36 homines
871 1703 132 36 complecti

220 1735 60 37 &
244 1735 215 37 conservaturum.
423 1735 83 37 Quo
470 1735 143 37 pertinet
578 1735 72 37 id
614 1735 95 37 quod
673 1735 143 37 Christus
780 1735 107 37 dicit
852 1735 119 37 Matth.
935 1735 72 37 6.
959 1735 48 37 v.

224 1773 79 32 26.
269 1773 146 32 Intuemini
381 1773 67 32 in
415 1773 135 32 volucres
516 1773 112 32 coeli:
594 1773 79 32 non
639 1773 90 32 enim
696 1773 124 32 serunt,
785 1773 101 32 neque
853 1773 124 32 metunt,
931 1773 79 32 neque

223 1804 105 45 cogunt
297 1804 63 45 in
329 1804 116 45 horrea,
413 1804 74 45 sed
455 1804 95 45 Pater
519 1804 84 45 ille
571 1804 105 45 vester
645 1804 137 45 coelestis
750 1804 84 45 alit
803 1804 84 45 eas,
856 1804 95 45 nonne
919 1804 74 45 vos
951 1804 63 45 mul-

225 1834 57 48 to
254 1834 134 48 praestatis
350 1834 57 48 eis?

254 1862 108 48 Sexto,
330 1862 65 48 si
362 1862 65 48 ea
395 1862 87 48 quae
449 1862 65 48 in
481 1862 108 48 avibus
557 1862 162 48 observantur
687 1862 184 48 intelligentia
839 1862 108 48 nostra
914 1862 76 48 non
947 1862 54 48 as-

229 1896 159 38 sequinur;
351 1896 61 38 &
376 1896 73 38 ea
412 1896 159 38 nequaquam
535 1896 122 38 nostro
620 1896 159 38 arbitrio,
743 1896 147 38 nostrave
853 1896 147 38 potentia
951 1896 61 38 mo-

226 1934 148 38 deramur:
337 1934 111 38 multo
411 1934 111 38 minus
485 1934 74 38 in
522 1934 123 38 arcana
608 1934 86 38 Dei
658 1934 148 38 consilia
769 1934 160 38 penetrare
880 1934 123 38 possumus

219 1971 82 38 aut
266 1971 70 38 de
301 1971 82 38 Dei
348 1971 140 38 judiciis
453 1971 152 38 curiosius
570 1971 140 38 quaerere
676 1971 140 38 debemus;
781 1971 94 38 quod
839 1971 94 38 Deus
886 1971 129 38 ostendit.

213 2007 161 41 sequentibus
342 2007 129 41 exemplis
439 2007 151 41 accipitris
557 2007 54 41 &
579 2007 118 41 aquilae
665 2007 75 41 Job
708 2007 75 41 39.
751 2007 65 41 v.
783 2007 54 41 2
805 2007 65 41 9,
837 2007 75 41 30,
880 2007 75 41 31,
923 2007 75 41 32,
955 2007 54 41 33.

223 2038 70 37 An
258 2038 70 37 ex
294 2038 199 37 intelligentia
458 2038 82 37 tua
505 2038 117 37 pennis
587 2038 117 37 utitur
669 2038 164 37 accipiter:
798 2038 117 37 pandit
880 2038 106 37 alias
939 2038 70 37 suas

225 2067 123 46 versus
311 2067 148 46 Austrum?
422 2067 74 46 An
459 2067 74 46 ad
496 2067 198 46 praestitutum
657 2067 99 46 tuum
719 2067 111 46 altum
793 2067 111 46 petit
867 2067 136 46 aquila?
953 2067 62 46 An-

229 2104 109 32 certe
302 2104 145 32 attollit
411 2104 109 32 nidum
483 2104 109 32 suum?
556 2104 109 32 Rupem
629 2104 157 32 inhabitat
750 2104 61 32 &
774 2104 170 32 immoratur,
907 2104 73 32 in
931 2104 73 32 sco-

216 2136 100 35 pulo
278 2136 112 35 rupis
353 2136 62 35 &
378 2136 175 35 munitione:
515 2136 100 35 Unde
577 2136 187 35 pervestigat
727 2136 125 35 cibum,
814 2136 75 35 in
851 2136 175 35 longinquum
976 2136 50 35 o-

219 2170 107 40 culis
290 2170 95 40 ejus
350 2170 190 40 intuentibus.
505 2170 107 40 Etiam
576 2170 107 40 pulli
647 2170 95 40 ejus
707 2170 131 40 sorbent
802 2170 167 40 sanguinem:
933 2170 59 40 &
945 2170 71 40 ubi-

215 2198 92 42 sunt
273 2198 150 42 confossi,
389 2198 81 42 ibi
435 2198 92 42 est.
493 2198 81 42 Ita
539 2198 69 42 ex
573 2198 139 42 mirabili
677 2198 104 42 avium
746 2198 115 42 natura
827 2198 92 42 vult
885 2198 127 42 Dominus
966 2198 46 42 o-

218 2228 123 47 mnium
286 2228 123 47 agnosci

253 2260 130 48 Septimo
348 2260 142 48 virtutum
454 2260 59 48 &
478 2260 142 48 vitiorum
584 2260 130 48 symbola
678 2260 71 48 in
714 2260 118 48 avibus
796 2260 142 48 expressa
903 2260 106 48 sunt.
962 2260 47 48 In

215 2301 134 43 columbis
315 2301 78 43 est
360 2301 134 43 exemplum
461 2301 168 43 patientiae,
595 2301 201 43 mansuetudinis,
762 2301 201 43 simplicitatis,
919 2301 89 43 since-

227 2330 121 42 citatis
315 2330 55 42 &
337 2330 154 42 constantis
457 2330 121 42 fideiin
545 2330 143 42 conjugio:
655 2330 88 42 ideo
710 2330 132 42 Christus
809 2330 110 42 Matth.
885 2330 77 42 10.
929 2330 66 42 v.
951 2330 55 42 16.

215 2363 85 49 ait:
269 2363 106 49 Estote
343 2363 138 49 simplices
450 2363 64 49 ut
481 2363 138 49 columbae.
588 2363 64 49 q.
620 2363 64 49 d.
652 2363 96 49 Sitis
716 2363 106 49 alieni
790 2363 64 49 ab
822 2363 85 49 ira,
875 2363 53 49 &
886 2363 117 49 mansuetis

228 2403 80 44 qui
273 2403 69 44 ne
308 2403 138 44 injuriam
411 2403 115 44 quidem
492 2403 184 44 ulciscamini,
641 2403 103 44 nedum
710 2403 161 44 inferatis.
837 2403 138 44 Ciconiae
929 2403 80 44 pare-

229 2440 79 36 ces
274 2440 101 36 senio
341 2440 146 36 confectos
453 2440 101 36 alunt
521 2440 56 36 &
543 2440 135 36 gestant:
644 2440 90 36 unde
847 2440 79 36 est
892 2440 101 36 vicem
948 2440 56 36 re-

231 2468 141 38 pendere.
337 2468 141 38 Virtutum
442 2468 141 38 imagines
548 2468 94 38 quae
607 2468 94 38 sunt
665 2468 70 38 in
701 2468 117 38 avibus
783 2468 164 38 redarguunt
900 2468 94 38 stupo-

217 2499 92 38 rem
269 2499 66 38 &
296 2499 223 38 obfirmationem
479 2499 144 38 hominum
584 2499 79 38 in
623 2499 144 38 vitiis,
728 2499 197 38 quemadmodum
885 2499 105 38 Deus
937 2499 66 38 di-

224 2530 78 47 cit
269 2530 112 47 Jerem.
347 2530 67 47 8.
380 2530 67 47 v.
414 2530 67 47 7.
448 2530 101 47 Etiam
515 2530 123 47 ciconia
604 2530 67 47 in
638 2530 101 47 coelo
705 2530 101 47 novit
772 2530 101 47 stata
839 2530 123 47 tempora
929 2530 90 47 sua,
973 2530 34 47 &

219 2560 132 46 turtur,
315 2560 132 46 grusque
411 2560 60 46 &
434 2560 132 46 hirundo
530 2560 156 46 observant
650 2560 120 46 tempus
734 2560 144 46 adventus
841 2560 96 46 sui:
901 2560 72 46 at
925 2560 84 46 popu-

226 2592 81 38 lus
273 2592 92 38 meus
330 2592 81 38 non
377 2592 139 38 noverunt
481 2592 81 38 ius
515 2592 116 38 Iehovae.

251 2625 130 49 Contra
342 2625 78 49 in
381 2625 130 49 cuculo
473 2625 196 49 ingratitudo
629 2625 104 49 erga
694 2625 130 49 matrem
785 2625 104 49 quam
851 2625 156 49 devorat:
955 2625 52 49 in

223 2656 104 41 corvo
293 2656 127 41 Spr
385 2656 92 41 erga
443 2656 116 41 foetum
524 2656 173 41 vituperatur

248 2699 135 41 Octavo,
346 2699 98 41 aves
407 2699 98 41 sunt
468 2699 147 41 imagines
578 2699 147 41 certorum
689 2699 135 41 hominum
787 2699 86 41 qui
836 2699 110 41 avium
909 2699 122 41 illari

217 2733 135 46 naturam
315 2733 61 46 &
339 2733 110 46 mores
413 2733 172 46 imitantur:
548 2733 74 46 ut
584 2733 123 46 Aquila
670 2733 110 46 magna
744 2733 110 46 atque
817 2733 110 46 alata
891 2733 86 46 est
927 2733 86 46 imago

223 2758 107 42 Regis
294 2758 83 42 seu
342 2758 166 42 Monarchae,
472 2758 119 42 Ezech.
555 2758 83 42 17.
603 2758 71 42 v.
638 2758 71 42 3.
674 2758 59 42 &
698 2758 190 42 sequentibus.
852 2758 95 42 Vide
899 2758 107 42 Commen-

225 2797 116 43 tatium
307 2797 128 43 nostrum
400 2797 70 43 in
435 2797 174 43 Ezechiclem.
574 2797 81 43 Sic
621 2797 140 43 afflicti
725 2797 128 43 homines
818 2797 186 43 afflictionem
958 2797 58 43 sua

233 2818 157 57 describunt
356 2818 213 57 similitudinibus
536 2818 112 57 sumtis
615 2818 67 57 ab
648 2818 124 57 avibus:
738 2818 112 57 veluti
817 2818 101 57 David
884 2818 79 57 Ps.
929 2818 90 57 102.
974 2818 45 57 8,

227 2854 69 51 9.
261 2854 80 51 sum
307 2854 126 51 tanquam
398 2854 92 51 bubo
455 2854 172 51 vastitatum:
593 2854 126 51 Assidue
684 2854 80 51 sum
730 2854 126 51 similis
822 2854 137 51 passeri,
913 2854 103 51 solita-

234 2894 73 44 rio
275 2894 63 44 in
307 2894 105 44 tecto.
380 2894 63 44 Et
412 2894 136 44 Ezecchias
516 2894 84 44 Jes.
569 2894 73 44 38.
611 2894 73 44 14.
652 2894 63 44 Vt
684 2894 84 44 grus
736 2894 73 44 aut
778 2894 126 44 hirundo,
872 2894 73 44 ita
904 2894 115 44 pipiebam,

230 2914 145 48 gemebam
335 2914 79 48 ut
362 2914 132 48 columba.

265 2948 100 53 Noni,
332 2948 145 53 beneficia
443 2948 78 53 Dei
488 2948 89 53 quae
544 2948 100 53 nobis
611 2948 134 53 exhibet,
711 2948 178 53 illustrantur
845 2948 156 53 similitudini

233 2973 74 62 bus
276 2973 127 62 sipiicis
371 2973 64 62 ab
403 2973 117 62 avibus:
488 2973 64 62 ut
520 2973 96 62 Psal.
584 2973 74 62 91.
626 2973 64 62 4.
658 2973 74 62 Ala
700 2973 74 62 sua
743 2973 159 62 protecturus
870 2973 74 62 est
913 2973 74 62 te,
944 2973 64 62 quum

234 3015 116 51 subalus
319 3015 106 51 ipsius
393 3015 64 51 ie
425 3015 148 51 receperis.
541 3015 64 51 Et
573 3015 74 51 Ps.
616 3015 85 51 163.
669 3015 64 51 5.
700 3015 106 51 Satiat
774 3015 95 51 bonis
838 3015 64 51 os
870 3015 95 51 tuum,
933 3015 106 51 servat

238 3044 73 51 te
274 3044 147 51 recentem
384 3044 134 51 tanquam
482 3044 134 51 aquila,
580 3044 147 51 puecitia
690 3044 98 51 tua.
751 3044 98 51 Deus
812 3044 98 51 enim
874 3044 122 51 animum
947 3044 61 51 ho-

248 3082 93 45 iimis
310 3082 114 45 fidelis
393 3082 72 45 ira
434 3082 83 45 alij
486 3082 104 45 &foret
558 3082 155 45 beneficiis,
683 3082 62 45 ut
714 3082 104 45 semper
786 3082 72 45 sit
828 3082 114 45 vegetus
910 3082 52 45 &
921 3082 93 45 recens,

242 3109 204 49 infractusque
408 3109 165 49 permaneat
535 3109 76 49 ab
573 3109 140 49 omnibus
675 3109 191 49 incommodis.
828 3109 153 49 Quamobre
930 3109 76 49 hae-

243 3136 111 65 firma
317 3136 123 65 piorum
403 3136 185 65 constitutio
551 3136 86 65 cum
600 3136 123 65 vegeta
686 3136 160 65 aquilarum
810 3136 160 65 senectute
920 3136 99 65 compa-

244 3175 64 51 I.
276 3175 95 51 tmut,
340 3175 85 51 quea
393 3175 106 51 natura
467 3175 85 51 sunt
520 3175 74 51 vit
562 3175 148 51 acissimae,
678 3175 53 51 &
700 3175 116 51 amplius
784 3175 95 51 adhuc
848 3175 127 51 victurae
932 3175 85 51 essent

243 3202 110 56 (udeo
316 3202 86 56 ame
365 3202 123 56 vegeto
451 3202 147 56 corpore)
561 3202 98 56 nisi
623 3202 147 56 superius
733 3202 135 56 rostrum
831 3202 135 56 illarum
917 3202 110 56 aduncum

1045 132 108 66 senio
1117 132 180 66 succrescens
1261 132 156 66 curvitate
1381 132 84 66 sua
1429 132 132 66 rostrum
1526 132 144 66 inferius
1634 132 216 66 constringeret,
1802 132 60 66 und

1061 188 66 43 it
1094 188 66 43 ut
1127 188 120 43 aquilae
1214 188 175 43 conficiantur
1357 188 120 43 inedia.
1444 188 88 43 Vide
1499 188 120 43 Aristo.
1586 188 88 43 lib.
1641 188 66 43 9.
1674 188 66 43 de
1707 188 120 43 histor,
1783 188 88 43 anima-

1047 219 105 48 lium,
1117 219 94 48 cap.
1176 219 82 48 32.
1223 219 58 48 &
1246 219 129 48 Plinium
1340 219 94 48 lib.
1398 219 82 48 10.
1445 219 94 48 cap.
1503 219 70 48 3.
1539 219 117 48 Matth.
1620 219 82 48 23.
1667 219 82 48 37.
1714 219 82 48 ait
1749 219 117 48 Christus

1057 257 171 41 Ierusalem,
1191 257 171 41 Ierusalem,
1325 257 183 41 trucidatrix
1472 257 195 41 Prophetarum,
1630 257 61 41 &
1654 257 171 41 lapidatrix
1776 257 98 41 eorum;

1064 288 80 40 qui
1109 288 69 40 ad
1144 288 69 40 te
1178 288 103 40 missi
1247 288 103 40 sunt,
1316 288 126 40 quoties
1407 288 103 40 uolui
1476 288 149 40 cogregare
1591 288 126 40 liberos
1683 288 103 40 tuos,
1740 288 126 40 quemadmo-

1055 334 84 32 dum
1103 334 132 32 gallina
1199 334 155 32 congregat
1318 334 120 32 pullos
1402 334 96 32 suos
1462 334 84 32 sub
1509 334 108 32 alas,
1581 334 60 32 &
1605 334 167 32 noluistis?
1736 334 120 32 Matth.
1808 334 60 32 24.

1053 358 72 44 v.
1089 358 84 44 28.
1137 358 84 44 ait
1185 358 120 44 rursus
1270 358 144 44 Christus
1378 358 144 44 Dominus:
1486 358 156 44 Ubicunque
1606 358 120 44 fuerit
1691 358 144 44 cadaver,
1787 358 84 44 illuc

1043 388 236 39 congregabuntur
1239 388 157 39 aquilae.
1357 388 157 39 Christus
1475 388 144 39 Dominus
1580 388 157 39 comparat
1698 388 79 39 se
1724 388 131 39 cadaver-

1061 429 112 37 ideles
1139 429 89 37 vero
1195 429 134 37 aquilis:
1295 429 56 37 &
1318 429 145 37 sententia
1429 429 89 37 est.
1485 429 112 37 Filius
1563 429 123 37 hominis
1653 429 145 37 celeriter
1753 429 112 37 illustra

1053 463 164 43 praesentia
1182 463 82 43 sua
1229 463 128 43 aderit,
1322 463 70 43 ad
1357 463 93 43 quem
1415 463 105 43 omnes
1486 463 140 43 fideles,
1591 463 152 43 aquilarum
1707 463 117 43 instar
1778 463 93 43 aggre

1049 499 126 41 abuntur.

1078 517 118 51 Decimo
1161 517 141 51 admonent
1267 517 83 51 nos
1314 517 94 51 aves
1373 517 130 51 officii
1467 517 130 51 nostri.
1562 517 83 51 Sic
1609 517 153 51 Chrysost.
1727 517 94 51 ait.
1774 517 94 51 homit-

1051 563 81 34 24.
1098 563 69 34 in
1132 563 69 34 I.
1167 563 93 34 Cor.
1225 563 81 34 10.
1271 563 127 34 Aquilae
1364 563 69 34 in
1399 563 81 34 hac
1445 563 93 34 vita
1503 563 104 34 facti
1573 563 69 34 ad
1607 563 104 34 ipsum
1677 563 116 34 coelum
1746 563 116 34 evolemus

1048 598 80 32 vel
1093 598 115 32 potius
1174 598 103 32 supra
1242 598 126 32 coelum.
1334 598 80 32 Ubi
1380 598 92 32 enim
1437 598 137 32 cadaver,
1540 598 115 32 inquit
1620 598 103 32 illic
1689 598 57 32 &
1712 598 137 32 aquilae.
1804 598 57 32 Ca-

1054 628 103 42 daver
1122 628 115 42 Domini
1202 628 115 42 corpus
1283 628 126 42 propter
1374 628 126 42 mortem:
1466 628 92 42 nisi
1523 628 92 42 enim
1581 628 92 42 ille
1638 628 172 42 cecidisset,
1775 628 80 42 nos
1810 628 57 42 non

1056 666 200 36 resurreximus.
1221 666 129 36 Aquilas
1315 666 106 36 autem
1386 666 153 36 appellat,
1503 666 71 36 ut
1539 666 153 36 estendat,
1656 666 71 36 ad
1692 666 94 36 alta
1750 666 82 36 eum
1786 666 82 36 opor-

1054 694 95 45 tere
1114 694 178 45 contendere,
1256 694 83 45 qui
1304 694 71 45 ad
1339 694 83 45 hoc
1387 694 119 45 corpus
1470 694 143 45 accedit,
1577 694 59 45 &
1601 694 107 45 nihil
1672 694 83 45 cum
1719 694 107 45 terra
1779 694 83 45 deber

1047 733 70 38 ei
1082 733 93 38 esse
1141 733 140 38 commune,
1246 733 105 38 neque
1316 733 70 38 ad
1351 733 152 38 inferiora
1467 733 105 38 trahi
1537 733 58 38 &
1561 733 128 38 repere,
1654 733 82 38 sed
1701 733 70 38 ad
1736 733 152 38 superior.

1050 760 114 45 semper
1130 760 126 45 volare,
1221 760 57 45 &
1244 760 69 45 in
1278 760 103 45 Solem
1347 760 148 45 justitiae
1461 760 137 45 intueri,
1564 760 148 45 mentisque
1678 760 114 45 oculum
1746 760 126 45 acutissi-

1050 797 90 40 mum
1102 797 142 40 habere.
1205 797 168 40 Aquilarum
1334 797 116 40 enim,
1411 797 90 40 non
1463 797 180 40 graculorum
1604 797 103 40 haec
1669 797 116 40 mensa
1746 797 103 40 est.
1798 797 64 40 Hi-

1051 834 108 47 rundo
1123 834 108 47 novit
1195 834 120 47 pullos
1279 834 96 47 suos
1339 834 72 47 de
1375 834 108 47 succo
1447 834 132 47 oculare
1542 834 192 47 chelidoniae:
1698 834 72 47 ut
1734 834 84 47 nos
1770 834 108 47 ignore-

1054 870 83 35 mus
1102 870 154 35 medicinam
1220 870 166 35 caecitatis
1350 870 130 35 nostrae
1433 870 107 35 nativae

1083 893 161 42 Undecimo
1203 893 161 42 petuntur
1324 893 188 42 metaphorae
1472 893 80 42 ab
1512 893 134 42 avibus
1606 893 80 42 ad
1646 893 94 42 Dei
1700 893 121 42 opera
1767 893 107 42 aliquo

1052 928 97 42 modo
1113 928 182 42 adumbranda,
1258 928 73 42 ut
1295 928 121 42 Genes.
1380 928 73 42 1.
1416 928 73 42 v.
1453 928 73 42 2.
1489 928 146 42 Spiritus
1599 928 85 42 Dei
1647 928 158 42 incubabat
1757 928 121 42 superfi-

1056 964 90 39 ciei
1112 964 135 39 aquarum.
1213 964 101 39 Psal.
1280 964 79 39 18.
1325 964 79 39 11.
1370 964 67 39 Et
1404 964 135 39 insidens
1505 964 157 39 cherubinis
1628 964 112 39 volat,
1707 964 157 39 volitatque
1819 964 56 39 su-

1061 1003 88 34 per
1112 1003 100 34 alas
1174 1003 126 34 venti.
1262 1003 100 34 Item
1325 1003 75 34 ad
1363 1003 138 34 Angelos
1463 1003 163 34 metaphora
1589 1003 100 34 hine
1652 1003 213 34 accommodatur,
1815 1003 50 34 ut

1062 1032 94 46 Dan.
1121 1032 83 46 21.
1168 1032 106 46 dicit
1239 1032 141 46 Propheta
1345 1032 71 46 de
1381 1032 118 46 angelo
1463 1032 94 46 Dei,
1522 1032 200 46 contentissime
1687 1032 141 46 advolans
1781 1032 83 46 teti-

1060 1061 82 48 git
1107 1061 82 48 me.
1154 1061 71 48 Ad
1190 1061 129 48 homines
1284 1061 165 48 similiter,
1413 1061 71 48 ut
1448 1061 118 48 Jerem.
1530 1061 82 48 48.
1577 1061 82 48 40.
1624 1061 94 48 Ecce
1683 1061 129 48 similis
1777 1061 118 48 aquile

1057 1100 158 36 involabit
1178 1100 134 36 hostis,
1276 1100 158 36 pandetque
1397 1100 97 36 alas
1458 1100 97 36 suas
1519 1100 73 36 in
1555 1100 134 36 Moabum.
1652 1100 73 36 Ad
1689 1100 158 36 Ecclesiam
1798 1100 85 36 itide

1054 1135 126 43 Apocal.
1145 1135 80 43 12.
1191 1135 69 43 v.
1226 1135 80 43 14.
1271 1135 80 43 Sed
1317 1135 103 43 datae
1386 1135 92 43 sunt
1443 1135 126 43 mulieri
1535 1135 92 43 alae
1592 1135 92 43 duae
1650 1135 126 43 aquilae
1741 1135 126 43 magnae,
1822 1135 57 43 ut.

1064 1169 125 36 volaret
1155 1169 57 36 a
1178 1169 148 36 conspectu
1292 1169 148 36 serpentis
1406 1169 68 36 in
1429 1169 125 36 desertum.

1094 1194 167 41 Duodecimo
1223 1194 154 41 sumuntur
1339 1194 219 41 comparationes
1519 1194 77 41 ab
1557 1194 129 41 avibus
1647 1194 77 41 ad
1686 1194 167 41 nuthesias
1802 1194 77 41 con-

1053 1225 182 42 stituendas:
1198 1225 73 42 ut
1234 1225 109 42 Prov.
1307 1225 73 42 7.
1343 1225 85 42 23.
1392 1225 109 42 docet
1464 1225 133 42 Salomon
1561 1225 97 42 quod
1622 1225 109 42 omnis
1694 1225 85 42 qui
1731 1225 145 42 meretricis

1068 1266 151 44 enocinia
1182 1266 164 44 sequitur,
1308 1266 76 44 in
1345 1266 138 44 exitium
1446 1266 101 44 suum
1509 1266 164 44 properet:
1635 1266 189 44 quemadmodum
1773 1266 101 44 festi-

1062 1305 81 35 nat
1109 1305 93 35 avis
1167 1305 70 35 ad
1202 1305 140 35 laqueum,
1307 1305 140 35 nesciens
1411 1305 116 35 contra
1493 1305 105 35 vitam
1563 1305 93 35 suam
1621 1305 105 35 illum
1691 1305 105 35 esse.
1760 1305 70 35 Et
1795 1305 93 35 cap.

1060 1334 68 41 1.
1094 1334 79 41 17.
1139 1334 90 41 ait:
1195 1334 124 41 Frustra
1286 1334 136 41 panditur
1388 1334 90 41 rete
1444 1334 90 41 ante
1501 1334 113 41 oculos
1580 1334 102 41 omnis
1648 1334 124 41 alitis.
1738 1334 113 41 Sensus
1806 1334 68 41 est;

1065 1365 130 35 Homines
1159 1365 130 35 improbi
1254 1365 130 35 praedae
1348 1365 165 35 inhiantes,
1478 1365 141 35 utcunque
1584 1365 94 35 sibi
1642 1365 153 35 videantur
1760 1365 94 35 esse
1807 1365 71 35 cer-

1065 1401 72 38 ti
1101 1401 72 38 de
1137 1401 143 38 potiunda
1244 1401 131 38 praeda:
1339 1401 107 38 tamen
1411 1401 83 38 non
1459 1401 107 38 magis
1530 1401 167 38 confirmare
1661 1401 131 38 possunt
1757 1401 72 38 se
1781 1401 83 38 effe-

1069 1433 117 41 cturos
1151 1433 140 41 consilia
1257 1433 94 41 sua,
1315 1433 94 41 quam
1374 1433 117 41 auceps
1455 1433 70 41 se
1491 1433 140 41 capturum
1596 1433 94 41 aves
1654 1433 222 41 praetervolantes
1830 1433 35 41 &

1053 1468 173 41 observantes
1192 1468 115 41 retia.
1273 1468 104 41 Prov.
1342 1468 81 41 26.
1388 1468 69 41 v.
1423 1468 69 41 2.
1457 1468 69 41 Ut
1492 1468 127 41 avicula
1584 1468 138 41 errando:
1688 1468 69 41 ut
1723 1468 127 41 hirundo
1803 1468 58 41 vo-

1058 1499 137 42 litando:
1161 1499 80 42 ita
1206 1499 160 42 maledictio
1333 1499 137 42 immerita
1436 1499 80 42 non
1481 1499 149 42 adventura
1596 1499 92 42 est.
1653 1499 69 42 Et
1688 1499 69 42 c.
1722 1499 80 42 27.
1768 1499 69 42 8.
1802 1499 69 42 Vt
1825 1499 46 42 a-

1059 1536 113 36 vicula
1138 1536 91 36 quae
1195 1536 102 36 errat
1263 1536 57 36 a
1286 1536 91 36 nido
1342 1536 91 36 suo,
1399 1536 79 36 ita
1444 1536 79 36 est
1490 1536 79 36 vir
1535 1536 79 36 qui
1580 1536 102 36 errat
1648 1536 57 36 a
1671 1536 91 36 loco
1728 1536 91 36 suo.
1773 1536 91 36 Senten

1068 1568 80 40 cia
1113 1568 91 40 est;
1170 1568 80 40 Qui
1215 1568 114 40 temere
1295 1568 102 40 sedes
1363 1568 102 40 mutat
1431 1568 57 40 &
1454 1568 159 40 conditioni
1579 1568 91 40 suae
1636 1568 80 40 non
1681 1568 170 40 acquiescit,
1817 1568 80 40 sed

1056 1607 95 36 nova
1115 1607 142 36 consilia
1222 1607 154 36 suscipit,
1341 1607 83 36 non
1388 1607 95 36 bone
1447 1607 154 36 explorata
1566 1607 154 36 voluntate
1684 1607 95 36 Dei,
1743 1607 59 36 &
1755 1607 107 36 vocatio

1067 1635 82 44 nem
1114 1635 94 44 suam
1173 1635 141 44 deserit,
1278 1635 70 44 is
1314 1635 82 44 non
1361 1635 106 44 magis
1431 1635 106 44 sapit
1501 1635 82 44 aut
1548 1635 129 44 constat
1642 1635 106 44 sibi,
1712 1635 94 44 quam
1759 1635 106 44 avicula

1057 1666 88 40 sit
1108 1666 100 40 erro
1170 1666 63 40 &
1195 1666 100 40 sibi
1258 1666 100 40 ipse
1321 1666 151 40 plurimum
1434 1666 125 40 nocet.
1522 1666 151 40 Christus
1635 1666 138 40 Dominus
1735 1666 113 40 utens
1798 1666 75 40 com-

1061 1708 149 37 paratione
1175 1708 57 37 a
1198 1708 149 37 dissimili
1313 1708 80 37 ait
1359 1708 115 37 Matth.
1440 1708 69 37 8.
1474 1708 80 37 20.
1520 1708 115 37 Vulpes
1601 1708 115 37 habent
1681 1708 126 37 lustra;
1773 1708 57 37 &
1785 1708 80 37 volus

1065 1741 93 39 eres
1124 1741 105 39 coeli
1194 1741 117 39 nidos:
1276 1741 117 39 Filius
1357 1741 105 39 autem
1427 1741 128 39 hominis
1521 1741 82 39 non
1567 1741 105 39 habet
1637 1741 82 39 ubi
1684 1741 105 39 caput
1743 1741 128 39 reclinet.

1061 1766 100 43 Multa
1128 1766 89 43 alia
1183 1766 78 43 jam
1228 1766 156 43 praetereo:
1350 1766 89 43 ista
1406 1766 156 43 speciminis
1528 1766 89 43 ergo
1584 1766 167 43 sufficiant:
1717 1766 122 43 adiicio
1795 1766 67 43 ali-

1059 1800 93 50 quid
1118 1800 70 50 de
1141 1800 105 50 apibus,

1095 1830 180 49 APESitidem
1236 1830 141 49 geminum
1339 1830 103 49 usum
1403 1830 115 49 nobis
1480 1830 167 49 praebent,
1608 1830 180 49 corporalem
1750 1830 64 49 &
1762 1830 103 49 spiri-

1064 1870 139 43 tualem.
1166 1870 89 43 Nam
1216 1870 101 43 quod
1280 1870 76 43 ad
1318 1870 177 43 corporalem
1457 1870 101 43 usum
1520 1870 152 43 attinet,
1634 1870 101 43 apes
1697 1870 89 43 mel
1735 1870 127 43 conficiu

1059 1902 158 36 hominibus
1180 1902 109 36 utile
1253 1902 73 36 ad
1289 1902 121 36 cibum,
1374 1902 73 36 ad
1410 1902 170 36 medicinam,
1544 1902 73 36 ad
1580 1902 97 36 alia
1641 1902 109 36 vitae
1714 1902 133 36 humanae
1798 1902 61 36 con

1060 1939 110 39 moda:
1133 1939 85 39 qua
1182 1939 73 39 in
1218 1939 73 39 re
1255 1939 171 39 singularis
1389 1939 134 39 bonitas
1487 1939 85 39 Dei
1536 1939 73 39 in
1572 1939 110 39 genus
1646 1939 134 39 humanum
1743 1939 134 39 elucet.

1079 1969 191 34 Spiritualis
1232 1969 102 34 usus
1296 1969 77 34 ad
1334 1969 128 34 animum
1424 1969 179 34 erudiendum
1564 1969 166 34 pertinens
1691 1969 89 34 est
1730 1969 140 34 praecipue

1065 2003 164 35 potandus.
1192 2003 126 35 Initio
1280 2003 101 35 Apum
1344 2003 139 35 politia
1445 2003 63 35 &
1470 2003 164 35 Oeconomia
1596 2003 215 35 venustissimas
1761 2003 101 35 imagi-

1058 2037 81 31 nes
1105 2037 162 31 spectandas
1232 2037 139 31 exhibet:
1336 2037 69 31 ad
1371 2037 81 31 Dei
1417 2037 139 31 gloriam,
1521 2037 58 31 &
1544 2037 127 31 hominis
1637 2037 93 31 pii,
1695 2037 69 31 in
1729 2037 127 31 officio
1810 2037 58 31 se-

1067 2070 99 44 luli,
1133 2070 55 44 &
1155 2070 186 44 circumspecti,
1308 2070 186 44 institutionem
1461 2070 153 44 facientes.
1581 2070 77 44 Sed
1625 2070 77 44 hoc
1669 2070 99 44 artis
1735 2070 88 44 est,
1778 2070 88 44 imagis

1066 2104 85 30 les
1114 2104 109 30 illas
1187 2104 146 30 personis
1297 2104 109 30 recte
1370 2104 194 30 accommodare.
1528 2104 146 30 Heroicus
1637 2104 97 30 ille
1698 2104 134 30 hominum
1783 2104 85 30 supe-

1058 2136 128 42 tiorum
1148 2136 115 42 ordo,
1224 2136 153 42 consilio
1339 2136 89 42 Dei
1390 2136 77 42 in
1429 2136 166 42 Republica
1557 2136 179 42 ubernanda
1697 2136 166 42 serviens,
1812 2136 64 42 nas

1059 2167 144 37 imagines
1167 2167 84 37 non
1215 2167 96 37 sine
1276 2167 120 37 fructu
1360 2167 169 37 perdendere
1492 2167 120 37 potest
1577 2167 60 37 &
1589 2167 96 37 debet.

1082 2205 113 30 Solus
1158 2205 100 30 apum
1220 2205 100 30 rex,
1283 2205 88 30 seu
1333 2205 138 30 aculeum
1434 2205 88 30 quo
1484 2205 125 30 laedat
1572 2205 88 30 non
1622 2205 125 30 habet,
1709 2205 88 30 seu
1760 2205 75 30 co
1797 2205 88 30 non
1835 2205 50 30 u-

1053 2236 117 32 titur:
1135 2236 70 32 ut
1170 2236 105 32 autem
1241 2236 129 32 corpore
1334 2236 141 32 grandior
1440 2236 141 32 caeteris
1545 2236 94 32 est,
1604 2236 82 32 sic
1651 2236 105 32 habet
1721 2236 129 32 minores
1803 2236 82 32 alas:

1055 2268 101 48 etsi
1118 2268 101 48 vero
1181 2268 88 48 non
1232 2268 151 48 operatur
1345 2268 113 48 ipse,
1420 2268 201 48 circumvolans
1584 2268 126 48 tamen,
1672 2268 151 48 caeteras
1773 2268 113 48 quodam-

1052 2304 106 34 modo
1118 2304 198 34 exhortatur:
1277 2304 93 34 Ita
1330 2304 132 34 Reges.
1422 2304 185 34 Principes,
1568 2304 159 34 Comites,
1687 2304 119 34 manus
1753 2304 132 34 innocen-

1063 2338 73 36 es
1099 2338 60 36 &
1123 2338 73 36 ad
1293 2338 97 36 seun
1353 2338 206 36 heneficentiam
1522 2338 133 36 paratas
1619 2338 133 36 habere:
1716 2338 109 36 forti
1776 2338 109 36 dextera

1063 2368 95 35 pios
1123 2368 119 35 tueri,
1206 2368 131 35 neminem
1301 2368 143 35 consulto
1409 2368 143 35 laedere,
1516 2368 143 35 omnibus,
1623 2368 131 35 quantum
1718 2368 107 35 fieri
1778 2368 107 35 potest,

1054 2405 137 46 prodesse
1156 2405 91 46 suis
1213 2405 137 46 consilio
1316 2405 57 46 &
1338 2405 171 46 auctoritate
1475 2405 114 46 adesse
1555 2405 57 46 &
1578 2405 114 46 pesse,
1657 2405 91 46 opus
1714 2405 80 46 est
1760 2405 57 46 &
1771 2405 114 46 oportet.

1085 2438 160 28 Syracides:
1210 2438 114 28 Parva,
1290 2438 91 28 ait,
1348 2438 103 28 inter
1416 2438 137 28 volucres
1519 2438 91 28 apis
1576 2438 91 28 est:
1633 2438 57 28 &
1656 2438 126 28 fructus
1748 2438 91 28 ejus
1794 2438 91 28 dulce-

1054 2468 110 41 dinis
1127 2468 122 41 primas
1213 2468 147 41 obtinet.
1323 2468 110 41 Facit
1396 2468 110 41 eadem
1469 2468 98 41 opus
1531 2468 183 41 admirabile:
1677 2468 61 41 &
1702 2468 147 41 politiam
1799 2468 86 41 suam,

1049 2506 106 35 miro
1115 2506 133 35 quodam
1208 2506 106 35 modo
1274 2506 173 35 instituit
1407 2506 66 35 &
1434 2506 186 35 moderatur.
1580 2506 93 35 Sic
1633 2506 173 35 nonnunqua
1752 2506 133 35 miranda,

1057 2537 121 37 ingenii
1145 2537 77 37 vis
1189 2537 55 37 &
1210 2537 132 37 solertia
1309 2537 66 37 in
1342 2537 77 37 iis
1386 2537 88 37 est,
1441 2537 77 37 qui
1484 2537 121 37 pusillo
1572 2537 88 37 sunt
1627 2537 121 37 corpore
1715 2537 55 37 &
1736 2537 121 37 viribus
1813 2537 55 37 te-

1046 2573 141 44 nuibus.
1149 2573 77 44 Ut
1187 2573 115 44 autem
1264 2573 77 44 ad
1302 2573 115 44 omnia
1379 2573 154 44 sexcepta
1494 2573 128 44 rumice
1584 2573 64 44 &
1609 2573 179 44 chenodope)
1750 2573 102 44 apes
1801 2573 64 44 ad-

1052 2607 130 44 volant,
1147 2607 142 44 floribus
1253 2607 106 44 autem
1324 2607 118 44 nullis
1407 2607 130 44 nocent:
1501 2607 83 44 Sic
1549 2607 142 44 primores
1655 2607 118 44 populi
1738 2607 95 44 Dei,
1785 2607 83 44 omniu

1050 2636 185 38 subjectorum
1198 2636 99 38 cura
1259 2636 111 38 duci,
1333 2636 123 38 nemini
1420 2636 111 38 autem
1494 2636 136 38 nocere,
1593 2636 123 38 nemini
1679 2636 123 38 timori
1765 2636 62 38 &
1778 2636 86 38 frau-

1058 2665 63 44 di
1090 2665 84 44 esse
1132 2665 95 44 debent.

1089 2701 109 44 Sicut
1161 2701 109 44 tamen
1234 2701 145 44 Apiculae
1343 2701 60 44 a
1367 2701 145 44 marcidis
1475 2701 145 44 floribus
1584 2701 169 44 abstinent:
1717 2701 145 44 Mortuis,
1814 2701 60 44 ait

1063 2733 145 43 Plinius,
1171 2733 145 43 floribus
1280 2733 133 43 quidem,
1377 2733 84 43 non
1425 2733 96 43 modo
1485 2733 169 43 corporibus
1618 2733 157 43 insidunt:
1738 2733 84 43 Ita
1775 2733 96 43 heroi-

1056 2772 83 40 cis
1104 2772 131 40 naturis
1199 2772 59 40 a
1222 2772 119 40 vitiis
1305 2772 59 40 &
1329 2772 59 40 a
1353 2772 142 40 vitiosis
1460 2772 154 40 hominibus
1578 2772 190 40 abstinendum:
1721 2772 142 40 Adulatores

1062 2804 174 48 Voluptatum
1199 2804 187 48 administri,
1348 2804 62 48 &
1373 2804 87 48 qui
1423 2804 137 48 mortuos
1523 2804 162 48 refodiunt
1647 2804 62 48 &
1672 2804 162 48 conviciis
1784 2804 75 48 pro-

1047 2830 150 44 scindunt,
1162 2830 173 44 Sycophantae
1300 2830 58 44 &
1323 2830 92 44 alii
1380 2830 150 44 alastores
1495 2830 150 44 aversandi
1599 2830 81 44 sunt,

1080 2861 193 53 Quemadmodum
1234 2861 103 53 vero
1299 2861 116 53 apes,
1376 2861 90 53 non
1427 2861 141 53 quidvis
1530 2861 77 53 ex
1568 2861 141 53 omnibus
1671 2861 180 53 colligunt:
1800 2861 64 53 sed

1047 2901 130 49 aliunde
1142 2901 118 49 metyn,
1224 2901 130 49 aliunde
1319 2901 177 49 pissoceron,
1460 2901 130 49 aliunde
1555 2901 154 49 propolin,
1673 2901 130 49 aliunde
1756 2901 106 49 rhytha-

1053 2932 93 44 cen,
1111 2932 127 44 aliunde
1204 2932 139 44 sobolem,
1308 2932 127 44 aliunde
1401 2932 93 44 mel.
1459 2932 81 44 Sic
1505 2932 104 44 decet
1575 2932 197 44 Gubernatores,
1737 2932 93 44 alia
1783 2932 81 44 offi-

1063 2963 76 49 cia
1107 2963 120 49 exigere
1194 2963 55 49 a
1216 2963 153 49 Theologis,
1336 2963 87 49 alia
1390 2963 65 49 ab
1423 2963 207 49 Jurisconsultis,
1597 2963 87 49 alia
1652 2963 55 49 a
1674 2963 164 49 Nobilitate,
1794 2963 65 49 alis

1058 2996 52 48 a
1078 2996 125 48 Civibus,
1172 2996 83 48 alia
1224 2996 114 48 denique
1307 2996 62 48 ab
1338 2996 114 48 insimae
1421 2996 94 48 notae
1484 2996 135 48 hominibus
1588 2996 135 48 terraeque
1692 2996 114 48 filiis.
1775 2996 73 48 Est
1806 2996 52 48 au-

1065 3036 78 48 em
1104 3036 182 48 singularis
1247 3036 156 48 cujusdam
1364 3036 156 48 judicii,
1482 3036 234 48 animadvertere,
1677 3036 104 48 quid
1729 3036 130 48 unumquem

1056 3071 86 44 que
1105 3071 136 44 ordinem
1204 3071 136 44 deceat,
1302 3071 99 44 quid
1364 3071 136 44 quisque
1463 3071 160 44 praestare
1586 3071 136 44 possit:
1685 3071 62 44 &
1710 3071 74 44 ad
1734 3071 136 44 harmoniam

1063 3102 153 36 quandam
1174 3102 139 36 omnium
1271 3102 153 36 ordinum
1382 3102 153 36 homines
1479 3102 139 36 reducere

1086 3132 123 49 Solent
1172 3132 111 49 apes,
1246 3132 135 49 quoties
1344 3132 111 49 coeli
1418 3132 160 49 clementia
1541 3132 62 49 &
1566 3132 172 49 commoditas
1701 3132 148 49 invitat,
1799 3132 62 49 non

1066 3160 110 55 autem
1139 3160 122 55 statis
1224 3160 134 55 diebus,
1321 3160 97 55 opus
1382 3160 97 55 suum
1443 3160 158 55 peragere.
1565 3160 97 55 Idem
1626 3160 122 55 facere
1699 3160 170 55 Gubernatores

1060 3199 134 41 oportet,
1160 3199 67 41 de
1193 3199 100 41 quib.
1260 3199 134 41 dicitur:
1360 3199 100 41 R
1672 3199 122 41 .
1761 3199 78 41 Sed
1794 3199 67 41 tame

1058 3235 108 45 absit
1130 3235 120 45 ironia
1215 3235 60 45 &
1239 3235 108 45 noxia
1311 3235 181 45 hypocrisis.
1455 3235 84 45 Non
1504 3235 96 45 enim
1564 3235 96 45 sine
1624 3235 108 45 summo
1696 3235 145 45 consilio
1793 3235 72 45 Fri
