2063 3449
179 189 156 53 stimonio
296 189 117 53 nobis
374 189 91 53 non
426 189 156 53 constat,
543 189 182 53 Scripturam
685 189 195 53 Propheticam
841 189 65 53 &
854 189 143 53 Apostoli-

174 235 87 42 eam
223 235 99 42 esse
285 235 99 42 vere
334 235 124 42 divinam,

212 275 102 42 Atqui
280 275 136 42 Ecclesia
381 275 79 42 non
427 275 79 42 est
472 275 147 42 αυτοπιςος
585 275 113 42 testis
664 275 158 42 veritatis:
789 275 102 42 Ergo,
845 275 57 42 &c.

215 308 147 43 Issumtio
325 308 86 43 est
374 308 171 43 verissima:
509 308 86 43 nam
558 308 147 43 Ecclesia
668 308 73 43 ne
705 308 135 43 minimam
803 308 122 43 quidem
876 308 98 43 autori

174 334 112 44 tatem
248 334 112 44 habet
322 334 198 44 testificandi
483 334 62 44 &
508 334 186 44 praedicandi
657 334 161 44 quicquam,
781 334 99 44 nisi
843 334 99 44 quod
905 334 62 44 a
917 334 62 44 Deo

171 374 84 40 per
219 374 156 40 Prophetas
339 374 60 40 &
363 374 156 40 Apostolos
482 374 132 40 accepit
578 374 132 40 dicente
674 374 144 40 Apostolo
782 374 96 40 Gal.
841 374 72 40 1.
877 374 108 40 vers.
937 374 48 40 9.

180 405 70 32 Si
215 405 93 32 quis
273 405 105 32 vobis
343 405 221 32 evangelizaverit
529 405 174 32 praeterquam
668 405 93 32 quod
726 405 174 32 accepistis,
854 405 128 32 anathema.

179 435 95 45 sit.
238 435 95 45 Ergo
298 435 95 45 quod
357 435 142 45 Ecclesia
464 435 131 45 accipit
559 435 59 45 a
583 435 83 45 Deo
630 435 83 45 per
677 435 154 45 Prophetas
796 435 59 45 &
820 435 154 45 Apostolos
927 435 47 45 i1

182 469 145 37 Scripturis
296 469 114 37 Sacris,
379 469 62 37 id
410 469 135 37 testatur:
514 469 93 37 aliud
576 469 62 37 si
607 469 83 37 quid
659 469 114 37 testata
742 469 114 37 fuerit,
814 469 156 37 ψoυδομαρτυνε,

220 503 75 36 V.
257 503 175 36 Quodcunque
395 503 188 36 testimonium
545 503 88 36 per
595 503 75 36 se
632 503 100 36 mere
695 503 138 36 humanum
795 503 100 36 est,
857 503 75 36 ex
895 503 75 36 eo
920 503 63 36 so-

170 534 79 39 lo
209 534 171 39 nequaquam
341 534 118 39 nobis
419 534 158 39 constat,
538 534 184 39 Scripturam
682 534 197 39 Propheticam
840 534 66 39 &
853 534 118 39 Aposto-

175 567 107 41 licam
247 567 95 41 esse
306 567 95 41 vere
354 567 119 41 divinam:

214 597 108 46 Atqui
286 597 156 46 Ecclesiae
406 597 180 46 testimonium
549 597 84 46 per
597 597 72 46 se
633 597 96 46 mere
693 597 132 46 humanum
789 597 108 46 est;:
860 597 108 46 Ergo,
920 597 60 46 &c.

286 642 84 53 Sic
334 642 96 53 fuit
394 642 108 53 prima
466 642 144 53 quaestio
574 642 72 53 de
611 642 168 53 testimonio
731 642 144 53 Ecclesiae,

339 687 440 67 CAPUTTII

171 751 96 71 In
219 751 111 71 quo
283 751 239 71 refelluntur
474 751 207 71 argumenta
633 751 239 71 Papistarum,
824 751 159 71 quibus
919 751 64 71 e-

248 812 155 46 uincere
361 812 183 46 conantur,
502 812 141 46 Sacrae
600 812 197 46 Scripturae
741 812 155 46 autorita-

329 851 97 56 tem
385 851 70 56 a
413 851 195 56 testimonio
566 851 181 56 Ecclesiae
691 851 139 56 pendere.

205 894 120 53 EcUNEA
289 894 144 53 quaestio
397 894 96 53 est;
457 894 72 53 An
493 894 120 53 Sacrae
577 894 168 53 Scripturae
710 894 156 53 autoritas
830 894 60 53 a
842 894 144 53 testimonia

207 938 165 48 PEcclesiae
325 938 118 48 pendeat?

270 957 139 43 Papistae
375 957 163 43 affirmant;
503 957 105 43 freti
572 957 163 43 argumentis
688 957 163 43 sequentibus:

249 1005 179 32 Quodcunque
390 1005 90 32 est
441 1005 128 32 primum
531 1005 128 32 medium
621 1005 90 32 per
672 1005 102 32 quod
736 1005 205 32 cognoscitur,
890 1005 102 32 Sacram

185 1035 154 33 Scripturam
306 1035 88 33 esse
361 1035 88 33 vere
416 1035 132 33 divinam,
515 1035 66 33 ab
548 1035 66 33 eo
581 1035 99 33 cerre
648 1035 110 33 pendet
725 1035 110 33 Sacrae
802 1035 154 33 Scripturae
912 1035 77 33 auto-

184 1063 115 37 ritas:
265 1063 104 37 Atqui
334 1063 173 37 testimonium
473 1063 150 37 Ecclesiae
588 1063 81 37 est
634 1063 115 37 primum
715 1063 115 37 medium
796 1063 81 37 per
842 1063 92 37 quod
888 1063 92 37 cogno-

183 1094 117 51 scitur
265 1094 117 51 Sacram
347 1094 163 51 Scripturam
475 1094 93 51 esse
534 1094 93 51 vere
580 1094 117 51 divinam,

224 1132 85 36 Ergo
277 1132 53 36 a
299 1132 149 36 testimonio
415 1132 138 36 Ecclesiae
522 1132 106 36 pendet
596 1132 106 36 Sacrae
670 1132 149 36 Scripturae
776 1132 117 36 autoritas

222 1158 149 45 Assumtio
333 1158 149 45 probatur
445 1158 75 45 ex
483 1158 99 45 Rom.
545 1158 87 45 10.
595 1158 75 45 v.
632 1158 87 45 24.
682 1158 87 45 15.
731 1158 137 45 Quomodo
831 1158 149 45 credent,
930 1158 75 45 nisi

180 1198 145 43 audiant?
289 1198 133 43 Quomodo
386 1198 145 43 audient,
495 1198 97 43 sine
556 1198 194 43 praedicante;
713 1198 133 43 quomodo
810 1198 206 43 praedicabunt,

190 1235 87 31 nisi
245 1235 152 31 mittantur?
364 1235 76 31 Ita
408 1235 87 31 nemo
462 1235 98 31 nost:
528 1235 65 31 um
560 1235 87 31 est,
615 1235 76 31 cui
658 1235 76 31 non
702 1235 109 31 fuerit
778 1235 163 31 testimonium
898 1235 87 31 Eccle-

184 1262 91 50 siae
241 1262 103 50 midis
309 1262 114 50 primum
389 1262 80 50 per
435 1262 91 50 quod
492 1262 137 50 cognovit
594 1262 114 50 Sacram
674 1262 148 50 Scriptura
788 1262 91 50 esse
845 1262 91 50 vere
891 1262 91 50 divina

216 1292 118 41 RESP.
294 1292 118 41 Matar
373 1292 183 41 propositio
517 1292 157 41 negatur:
635 1292 105 41 quia
700 1292 92 41 non
752 1292 105 41 omne
818 1292 131 41 primum
896 1292 105 41 medium

196 1330 77 37 per
240 1330 88 37 quod
295 1330 66 37 in
328 1330 132 37 alicujus
426 1330 77 37 rei
470 1330 165 37 cognitionem
602 1330 154 37 deducimur,
723 1330 77 37 est
767 1330 121 37 idcirco
854 1330 77 37 ita
887 1330 99 37 suffici

181 1365 91 34 ens,
238 1365 69 34 ut
272 1365 69 34 ab
306 1365 69 34 eo
340 1365 80 34 rei
386 1365 114 34 illius
466 1365 126 34 pendeat
557 1365 148 34 autoritas
672 1365 126 34 Exempli
763 1365 126 34 gratia:
843 1365 137 34 Testimoni-

182 1390 79 48 um
221 1390 158 48 mulieris
340 1390 197 48 Samaritanae
497 1390 79 48 de
537 1390 105 48 Jesu
603 1390 105 48 fuit
668 1390 131 48 primum
760 1390 145 48 medium,
866 1390 92 48 per
918 1390 105 48 quod

186 1427 112 39 multi
260 1427 211 39 Samaritanorum
434 1427 199 39 crediderunt,
596 1427 112 39 ipsum
670 1427 99 39 esse
732 1427 149 39 Christum
844 1427 124 39 illum:
919 1427 62 39 sic

190 1458 69 44 ut
224 1458 126 44 legitur
315 1458 92 44 Joh.
373 1458 69 44 4.
407 1458 80 44 39.
453 1458 69 44 Ex
487 1458 92 44 urhe
544 1458 103 44 autem
613 1458 92 44 illa
670 1458 103 44 multi
739 1458 195 44 Samaritanorum
887 1458 92 44 credi-

181 1497 111 33 derunt
259 1497 67 33 in
292 1497 78 33 eum
336 1497 122 33 propter
425 1497 133 33 sermonem
525 1497 133 33 mutieris
625 1497 122 33 illius,
714 1497 155 33 testantis,
836 1497 100 33 Certe
902 1497 111 33 dixit.

190 1523 89 39 mihi
246 1523 101 39 omnia
313 1523 89 39 quae
369 1523 101 39 feci:
436 1523 78 39 Num
481 1523 112 39 igitur
559 1523 145 39 autoritas
671 1523 112 39 Domini
749 1523 101 39 Jesu,
816 1523 89 39 sive
872 1523 67 39 in
906 1523 67 39 se
928 1523 67 39 sive

195 1564 112 40 quoad
269 1564 186 40 Samaritanos
418 1564 62 40 a
443 1564 149 40 mulieris
554 1564 124 40 illius
641 1564 174 40 testimonio
777 1564 161 40 pendebat?
889 1564 99 40 Nequa-

190 1591 109 39 quam;
263 1591 85 39 nam
311 1591 109 39 multo
384 1591 121 39 plures
468 1591 182 39 crediderunt
614 1591 133 39 propter
711 1591 145 39 sermonem
819 1591 121 39 ipsius
892 1591 97 39 Domine

185 1626 102 35 Iesu:
252 1626 56 35 &
275 1626 90 35 illi
332 1626 124 35 mulieri
422 1626 147 35 dicebant:
535 1626 79 35 Non
580 1626 124 35 amplius
670 1626 124 35 propter
761 1626 90 35 tuos
817 1626 136 35 sermones
908 1626 90 35 credi-

196 1667 94 29 mus:
255 1667 94 29 ipsi
313 1667 94 29 enim
372 1667 164 29 audivimus,
501 1667 59 29 &
524 1667 129 29 scimus,
618 1667 94 29 hunc
676 1667 94 29 esse
735 1667 94 29 vere
793 1667 164 29 Servatorem
910 1667 82 29 illum

194 1695 102 35 mundi
262 1695 148 35 Christum,
375 1695 68 35 ut
410 1695 102 35 ibide
478 1695 148 35 scribitur
591 1695 68 35 v.
625 1695 80 35 41,
671 1695 80 35 42.
716 1695 148 35 Similiter
830 1695 102 35 Petri
887 1695 102 35 Aposto-

187 1721 68 41 li
221 1721 102 41 sermo
288 1721 57 41 &
311 1721 170 41 testimonium
447 1721 113 41 deJesu
526 1721 147 41 crucifixo
639 1721 90 41 quod
695 1721 102 41 esset
763 1721 136 41 Christus
865 1721 102 41 ille,
921 1721 68 41 fuit

188 1755 129 47 primum
278 1755 129 47 medium
369 1755 90 47 per
420 1755 103 47 quod
485 1755 116 47 magno
562 1755 103 47 illo
627 1755 90 47 die
678 1755 194 47 Pentecostes
833 1755 90 47 quo
872 1755 116 47 effusus

187 1787 79 39 est
232 1787 135 39 Spiritus
333 1787 124 39 Sanctus
423 1787 68 39 in
457 1787 158 39 Apostolos,
581 1787 101 39 quasi
648 1787 79 39 ter
693 1787 101 39 mille
761 1787 113 39 animae
840 1787 124 39 inJesum
918 1787 68 39 cre-

199 1823 151 35 diderunt,
315 1823 70 35 ut
350 1823 139 35 narratur
455 1823 116 35 Actor.
536 1823 70 35 2.
571 1823 81 35 41.
617 1823 81 35 Num
663 1823 128 35 idcirco
756 1823 151 35 autoritas
872 1823 93 35 Jesu
918 1823 70 35 pen-

196 1858 112 33 debat
270 1858 62 33 a
295 1858 175 33 testimonio
433 1858 112 33 Petri
508 1858 262 33 Apostoljautoritas
733 1858 125 33 Domini
820 1858 75 33 ab
845 1858 150 33 autoritate

190 1889 116 36 serui?
271 1889 81 36 Ita
318 1889 104 36 etiam
387 1889 81 36 non
433 1889 81 36 est
480 1889 127 36 necesse
572 1889 69 36 ut
607 1889 69 36 ab
642 1889 69 36 eo
677 1889 93 36 quod
734 1889 81 36 est
781 1889 116 36 primum
862 1889 116 36 medium
931 1889 58 36 pe-

192 1921 94 49 quod
251 1921 165 49 Scripturae
381 1921 177 49 divinitatem
522 1921 177 49 agnoscimus,
664 1921 165 49 Scripturae
793 1921 153 49 autoritas
899 1921 83 49 poden

232 1957 134 40 Assumtio
332 1957 100 40 etiam
399 1957 78 40 non
444 1957 78 40 est
489 1957 167 40 simpliciter
623 1957 100 40 vera:
690 1957 78 40 non
734 1957 89 40 enim
790 1957 123 40 semper,
879 1957 100 40 neque
935 1957 56 40 ad-

193 1994 86 36 pud
242 1994 110 36 omnes
315 1994 184 36 testimonium
462 1994 159 36 Ecclesiae
585 1994 86 36 est
634 1994 123 36 primum
720 1994 135 36 medium,
818 1994 86 36 per
867 1994 98 36 quod
916 1994 61 36 co-

189 2029 160 34 gnoscant,
312 2029 172 34 Scripturam
447 2029 123 34 Sacram
533 2029 99 34 esse
595 2029 99 34 vere
657 2029 172 34 θεόπουτον.
792 2029 86 34 Nam
841 2029 123 34 Moses,
915 2029 74 34 Pro-

195 2051 117 39 phetae
277 2051 59 39 &
301 2051 141 39 Apostoli
406 2051 70 39 de
441 2051 105 39 Sacra
512 2051 164 39 Scriptura,
641 2051 94 39 quam
699 2051 94 39 ipsi
758 2051 211 39 conscribebant,
922 2051 70 39 per-

197 2084 99 40 suasi
263 2084 99 40 erant
329 2084 88 40 esse
384 2084 88 40 vere
439 2084 110 40 verbum
516 2084 88 40 Dei,
570 2084 88 40 sine
625 2084 154 40 testimonio
735 2084 121 40 Ecclesiae

231 2113 77 45 II.
275 2113 66 45 Ex
308 2113 110 45 solius
385 2113 143 45 Ecclesiae
495 2113 154 45 testimonio
616 2113 110 45 pendet
693 2113 143 45 certitudo
803 2113 121 45 autorum
891 2113 77 45 qui
924 2113 55 45 li-

202 2147 84 38 pros
255 2147 105 38 sacros
329 2147 169 38 scripserunt:
466 2147 74 38 nam
508 2147 63 38 ex
540 2147 105 38 solius
614 2147 137 38 Ecclesiae
719 2147 148 38 testimonio
835 2147 126 38 constat,
919 2147 95 38 episto-

196 2180 82 46 lam
243 2180 70 46 ad
278 2180 129 46 Romanos
372 2180 94 46 esse
430 2180 129 46 Pauli;.
524 2180 164 46 Evangelium
653 2180 105 46 Marci
723 2180 94 46 esse
781 2180 117 46 Marci,
863 2180 82 46 &c.
910 2180 94 46 Ergo
957 2180 35 46 a

188 2219 147 39 testimonio
303 2219 137 39 Ecclesiae
408 2219 105 39 pendet
482 2219 147 39 Scripturae
597 2219 105 39 Sacrae
660 2219 126 39 autoritus.

223 2248 99 41 RESP
285 2248 137 41 Negatur
384 2248 186 41 antecedens:
533 2248 87 41 nam
583 2248 75 41 de
620 2248 137 41 autorum
719 2248 199 41 certitudine,
881 2248 87 41 non
918 2248 62 41 est

196 2277 168 45 Ecclesiae,
328 2277 84 45 sed
376 2277 132 45 ipsorum
472 2277 144 45 librorum
580 2277 168 45 testimonio
712 2277 168 45 judicamus.
844 2277 144 45 Credimus
940 2277 36 45 &

200 2317 136 39 pistolam
302 2317 68 39 ad
336 2317 125 39 Romanos
426 2317 91 39 esse
483 2317 113 39 Pauli,
562 2317 91 39 quia
619 2317 68 39 id
653 2317 147 39 Scriptura
767 2317 102 39 Sacra
835 2317 147 39 testatur:
937 2317 45 39 na

193 2354 78 33 mox
237 2354 66 33 in
270 2354 122 33 exordio
359 2354 100 33 hujus
425 2354 144 33 epistolae
536 2354 89 33 est,
592 2354 111 33 Paulus
669 2354 144 33 Apostolus
780 2354 89 33 Iesu
835 2354 133 33 Christi,
924 2354 55 33 &c.

198 2379 82 44 Hoc
245 2379 94 44 aute
304 2379 140 44 exordium
409 2379 152 44 epistolae
526 2379 70 44 ad
561 2379 129 44 Romanos
654 2379 82 44 est
701 2379 94 44 pars
760 2379 164 44 Scripturae
877 2379 105 44 Sacrae-

222 2413 88 46 III.
277 2413 66 46 Ex
310 2413 110 46 solius
387 2413 143 46 Ecclesiae
497 2413 154 46 testimonio
619 2413 99 46 nobis
685 2413 132 46 constat,
784 2413 110 46 quinam
861 2413 99 46 libri
916 2413 66 46 sin-

198 2446 82 44 vere
249 2446 122 44 diuvini:
341 2446 82 44 Ergo
392 2446 61 44 ab
422 2446 82 44 illo
473 2446 102 44 pendet
544 2446 143 44 Scripturae
657 2446 102 44 Sacrae
718 2446 112 44 autoritas

227 2477 118 34 RESP.
305 2477 183 34 Antecedens
449 2477 170 34 nequaquam
580 2477 196 34 concedimus.
737 2477 157 34 Spiritus
854 2477 105 34 enim
907 2477 78 34 San-

209 2506 88 40 ctus
264 2506 55 40 &
286 2506 66 40 in
319 2506 144 40 Scriptura
430 2506 55 40 &
452 2506 66 40 in
485 2506 121 40 cordibs
573 2506 133 40 fidelium
673 2506 88 40 idem
728 2506 144 40 testatur,
838 2506 55 40 &
861 2506 99 40 longe
927 2506 77 40 qui

198 2545 82 34 dem
245 2545 128 34 certius
338 2545 93 34 quam
397 2545 140 34 Ecclesia
501 2545 93 34 Ideo
560 2545 128 34 Ireneus
653 2545 105 34 libro
723 2545 117 34 tertio
804 2545 140 34 adversus
898 2545 93 34 haere-

201 2576 97 40 ses,
262 2576 121 40 capite
346 2576 146 40 undecimo
456 2576 97 40 inde
516 2576 109 40 dicit
589 2576 133 40 ostendi
686 2576 170 40 Evangelium
807 2576 182 40 Valentiniano-

198 2609 85 38 rum
247 2609 98 38 quod
308 2609 98 38 illi
369 2609 159 38 Veritatis
491 2609 171 38 Evangelium
625 2609 195 38 nuncupabant,
784 2609 85 38 non
832 2609 98 38 esse
881 2609 110 38 divinum

199 2644 95 44 quod
259 2644 72 44 in
294 2644 119 44 nihilo
378 2644 167 44 conveniens
509 2644 107 44 esset
581 2644 179 44 Apostolorum
724 2644 179 44 Evangeliis,
867 2644 83 44 sed
903 2644 95 44 dissi-

199 2678 86 34 mile
253 2678 64 34 ab
285 2678 107 34 illis.
360 2678 75 34 Qui
403 2678 107 34 igitur
478 2678 107 34 solius
553 2678 139 34 Ecclesiae
660 2678 150 34 testimonio
778 2678 75 34 hac
821 2678 64 34 in
853 2678 64 34 re
874 2678 118 34 nituntur.

202 2707 87 47 illi
256 2707 141 47 praecipua
364 2707 151 47 testimonia
483 2707 65 47 se
516 2707 108 47 nondum
592 2707 130 47 fensisse
689 2707 76 47 aut
732 2707 173 47 intellexisse
862 2707 130 47 ostendunt,

238 2741 80 37 IV.
283 2741 92 37 Quod
341 2741 80 37 est
387 2741 149 37 antiquius
501 2741 92 37 quam
558 2741 160 37 Scriptura,
685 2741 69 37 ab
719 2741 69 37 eo
753 2741 160 37 Scripturae
868 2741 126 37 autorita-

202 2773 120 43 pendet:
289 2773 131 43 Ecclesie
387 2773 76 43 est
431 2773 142 43 antiquior
540 2773 87 43 quam
595 2773 153 43 Scriptura:
715 2773 87 43 Ergo
769 2773 65 43 ab
802 2773 131 43 Ecclesia
889 2773 109 43 Scriptu-

202 2809 74 44 rae
245 2809 137 44 autoritas
339 2809 95 44 pendet.

238 2841 104 36 Majot
308 2841 70 36 em
343 2841 81 36 sic
389 2841 139 36 probant:
494 2841 93 36 quia
552 2841 116 36 testis
633 2841 174 36 antiquioris
772 2841 81 36 est
818 2841 104 36 major
876 2841 128 36 autoritas

209 2874 89 42 quam
264 2874 178 42 recentioris,
409 2874 122 42 Minorem
498 2874 89 42 vero
553 2874 78 42 sic
598 2874 167 42 stabiliunt:
731 2874 89 42 quia
787 2874 133 42 Ecclesia
887 2874 89 42 fuit
931 2874 67 42 ante

206 2912 114 38 Mosen,
285 2912 68 38 et
319 2912 148 38 Scriptura
433 2912 79 38 non
478 2912 91 38 fuit
535 2912 91 38 ante
580 2912 91 38 Mosens

246 2938 107 44 RESP.
317 2938 107 44 Primo
389 2938 107 44 major
460 2938 166 44 propositio
590 2938 71 44 ut
626 2938 59 44 &
650 2938 142 44 probatio
757 2938 95 44 ejus
816 2938 83 44 non
863 2938 83 44 est
899 2938 95 44 neces-

211 2971 102 47 saria
278 2971 56 47 &
301 2971 113 47 tantum
380 2971 192 47 particularis.
538 2971 124 47 Artifex
628 2971 90 47 enim
685 2971 113 47 junior
764 2971 113 47 potest
843 2971 90 47 esse
888 2971 113 47 peritio-

208 3006 132 40 seniore.
307 3006 110 40 Potest
384 3006 99 40 etiam
450 3006 66 40 ea
483 3006 88 40 esse
538 3006 132 40 conditio
638 3006 165 40 recentioris
770 3006 121 40 testis,
858 3006 66 40 ut
891 3006 99 40 fidem
946 3006 55 40 me-

204 3041 122 36 reatur
289 3041 146 36 majorem,
398 3041 97 36 quam
459 3041 170 36 antiquior.
593 3041 170 36 Testabatur
727 3041 73 36 de
763 3041 73 36 se
800 3041 109 36 SERMo
872 3041 97 36 ille
921 3041 73 36 car-

214 3074 123 40 factus:
303 3074 123 40 testati
393 3074 123 40 fuerant
483 3074 101 40 etiam
550 3074 67 40 de
583 3074 90 40 ipso
640 3074 78 40 jam
684 3074 101 40 olim,
752 3074 101 40 Moses
819 3074 56 40 &
841 3074 146 40 Prophetae
942 3074 56 40 ve-

208 3107 106 39 teris
279 3107 176 39 Testamenti:
420 3107 106 39 neque
490 3107 106 39 tamen
561 3107 94 39 ideo
619 3107 106 39 major
690 3107 82 39 est
737 3107 188 39 autoritasvel
889 3107 117 39 omnium
960 3107 35 39 a

211 3142 113 46 liorum
290 3142 124 46 testium
380 3142 90 46 quam
437 3142 113 46 solius
516 3142 136 46 Christi.
618 3142 113 46 Deinde
697 3142 68 46 in
731 3142 158 46 assumtione
855 3142 124 46 ejusque
934 3142 68 46 pro-

212 3170 124 46 batione
302 3170 135 46 fallacia
404 3170 79 46 est
449 3170 56 46 a
471 3170 102 46 dicto
539 3170 124 46 secudum
629 3170 102 46 quid:
697 3170 79 46 nam
742 3170 135 46 Ecclesia
844 3170 79 46 non
889 3170 102 46 omns,
957 3170 79 46 sed

202 3213 117 44 tantum
284 3213 94 44 illa
343 3213 94 44 quae
401 3213 94 44 ante
460 3213 141 44 scriptos
565 3213 59 44 a
589 3213 94 44 Mose
647 3213 117 44 libros
729 3213 105 44 fuit,
800 3213 152 44 antiquior
917 3213 82 44 est
952 3213 70 44 quam

1035 199 163 56 Scriptura,
1163 199 81 56 non
1210 199 105 56 quoad
1279 199 163 56 substantia
1407 199 163 56 Scriptura,
1535 199 81 56 sed
1581 199 116 56 tantum
1663 199 105 56 quoad
1721 199 116 56 accidens

1025 242 90 35 Nam
1077 242 116 35 quoad
1154 242 206 35 substantiam,
1321 242 77 35 id
1359 242 103 35 est,
1424 242 116 35 quoad
1501 242 167 35 doctrinam
1629 242 116 35 ipsam
1707 242 90 35 seu
1745 242 103 35 verbum

1028 275 102 38 ipsum
1096 275 91 38 Dei,
1152 275 147 38 Scriptura
1265 275 102 38 Sacra
1333 275 79 38 est
1379 275 125 38 aeterna
1469 275 68 38 in
1503 275 91 38 ipso
1560 275 79 38 Deo
1605 275 147 38 sapietia,
1718 275 102 38 neque
1775 275 68 38 ejus

1028 310 121 43 notitia
1116 310 77 43 tum
1160 310 99 43 demum
1226 310 143 43 Ecclesiae
1336 310 143 43 patefacta
1445 310 88 43 est,
1500 310 110 43 quando
1577 310 121 43 literis
1665 310 77 43 est
1698 310 143 43 consignata,

1039 338 80 48 sed
1084 338 91 48 ejus
1141 338 159 48 patefactio
1266 338 80 48 cum
1311 338 91 48 ipsa
1368 338 125 48 generis
1459 338 114 48 humani
1538 338 148 48 creatione
1652 338 68 48 in
1686 338 136 48 Paradiso
1777 338 68 48 coe-

1035 376 94 37 pit,
1094 376 118 37 estque
1176 376 153 37 immortale
1294 376 106 37 illud
1364 376 106 37 semen
1435 376 71 37 ex
1470 376 82 37 quo
1517 376 118 37 primum
1599 376 141 37 Ecclesia
1705 376 94 37 nata
1764 376 94 37 fuit
1811 376 35 37 &

1029 410 138 43 deinceps
1133 410 127 43 crevit:
1225 410 81 43 non
1271 410 115 43 igitur
1352 410 115 43 potuit
1432 410 138 43 Ecclesia
1536 410 161 43 exsistere,
1663 410 92 43 nisi
1720 410 104 43 verbo
1778 410 69 43 Dei,

1026 441 108 45 cujus
1098 441 108 45 summa
1170 441 144 45 deinceps
1278 441 60 45 a
1302 441 96 45 Mose
1362 441 60 45 &
1386 441 108 45 aliis
1459 441 120 45 servis
1543 441 84 45 Dei
1591 441 132 45 mandata
1687 441 84 45 est
1723 441 120 45 literis,

1033 477 98 33 prius
1098 477 163 33 exsistente.
1229 477 109 33 Verbum
1305 477 76 33 Dei
1348 477 76 33 est
1392 477 98 33 causa
1457 477 152 33 Ecclesiae:
1576 477 130 33 Ecclesia
1674 477 109 33 igitur
1750 477 76 33 non
1783 477 54 33 po-

1029 511 92 38 test
1087 511 92 38 esse
1145 511 207 38 antiquiorverbo
1317 511 92 38 Dei.
1375 511 138 38 Quodvero
1478 511 104 38 aliud
1547 511 92 38 nunc
1605 511 81 38 est
1651 511 115 38 verbum
1731 511 81 38 Dei
1766 511 69 38 quam

1029 543 98 35 quod
1090 543 73 35 in
1127 543 159 35 Scriptura
1249 543 183 35 continetur?
1395 543 134 35 Nunquam
1493 543 122 35 igitur
1578 543 147 35 Papistae
1676 543 159 35 obtinebunt.

1036 575 148 40 Ecclesiam
1149 575 102 40 etiam
1217 575 102 40 illam
1286 575 91 40 quae
1342 575 91 40 ante
1399 575 102 40 Mosen
1467 575 102 40 fuit,
1536 575 91 40 esse
1592 575 170 40 simpliciter
1717 575 114 40 Scriptu-

1025 607 76 38 ra
1063 607 113 38 Sacra
1139 607 202 38 antiquiorem.
1303 607 101 38 Quod
1366 607 101 38 vero
1429 607 164 38 Ecclesiam
1555 607 101 38 Novi
1618 607 189 38 Testamenti,
1756 607 76 38 pos-

1023 642 160 34 Apostolos
1146 642 123 34 maxime
1232 642 197 34 exsistentem,
1391 642 74 34 de
1428 642 111 34 cujus
1502 642 172 34 autoritate
1637 642 123 34 Papani
1711 642 123 34 pugnant.

1033 675 144 39 attinet,
1141 675 72 39 ea
1177 675 108 39 nullo
1248 675 96 39 modo
1308 675 156 39 antiquior
1428 675 108 39 fuit,
1500 675 96 39 quam
1560 675 168 39 Scriptura,
1691 675 108 39 neque
1763 675 108 39 quoad

1030 707 189 32 substantiam,
1184 707 106 32 neque
1255 707 106 32 quoad
1326 707 154 32 accidens.
1444 707 130 32 Cortuit
1538 707 118 32 igitur
1609 707 130 32 conclusio

1062 739 71 45 V.
1098 739 71 45 1.
1133 739 94 45 Tim.
1192 739 71 45 3.
1227 739 142 45 Ecclesia
1334 739 165 45 appellatur
1463 739 130 45 columna
1558 739 59 45 &
1581 739 201 45 stabilimentum
1735 739 106 45 verita-

1032 765 93 43 tis.:
1094 765 82 43 Ergo
1145 765 62 43 ab
1176 765 144 43 autoritate
1289 765 134 43 Ecclesiae
1392 765 103 43 pendet
1464 765 144 43 Scripturae
1578 765 103 43 Sacrae
1640 765 113 43 autoritas

1055 804 119 45 RESP.
1134 804 145 45 Negatur
1240 804 225 45 propositionis
1425 804 145 45 omissae
1531 804 225 45 consequentia;
1716 804 132 45 nempe,
1795 804 40 45 S

1027 837 134 38 Ecclesia
1127 837 78 38 est
1172 837 123 38 columna
1261 837 56 38 &
1284 837 190 38 stabilimentum
1440 837 156 38 veritatis,
1563 837 67 38 ab
1596 837 89 38 illa
1652 837 112 38 pendet
1719 837 112 38 Scristus

1027 874 83 39 rae
1075 874 166 39 autoritas.
1205 874 142 39 Ecclesia
1311 874 95 39 enim
1370 874 83 39 est
1418 874 130 39 columna
1512 874 71 39 ac
1548 874 201 39 stabilimentum
1702 874 130 39 veritatis

1025 905 130 41 quatenus
1122 905 76 41 est
1166 905 119 41 custos,
1252 905 119 41 vindex,
1338 905 108 41 praeco
1414 905 76 41 seu
1457 905 108 41 testis
1533 905 54 41 &
1554 905 140 41 interpres
1662 905 140 41 veritatis
1770 905 54 41 e
1781 905 54 41 Sa-

1022 939 88 34 cra
1073 939 163 34 Scriptura
1198 939 163 34 depromtae
1323 939 88 34 Sed
1373 939 88 34 num
1423 939 163 34 propterea
1549 939 75 34 ab
1586 939 150 34 Ecclesia
1687 939 150 34 Scripturae

1026 973 159 31 autoritas
1148 973 123 31 pedet?
1234 973 184 31 Nequaquaimo
1381 973 123 31 contra
1467 973 123 31 potius
1553 973 110 31 Saera
1627 973 159 31 ocriptura
1737 973 98 31 conci-

1030 1001 89 56 liat
1086 1001 168 56 autoritatem
1220 1001 78 56 suo
1265 1001 134 56 custodi,
1365 1001 134 56 vindici,
1466 1001 134 56 praeconi
1567 1001 78 56 seu
1611 1001 101 56 testi
1678 1001 56 56 &
1690 1001 145 56 interpreti-

1237 1088 285 50 CAPUT
1396 1088 190 50 XXV.

1018 1136 91 65 In
1063 1136 106 65 quo
1124 1136 151 65 multis
1229 1136 212 65 araumentis
1396 1136 91 65 ex
1441 1136 272 65 consideratione
1653 1136 181 65 Scripturae

1094 1193 170 57 petitis,
1221 1193 184 57 probatur,
1363 1193 198 57 Scripturae
1519 1193 213 57 autoritatem
1675 1193 99 57 nullo

1141 1237 123 52 modo
1217 1237 92 52 ab
1263 1237 200 52 Ecclesiae
1417 1237 215 52 testimonio
1570 1237 154 52 pendere.

1113 1281 142 49 ACTENUS
1216 1281 155 49 refutata
1332 1281 168 49 argumenta
1461 1281 142 49 aliquot
1564 1281 193 49 Papistarum.
1719 1281 90 49 Nos
1758 1281 77 49 vero

1051 1301 68 66 R
1079 1301 122 66 licet
1160 1301 163 66 libenter
1282 1301 190 66 concedamus
1431 1301 68 66 &
1458 1301 203 66 amplectamur
1607 1301 231 66 testificationem

1033 1355 204 41 Ehistoricam
1196 1355 176 41 Ecclesiae
1332 1355 190 41 primitivae
1481 1355 109 41 apud
1549 1355 217 41 subsequentem
1725 1355 68 41 &
1739 1355 95 41 hujus

1028 1395 100 35 nunc
1091 1395 100 35 apud
1154 1395 100 35 nos,
1217 1395 176 35 Scripturam
1354 1395 100 35 quam
1417 1395 138 35 habemus
1518 1395 100 35 esse
1580 1395 100 35 vere
1643 1395 150 35 divinam:
1743 1395 88 35 tamen

1032 1429 160 45 nequaquam
1155 1429 185 45 concedimus,
1303 1429 173 45 Scripturae
1439 1429 185 45 autoritatem
1587 1429 99 45 vllo
1649 1429 111 45 modo,
1723 1429 86 45 hoc
1760 1429 74 45 est,

1040 1459 90 39 sive
1096 1459 68 39 in
1130 1459 68 39 se
1164 1459 90 39 sive
1221 1459 102 39 quoad
1288 1459 79 39 nos
1334 1459 68 39 ex
1368 1459 147 39 Ecclesiae
1481 1459 124 39 judicio
1571 1459 57 39 &
1594 1459 158 39 testimonio
1707 1459 113 39 pendere.

1073 1492 124 49 Nostrae
1163 1492 158 49 sententiae
1287 1492 147 49 argumenta
1400 1492 90 49 sunt
1445 1492 90 49 haeci-

1059 1519 133 54 PRIMUM:
1156 1519 145 54 Quicquia
1265 1519 85 54 ci.
1313 1519 73 54 ra
1350 1519 206 54 controversiam
1519 1519 121 54 verbum
1604 1519 85 54 Dei
1652 1519 97 54 est,
1713 1519 97 54 eius
1761 1519 73 54 pro-

1040 1556 96 41 fecto
1104 1556 138 41 autoritas
1211 1556 96 41 nullo
1275 1556 85 41 modo
1328 1556 64 41 ex
1360 1556 117 41 judicio
1445 1556 53 41 &
1466 1556 149 41 testimonio
1583 1556 138 41 Ecclesiae
1679 1556 96 41 pendete

1069 1599 69 30 At
1103 1599 149 30 Scriptura
1217 1599 114 30 Sacra,
1297 1599 80 30 est
1343 1599 103 30 citra
1412 1599 194 30 controversiam
1572 1599 114 30 verbum
1640 1599 69 30 Dei.

1066 1621 91 45 Ergo
1123 1621 160 45 Scripturae
1248 1621 114 45 Sacrae
1329 1621 149 45 autoritas
1443 1621 103 45 nullo
1511 1621 91 45 modo
1569 1621 69 45 ex
1603 1621 126 45 judicio
1694 1621 57 45 &
1706 1621 137 45 testimonio

1032 1653 132 45 Ecclesiae
1123 1653 91 45 pendet.

1072 1685 158 45 Propositio
1196 1685 101 45 major
1263 1685 79 45 est
1308 1685 169 45 certissima.
1443 1685 79 45 Nam
1488 1685 68 45 si
1522 1685 101 45 verbi
1590 1685 79 45 Dei
1635 1685 146 45 autoritas
1736 1685 90 45 saltem

1054 1731 95 35 uoad
1114 1731 83 35 nos
1161 1731 72 35 ex
1197 1731 155 35 Ecclesiae
1316 1731 131 35 judicio
1412 1731 60 35 &
1436 1731 167 35 testimonio
1567 1731 155 35 penderet,
1686 1731 83 35 tum
1734 1731 83 35 Deo
1769 1731 60 35 non

1028 1763 177 33 crederemus
1167 1763 139 33 propter
1268 1763 126 33 ipsum,
1357 1763 88 33 sed
1407 1763 139 33 propter
1508 1763 139 33 humanum
1610 1763 152 33 judicium
1723 1763 63 33 &
1736 1763 101 33 testi-

1037 1796 143 38 monium.
1141 1796 117 38 Atqui
1219 1796 130 38 impium
1309 1796 104 38 est,
1374 1796 91 38 non
1426 1796 143 38 credere
1530 1796 91 38 Deo
1582 1796 143 38 propter
1685 1796 130 38 ipsum,
1763 1796 65 38 sed

1050 1825 126 40 ropter
1138 1825 138 40 humanum
1239 1825 151 40 judicium
1352 1825 75 40 ac
1389 1825 201 40 testimonium:
1553 1825 100 40 Ergo
1616 1825 151 40 quicquid
1729 1825 88 40 est
1766 1825 63 40 ci-

1038 1855 84 37 tra
1086 1855 203 37 controversiam
1253 1855 120 37 verbum
1337 1855 96 37 Dei,
1397 1855 96 37 ejus
1457 1855 156 37 autoritas
1577 1855 108 37 nullo
1648 1855 96 37 modo
1708 1855 72 37 ex
1732 1855 108 37 judicio

1043 1885 57 40 &
1065 1885 159 40 testimonio
1191 1885 148 40 Ecclesiae
1293 1885 91 40 pendes

1058 1918 113 48 Hujus
1134 1918 189 48 probationis
1285 1918 214 48 propositionem
1461 1918 138 48 majorem
1562 1918 151 48 Papistae
1675 1918 138 48 negant;
1763 1918 63 48 ne-

1037 1957 135 37 gationis
1138 1957 79 37 hac
1183 1957 101 37 causa
1251 1957 124 37 allata,
1341 1957 90 37 quia
1398 1957 147 37 Ecclesiae
1510 1957 135 37 judicium
1612 1957 56 37 &
1634 1957 158 37 testianium
1747 1957 79 37 devi

1038 2019 101 34 enim
1102 2019 114 34 verae
1178 2019 164 34 Ecclesiae
1304 2019 152 34 judicium
1418 2019 63 34 &
1443 2019 190 34 testimonium
1595 2019 101 34 dici
1658 2019 127 34 possit
1734 2019 114 34 divinum

1033 2055 86 36 non
1082 2055 111 36 ἐσλώς
1156 2055 86 36 sed
1205 2055 98 36 κατα
1266 2055 62 36 τ
1291 2055 148 36 nimirum,
1402 2055 148 36 quatenus
1512 2055 86 36 cum
1562 2055 160 36 Scriptura
1685 2055 111 36 Sacra
1746 2055 74 36 pro-

1039 2088 86 35 ude
1088 2088 86 35 cum
1137 2088 136 35 Spiritu
1236 2088 123 35 Sancto
1323 2088 62 35 &
1347 2088 148 35 revelata
1459 2088 161 35 voluntate
1582 2088 86 35 Dei
1631 2088 161 35 congruit;
1743 2088 86 35 tamen

1032 2114 113 33 άτλώς
1108 2114 201 33 consideratum
1271 2114 88 33 non
1321 2114 88 33 est
1371 2114 151 33 divinum,
1484 2114 63 33 (
1509 2114 163 33 dhumanum,
1635 2114 100 33 quia
1697 2114 88 33 non
1748 2114 88 33 est
1785 2114 63 33 im-

1024 2150 133 35 mediate
1121 2150 60 35 a
1145 2150 133 35 Spiritu
1242 2150 121 35 Sancto
1326 2150 181 35 inspiratum:
1471 2150 145 35 alioquin
1580 2150 97 35 omne
1641 2150 145 35 judicium
1749 2150 60 35 &
1762 2150 60 35 re-

1035 2180 157 40 stimonium
1156 2180 182 40 cujuscunque
1301 2180 133 40 hominis
1398 2180 157 40 congruens
1519 2180 85 40 cum
1568 2180 109 40 Sacra
1640 2180 157 40 Scriptura
1749 2180 73 40 esse

1030 2219 134 38 divinum:
1130 2219 101 38 atque
1197 2219 78 38 ita
1242 2219 101 38 nulla
1309 2219 78 38 jam
1354 2219 168 38 differentia
1488 2219 101 38 esset
1555 2219 101 38 quoad
1622 2219 168 38 autoritatem
1745 2219 89 38 inter-

1041 2248 129 41 cripta
1131 2248 193 41 Prophetarum
1286 2248 64 41 &
1311 2248 206 41 Apostolorum,
1479 2248 64 41 &
1504 2248 142 41 aliorum
1607 2248 167 41 Ecclesiae
1723 2248 103 41 Docto-

1038 2284 83 32 um,
1085 2284 118 32 Sacris
1168 2284 130 32 literis
1262 2284 177 32 consentanea
1404 2284 189 32 scribentium.
1557 2284 71 32 Ac
1593 2284 83 32 tum
1640 2284 118 32 quoque
1723 2284 83 32 cum
1758 2284 59 32 ju-

1038 2311 123 39 dicium
1124 2311 61 39 &
1148 2311 184 39 testimonium
1295 2311 159 39 Ecclesiae
1418 2311 135 39 tanquam
1516 2311 86 39 cum
1565 2311 159 39 Scriptura
1687 2311 110 39 cacra
1748 2311 74 39 con-

1036 2349 116 40 gruens
1117 2349 162 40 recipitur,
1245 2349 81 40 non
1291 2349 127 40 propter
1383 2349 162 40 Ecclesiae,
1510 2349 81 40 sed
1557 2349 127 40 propter
1649 2349 81 40 Dei
1684 2349 150 40 autoritatem

1025 2386 167 45 recipitur:
1156 2386 95 45 quum
1215 2386 119 45 nullum
1299 2386 155 45 Ecclesiae
1418 2386 143 45 judicium
1525 2386 59 45 &
1549 2386 178 45 testimonium
1691 2386 83 45 sit
1727 2386 107 45 recipi-

1029 2412 119 44 endum,
1112 2412 95 44 nisi
1172 2412 83 44 cum
1219 2412 154 44 Scriptura
1338 2412 107 44 Sacra
1397 2412 143 44 consentia.

1063 2437 157 52 DUPLICANT
1184 2437 157 52 Papisiae;
1304 2437 84 52 Per
1352 2437 157 52 Ecclesiam
1473 2437 97 52 Deus
1533 2437 157 52 loquitur:
1654 2437 97 52 Ergo
1702 2437 133 52 Ecclesia.

1024 2478 154 44 judicium
1140 2478 64 44 &
1166 2478 193 44 testimonium
1320 2478 90 44 est
1358 2478 116 44 divinum

1069 2501 316 43 TRIPLICATIONOSTRA.
1342 2501 129 43 Primo
1428 2501 158 43 negatur
1543 2501 129 43 major
1630 2501 201 43 propositio
1773 2501 58 43 o-

1040 2546 113 34 missa,
1119 2546 68 34 si
1153 2546 193 34 universaliter
1312 2546 159 34 enuncietur
1437 2546 57 34 &
1460 2546 170 34 simpliciter
1596 2546 193 34 intelligatur,
1743 2546 91 34 nemper

1045 2578 81 32 Per
1092 2578 163 32 quemcunque
1220 2578 93 32 Deus
1278 2578 151 32 loquitur,
1394 2578 93 32 ejus
1453 2578 140 32 judicium
1557 2578 58 32 &
1581 2578 105 32 testi
1650 2578 116 32 honium
1732 2578 81 32 est
1767 2578 58 32 di-

1037 2608 126 35 vinum.
1126 2608 152 35 Limitata
1240 2608 114 35 autem
1316 2608 89 35 est
1366 2608 114 35 vera,
1442 2608 126 35 nempe;
1531 2608 89 35 Per
1581 2608 177 35 quemcunque
1720 2608 101 35 Deus
1771 2608 63 35 lo-

1056 2645 108 33 uitur
1128 2645 156 33 immediata
1248 2645 192 33 inspiratione
1403 2645 108 33 verbi
1475 2645 96 33 sui,
1535 2645 180 33 quemadmodum
1678 2645 132 33 locutus
1762 2645 72 33 est,

1044 2681 85 35 per
1092 2681 157 35 Prophetas
1213 2681 60 35 &
1237 2681 169 35 Apostolos,
1370 2681 97 35 ejus
1430 2681 145 35 judicium
1539 2681 60 35 &
1563 2681 181 35 testimonium
1708 2681 85 35 est
1744 2681 85 35 divi-

1043 2709 103 38 num.
1108 2709 77 38 At
1146 2709 90 38 per
1198 2709 167 38 Ecclesiam
1327 2709 103 38 Deum
1391 2709 116 38 loqui
1468 2709 167 38 immediata
1597 2709 206 38 inspiratione
1752 2709 77 38 verb

1041 2740 102 37 sui,
1105 2740 192 37 quemadmodum
1259 2740 141 37 locutus
1361 2740 90 37 est
1412 2740 90 37 per
1464 2740 166 37 Prophetas
1592 2740 64 37 &
1617 2740 179 37 Apostolos,
1745 2740 90 37 nega-

1045 2772 93 36 tur.
1104 2772 129 36 Secundo
1197 2772 105 36 minor
1267 2772 164 36 propositio
1396 2772 175 36 simpliciter
1536 2772 164 36 intellecta
1665 2772 82 36 est
1711 2772 117 36 falsa:
1782 2772 58 36 nam

1042 2808 85 36 non
1091 2808 85 36 per
1139 2808 171 36 quamcunque
1274 2808 171 36 Ecclesiam,
1408 2808 122 36 utpote
1493 2808 122 36 falsam
1579 2808 61 36 &
1603 2808 171 36 harreticam
1737 2808 61 36 &
1750 2808 85 36 Anti-

1051 2841 199 35 christianam,
1212 2841 87 35 sed
1262 2841 87 35 per
1312 2841 124 35 veram,
1399 2841 174 35 Orthodoxam
1536 2841 62 35 &
1561 2841 100 35 vere
1623 2841 187 35 Christianam
1760 2841 87 35 Deus.

1051 2875 155 40 loquitur.
1170 2875 83 40 Nec
1218 2875 83 40 per
1266 2875 107 40 veram
1337 2875 155 40 Ecclesiam
1456 2875 119 40 semper
1540 2875 155 40 loquitur,
1659 2875 83 40 sed
1707 2875 83 40 rum
1743 2875 95 40 volum:

1042 2908 108 39 modo,
1114 2908 120 39 quando
1199 2908 96 39 illa
1259 2908 120 39 verbum
1343 2908 84 39 Dei
1391 2908 72 39 ex
1427 2908 169 39 Scripturis
1560 2908 120 39 Prophi
1644 2908 108 39 ticis
1717 2908 60 39 &
1729 2908 108 39 Eposto-

1041 2941 116 41 licis
1118 2941 142 41 haustum
1222 2941 155 41 proponit
1337 2941 90 41 aut
1389 2941 142 41 dogmata
1492 2941 90 41 cum
1544 2941 116 41 verbo
1621 2941 103 41 illo
1672 2941 168 41 consentanes

1042 2973 130 41 tradit.
1137 2973 71 41 Si
1172 2973 95 41 vero
1231 2973 106 41 etiam
1302 2973 95 41 vera
1361 2973 142 41 Ecclesia
1468 2973 130 41 aliquid
1562 2973 118 41 doreat
1645 2973 83 41 vel
1692 2973 130 41 slatuat
1775 2973 71 41 quod

1048 3007 111 38 verbo
1121 3007 86 38 Dei
1171 3007 172 38 Prophetico
1306 3007 61 38 &
1330 3007 172 38 Apostolico
1465 3007 184 38 adversetur,
1613 3007 86 38 tum
1662 3007 86 38 per
1711 3007 111 38 illam
1772 3007 74 38 Deus

1052 3045 80 46 non
1097 3045 149 46 loquitur.
1212 3045 149 46 Conciusio
1326 3045 114 46 igitur
1406 3045 92 46 quia
1464 3045 172 46 simpliciter
1601 3045 57 46 a
1624 3045 137 46 Papistis
1716 3045 137 46 intelligi-

1052 3070 70 45 tur,
1096 3070 62 45 est
1123 3070 70 45 falsa;

1090 3102 151 44 SECUNDUM:
1207 3102 82 44 Cui
1253 3102 140 44 Ecclesia
1358 3102 163 44 subjicitur
1486 3102 58 44 &
1510 3102 128 44 servit,
1603 3102 93 44 ejus
1661 3102 151 44 autoritas
1766 3102 93 44 nello-

1028 3139 93 40 modo
1086 3139 70 40 ob
1121 3139 151 40 Ecclesiae
1237 3139 162 40 testimonio
1353 3139 104 40 pennet.

1079 3172 112 52 Sacrae
1157 3172 156 52 Scripturae
1280 3172 134 52 Ecclesia
1380 3172 156 52 subiicitur
1503 3172 56 52 &
1525 3172 123 52 servit:
1614 3172 89 52 Erge
1670 3172 112 52 Sacrae
1737 3172 123 52 Scriptura

1054 3207 145 51 autoritas
1165 3207 100 51 nullo
1232 3207 89 51 modo
1288 3207 67 51 ab
1322 3207 145 51 Ecclesiae
1433 3207 156 51 testimonio
1545 3207 100 51 pendet.
