2063 3524
127 212 84 52 bus
175 212 121 52 cariem
260 212 60 52 &
284 212 96 52 ossa
344 212 84 52 non
392 212 121 52 habet,
477 212 109 52 sicut
549 212 72 52 me
585 212 133 52 videtis
682 212 133 52 habere.
778 212 121 52 Iisdem
851 212 96 52 parti-

125 252 92 45 bus
178 252 237 45 consanguinitas
375 252 66 45 &
402 252 211 45 propinquitas
573 252 145 45 generis
679 252 172 45 indicatur
811 252 66 45 &
824 252 132 45 commune-

129 291 142 37 vinculum
236 291 83 37 seu
283 291 154 37 cognatio,
401 291 106 37 sicut
472 291 106 37 Laban
543 291 106 37 dixit
614 291 130 37 Jacobo,
709 291 95 37 Gen.
768 291 83 37 29.
815 291 83 37 14.
850 291 95 37 Prose-

134 327 83 38 fo
176 327 83 38 os
217 327 111 38 meum
287 327 69 38 &
315 327 111 38 caro
384 327 97 38 mea
439 327 97 38 es.
495 327 97 38 Hoc
551 327 180 38 argumento
689 327 180 38 Abimelech
814 327 139 38 imperium

123 360 74 36 in
160 360 173 36 Sichemitas
295 360 160 36 quaesivit
419 360 62 36 &
443 360 185 36 consequutus
591 360 86 36 est
640 360 99 36 Jud.
702 360 74 36 9.
739 360 74 36 2.
776 360 185 36 Recordamini
912 360 49 36 me

133 398 98 41 esse
194 398 74 41 os
231 398 135 41 vestrum
329 398 61 41 &
353 398 123 41 carnem
439 398 147 41 vestrum.
550 398 86 41 Sic
599 398 110 41 David
672 398 86 41 cum
721 398 74 41 ab
758 398 147 41 Absolone
856 398 98 41 esset.

130 429 108 38 regno
202 429 132 38 pulsus,
298 429 96 38 post
357 429 156 38 interitum
477 429 168 38 Absolonis,
609 429 132 38 auditis
705 429 192 38 Israelitarum
848 429 108 38 studiis

124 467 73 39 de
160 467 73 39 se
197 467 171 39 reducendo,
332 467 86 39 hoc
381 467 159 39 argumento
503 467 98 39 suam
564 467 122 39 tribum
650 467 196 39 solicitavit,
809 467 73 39 ut
834 467 122 39 reliquas

122 499 70 41 in
157 499 70 41 eo
192 499 199 41 anteverteret.
356 499 70 41 2.
391 499 93 41 Sam.
450 499 82 41 19.
496 499 70 41 v.
531 499 82 41 13.
578 499 70 41 Os
613 499 93 41 meum
672 499 58 41 &
695 499 93 41 caro
753 499 82 41 mea
800 499 117 41 estis:
870 499 82 41 quare

130 528 105 39 ergo
196 528 158 39 postremi
314 528 145 39 essetis
419 528 79 39 ad
459 528 184 39 reducendum
604 528 132 39 regem?
696 528 79 39 Et
735 528 184 39 nominatuim
867 528 105 39 Amasae

132 561 97 44 dici
193 561 146 44 curavit,
302 561 73 44 An
339 561 85 44 non
387 561 73 44 os
424 561 97 44 meum
485 561 61 44 &
509 561 97 44 caro
570 561 85 44 mea
618 561 85 44 es?
667 561 97 44 Ipsi
728 561 122 44 quoque
801 561 158 44 Israelitae,

134 601 103 43 quum
199 601 155 43 Chebrone
315 601 77 43 ad
353 601 90 43 eum
405 601 180 43 congregati
547 601 142 43 essent,
650 601 77 43 ut
688 601 116 43 regem
766 601 90 43 eum
817 601 129 43 totius
895 601 64 43 Is-

125 635 118 38 raelis
208 635 201 38 instituerent,
374 635 154 38 dixerant:
492 635 95 38 Ecce
551 635 71 38 os
586 635 95 38 tuum
646 635 59 38 &
669 635 95 38 caro
728 635 83 38 tua
776 635 118 38 sumus.
858 635 71 38 1.
882 635 71 38 Chr-

126 658 87 47 II.
175 658 75 47 v.
213 658 75 47 1.
250 658 112 47 Satan
325 658 112 47 eadem
400 658 175 47 Synecdoche
538 658 100 47 usus
600 658 75 47 ad
638 658 100 47 Deum
700 658 112 47 dixit
775 658 75 47 de
813 658 112 47 Jobo:
875 658 75 47 Mitt

145 699 117 40 quaeso
227 699 105 40 manum
298 699 94 40 tuam
356 699 59 40 &
380 699 129 40 attinge
473 699 94 40 ossa
532 699 94 40 ejus
591 699 59 40 &
614 699 117 40 carnem
696 699 105 40 eius,
766 699 94 40 nisi
825 699 70 40 in
849 699 105 40 faciens

139 725 93 45 tuam
197 725 186 45 maledicturus
348 725 81 45 sit
395 725 104 45 tibi,
464 725 93 45 Job.
522 725 70 45 2.
557 725 70 45 v.
592 725 70 45 5.
627 725 116 45 Iisdem
708 725 139 45 partibus
812 725 128 45 indicat
893 725 70 45 Pau-

135 767 87 37 lus
184 767 174 37 salvificam
321 767 112 37 illam
396 767 62 37 &
421 767 150 37 mysticam
533 767 212 37 conjunctionem
708 767 137 37 Christi
807 767 62 37 &
820 767 137 37 Ecclesiae

130 799 60 44 &
154 799 109 44 curam
227 799 133 44 Christi
323 799 85 44 pro
371 799 121 44 nobis,
456 799 121 44 Ephes.
540 799 72 44 5.
577 799 109 44 vers.
649 799 85 44 29,
697 799 85 44 30.
746 799 133 44 Dominus
830 799 121 44 Ecclesi-

134 839 79 34 am
173 839 105 34 suam
239 839 105 34 odio
304 839 92 34 non
357 839 131 34 habet,
449 839 92 34 sed
501 839 144 34 enutrit
606 839 79 34 ac
645 839 118 34 fovet
724 839 105 34 eam:
790 839 144 34 Quoniam
881 839 66 34 mem

139 864 79 41 bra
184 864 102 41 sumus
252 864 136 41 corporis
354 864 102 41 ejus,
422 864 68 41 ex
457 864 102 41 carne
525 864 91 41 ejus
581 864 57 41 &
604 864 68 41 ex
638 864 125 41 ossibus
729 864 102 41 ejus.
797 864 91 41 Ergo
854 864 91 41 ossa
899 864 57 41 no-

129 908 103 37 stra
194 908 65 37 &
220 908 103 37 caro
284 908 129 37 nostra
375 908 155 37 admonent
491 908 90 37 nos
543 908 90 37 non
594 908 129 37 tantum
685 908 78 37 de
723 908 181 37 cognatione
853 908 103 37 corpo-

128 931 93 48 rali
186 931 93 48 quae
244 931 104 48 nobis
314 931 81 48 est
360 931 81 48 cum
407 931 128 48 nostris
499 931 209 48 consansuineis,
673 931 70 48 ut
708 931 116 48 illius
778 931 185 48 consideratione

137 967 134 46 amorem
230 967 80 46 in
271 967 121 46 ipsos
351 967 201 46 declaremus:
512 967 94 46 sed
566 967 121 46 etiam
646 967 80 46 de
686 967 148 46 Christo
794 967 148 46 Domino,
888 967 80 46 quod

141 1004 94 46 ipse
200 1004 165 46 assumserit
330 1004 130 46 naturam
425 1004 142 46 nostram,
531 1004 71 46 ut
566 1004 83 46 eam
614 1004 71 46 in
649 1004 71 46 se
685 1004 213 46 sanctificaret,
862 1004 59 46 &
885 1004 83 46 nos
921 1004 47 46 in

138 1035 75 38 ea
176 1035 201 38 vivificaret:
339 1035 100 38 quod
402 1035 125 38 eandem
490 1035 113 38 veram
565 1035 138 38 naturam
665 1035 113 38 etiam
740 1035 75 38 in
778 1035 125 38 gloria
866 1035 88 38 sua
903 1035 63 38 re-

147 1069 139 41 cineat,
248 1069 101 41 quod
312 1069 76 41 os
349 1069 139 41 nostrum
450 1069 63 41 &
476 1069 101 41 caro
539 1069 126 41 nostra
627 1069 126 41 sedeat
716 1069 76 41 ad
753 1069 152 41 dexteram
867 1069 88 41 DEI
905 1069 63 41 Pa-

145 1112 107 34 tris,
216 1112 95 34 quod
275 1112 130 34 Christo
370 1112 166 34 spirituali
500 1112 166 34 cognatione
631 1112 118 34 juncti
713 1112 118 34 simus,
796 1112 95 34 quod
844 1112 118 34 Christus

137 1145 83 35 nos
185 1145 155 35 nequaquam
304 1145 95 35 odio
363 1145 131 35 habeat,
459 1145 83 35 sed
506 1145 107 35 amet,
578 1145 83 35 sed
625 1145 119 35 caret,
709 1145 83 35 sed
757 1145 131 35 foveat,
840 1145 119 35 enutriat

143 1171 157 42 conservet
263 1171 60 42 &
287 1171 145 42 aeternum
396 1171 145 42 beaturus
504 1171 96 42 sit,
565 1171 96 42 quia
625 1171 108 42 sumus
697 1171 72 42 os
733 1171 72 42 ex
769 1171 132 42 ossibus
866 1171 108 42 ejus,
926 1171 36 42 &

132 1199 101 50 caro
196 1199 76 50 de
234 1199 114 50 carne
310 1199 114 50 ejus.
386 1199 101 50 Haec
449 1199 114 50 talia
526 1199 76 50 in
564 1199 127 50 mentem
652 1199 114 50 nobis
729 1199 178 50 revocemus,
868 1199 152 50 quoties

147 1239 126 44 cunque
236 1239 101 44 ossa
299 1239 126 44 nostra
388 1239 63 44 &
413 1239 126 44 carnem
501 1239 139 44 nostram
602 1239 88 44 vel
653 1239 152 44 intuemur
767 1239 126 44 oculis
855 1239 63 44 &
868 1239 101 44 tangi-

144 1278 89 42 mus
195 1278 153 42 manibus,
310 1278 89 42 vel
361 1278 115 42 animo
438 1278 77 42 de
476 1278 89 42 iis
515 1278 140 42 cogitamus

171 1300 145 50 Caeterum
280 1300 109 50 omnes
352 1300 121 50 partes
437 1300 157 50 corporis,
558 1300 97 50 sunt
618 1300 85 50 Dei
667 1300 109 50 opus,
739 1300 109 50 sicut
812 1300 109 50 Jobus
872 1300 97 50 fater-

143 1346 82 36 tur
190 1346 118 36 capite
273 1346 82 36 10.
320 1346 94 36 ver.
379 1346 82 36 10,
426 1346 82 36 11.
473 1346 106 36 Nonne
544 1346 106 36 sicut
615 1346 82 36 lac
662 1346 130 36 fudisti
756 1346 82 36 mes
803 1346 59 36 &
827 1346 130 36 tanquam
909 1346 59 36 ca-

149 1369 94 49 seum
208 1369 164 49 coagulasti
336 1369 82 49 met
383 1369 105 49 Carne
453 1369 58 49 &
477 1369 94 49 cute
535 1369 140 49 induisti
641 1369 82 49 me,
687 1369 164 49 ossibusque
816 1369 58 49 &
839 1369 117 49 nervis
910 1369 58 49 te-

140 1405 111 46 xisti
214 1405 87 46 me?
263 1405 74 46 Et
300 1405 136 46 Salomon
399 1405 111 46 Prov.
474 1405 87 46 20.
523 1405 74 46 v.
560 1405 87 46 12.
610 1405 124 46 Aurem,
696 1405 136 46 inquit,
795 1405 161 46 audientem
919 1405 62 46 &
932 1405 49 46 o-

151 1444 116 45 culum
229 1444 168 45 videntem,
358 1444 129 45 Iehova
448 1444 103 45 fuit
512 1444 116 45 aeque
577 1444 129 45 utrumquo

207 1476 78 40 Si
246 1476 105 40 Deus
311 1476 118 40 omnes
390 1476 131 40 partes
481 1476 157 40 corporis
599 1476 131 40 humani
691 1476 157 40 formavit
808 1476 65 40 &
821 1476 144 40 functione

142 1510 103 44 illas
210 1510 80 44 eis
256 1510 126 44 tribuit
347 1510 91 44 quas
405 1510 149 44 quaelibet
519 1510 114 44 habet:
599 1510 103 44 multo
668 1510 103 44 magis
736 1510 91 44 ipse
793 1510 103 44 agere
862 1510 91 44 illa
908 1510 57 44 po-

139 1541 107 44 test
206 1541 228 44 eminentissimo
393 1541 107 44 modo
460 1541 107 44 quae
527 1541 147 44 homines
634 1541 161 44 naturali
755 1541 107 44 modo
822 1541 161 44 faciunt.
929 1541 67 44 Hoc

140 1573 105 48 docet
211 1573 105 48 David
281 1573 105 48 Psal.
351 1573 82 48 94.
398 1573 70 48 v.
433 1573 70 48 9,
468 1573 82 48 10.
515 1573 70 48 Si
550 1573 70 48 de
585 1573 141 48 singulis
691 1573 117 48 ordine
773 1573 152 48 ageremus,
878 1573 94 48 latis-

143 1607 115 44 simus
220 1607 141 44 dicendi
322 1607 128 44 campus
412 1607 128 44 esset:
502 1607 102 44 nunc
566 1607 154 44 specimen
681 1607 192 44 Theologicae
821 1607 154 44 considera-

149 1641 122 54 tionis
234 1641 73 54 in
271 1641 85 54 una
319 1641 146 54 duntaxat
429 1641 110 54 parte
502 1641 146 54 similari
600 1641 158 54 exhibebimus

178 1676 137 47 OSSIUM
274 1676 220 47 consideratio
453 1676 192 47 Theologica
604 1676 151 47 admodum
714 1676 96 47 est
755 1676 124 47 utilis.

182 1712 69 48 De
217 1712 104 48 illis
286 1712 173 48 didascaliae
425 1712 150 48 sequentes
529 1712 115 48 notandae

176 1732 80 62 I.
216 1732 93 62 Cum
269 1732 133 62 minime
362 1732 120 62 tutum
442 1732 120 62 esset
522 1732 93 62 nec
575 1732 160 62 decorum,
695 1732 213 62 vermiculorum
854 1732 120 62 serpen-

145 1781 147 41 tiumque
252 1781 107 41 more
318 1781 134 41 repere
412 1781 147 41 hominem
519 1781 94 41 tam
572 1781 147 41 nobilem
679 1781 187 41 creaturam;
826 1781 134 41 firmis
906 1781 67 41 os-

145 1820 102 39 fibus
213 1820 91 39 illi
270 1820 91 39 Deus
326 1820 114 39 corpus
406 1820 114 39 erexit
485 1820 102 39 atque
554 1820 170 39 stabilivit,
690 1820 80 39 tum
735 1820 68 39 ut
770 1820 136 39 caeteris
860 1820 114 39 partibus

153 1851 144 42 corporis
261 1851 180 42 sustinendis
405 1851 168 42 servirent,
537 1851 96 42 haud
596 1851 108 42 secus
668 1851 108 42 atque
740 1851 108 42 basis
812 1851 84 42 seu
848 1851 132 42 fundamen-

143 1877 89 45 tum
194 1877 63 45 &
219 1877 152 45 columnae
333 1877 139 45 aedibus
435 1877 177 45 subjectae,
574 1877 89 45 tum
625 1877 76 45 ut
663 1877 139 45 tanquam
764 1877 203 45 propugnacula
917 1877 63 45 es-

141 1915 103 40 sent
205 1915 154 40 adversus
321 1915 116 40 omnes
398 1915 154 40 impetus.
514 1915 77 40 Et
553 1915 90 40 quo
604 1915 77 40 in
643 1915 116 40 omnem
720 1915 129 40 partem
810 1915 129 40 flecti
887 1915 90 40 move-

144 1943 108 49 rique
216 1943 120 49 posset
300 1943 132 49 corpus,
396 1943 84 49 non
444 1943 84 49 est
492 1943 72 49 in
528 1943 72 49 eo
564 1943 72 49 os
600 1943 120 49 unicum
684 1943 168 49 solidumque
816 1943 144 49 creatum,
924 1943 84 49 sed

153 1976 69 53 ex
187 1976 115 53 variis
267 1976 184 53 discretisque
417 1976 126 53 ossibus
509 1976 80 53 est
555 1976 161 53 compactum:
681 1976 80 53 ita
727 1976 69 53 ut
761 1976 149 53 singulare
865 1976 103 53 artifi-

157 2019 100 39 cium
220 2019 213 39 sapientissimi
395 2019 88 39 Dei
445 2019 75 39 in
483 2019 125 39 ossium
570 2019 200 39 fabricatione
733 2019 100 39 ante
795 2019 125 39 oculos
870 2019 113 39 nostros

145 2052 141 49 positum
248 2052 102 49 sit,
312 2052 64 49 &
337 2052 205 49 benignitatis
504 2052 102 49 erga
568 2052 90 49 nos
619 2052 179 49 singularis
759 2052 192 49 documentum,
900 2052 77 49 quum

147 2076 90 49 nos
199 2076 64 49 a
224 2076 180 49 reptilibus
365 2076 64 49 &
391 2076 193 49 serpentibus
545 2076 180 49 animalibus
686 2076 128 49 ossium
776 2076 90 49 tam
815 2076 154 49 admitabile

153 2123 82 44 tam
200 2123 93 44 apta
258 2123 152 44 structura
375 2123 175 44 discernere,
515 2123 163 44 nostrisque
643 2123 128 44 comodis
736 2123 152 44 providere
853 2123 152 44 voluerit.

193 2143 84 51 II.
241 2143 96 51 Ossa
301 2143 120 51 nostra
385 2143 192 51 conturbantur
541 2143 120 51 pavore
626 2143 60 51 a
650 2143 156 51 majestate
770 2143 60 51 &
794 2143 84 51 ira
842 2143 96 51 Dei:
902 2143 108 51 sicut

156 2182 133 44 Eliphax
253 2182 170 44 Themanites
386 2182 85 44 ait
435 2182 97 44 Job.
495 2182 73 44 4.
532 2182 109 44 vers.
604 2182 85 44 14.
653 2182 109 44 Pavor
725 2182 145 44 occurrit
835 2182 97 44 mihi
895 2182 61 44 &
907 2182 73 44 tre-

151 2211 98 51 mor,
212 2211 86 51 qui
261 2211 147 51 plurimum
371 2211 98 51 ossa
432 2211 86 51 mea
481 2211 196 51 expavefecit.
640 2211 110 51 Psal.
713 2211 73 51 6.
750 2211 73 51 3.
786 2211 98 51 Cura
848 2211 73 51 me
872 2211 110 51 Iehova,

161 2251 100 58 quia
223 2251 175 58 conturbuta
360 2251 100 58 sunt
422 2251 100 58 ossa
472 2251 75 58 mea.

192 2270 94 59 III.
251 2270 94 59 Ossa
310 2270 106 59 etiam
380 2270 94 59 ipsa
439 2270 153 59 exsultant
557 2270 106 59 sensu
627 2270 200 59 misericordiae
792 2270 94 59 Dei,
850 2270 106 59 sicut
909 2270 59 59 Da-

156 2310 85 54 vid
205 2310 85 54 ait
253 2310 122 54 Psalm.
339 2310 85 54 51.
387 2310 73 54 v.
424 2310 85 54 10.
472 2310 122 54 Facito
558 2310 73 54 ut
594 2310 122 54 audiam
680 2310 134 54 gaudium
777 2310 61 54 &
801 2310 171 54 laetitiam,
923 2310 61 54 ex-

165 2352 121 51 sultent
253 2352 88 51 ossa
308 2352 88 51 quae
353 2352 143 51 contriveris

209 2365 91 69 IV.
261 2365 78 69 Ex
300 2365 130 69 ossium
391 2365 169 69 nostrorum
521 2365 156 69 fictione
639 2365 78 69 in
678 2365 117 69 utero
756 2365 143 69 materno
847 2365 143 69 admirabi-

166 2408 102 58 ditas
233 2408 113 58 operum
312 2408 79 58 Dei
358 2408 169 58 percipitur;
493 2408 102 58 sicut
561 2408 181 58 Ecclesiastes
707 2408 102 58 dicit
775 2408 90 58 cap.
831 2408 79 58 11.
876 2408 102 58 vers.
933 2408 45 58 1.

157 2446 188 61 Quemadmodum
308 2446 138 61 ignoras
408 2446 100 61 quae
471 2446 88 61 sit
521 2446 88 61 via
571 2446 125 61 venti,
659 2446 75 61 ut
697 2446 138 61 ignoras
797 2446 100 61 quae
860 2446 88 61 via
897 2446 88 61 ossi-

156 2479 71 52 um
192 2479 71 52 in
227 2479 106 52 utero
298 2479 154 52 gravidae:
416 2479 83 52 ita
463 2479 130 52 ignoras
558 2479 95 52 opus
617 2479 118 52 ipsius
700 2479 95 52 Dei,
759 2479 83 52 qua
806 2479 83 52 via
853 2479 118 52 faciat
924 2479 71 52 haec

161 2518 132 54 omnia.
253 2518 159 54 Notandae
373 2518 66 54 &
399 2518 93 54 hae
439 2518 119 54 paediae

226 2543 123 58 Pietas
312 2543 74 58 in
349 2543 98 58 Deum
410 2543 86 58 est
459 2543 135 58 sincere
557 2543 147 58 colenda:
668 2543 86 58 nam
717 2543 86 58 qui
766 2543 74 58 id
803 2543 147 58 faciunt,
901 2543 86 58 eorum

160 2589 99 52 possa
226 2589 88 52 Deus
281 2589 132 52 expedita
380 2589 121 52 reddet,
467 2589 99 52 Jesa.
533 2589 77 52 58.
577 2589 66 52 v.
599 2589 55 52 11.

224 2597 128 68 Peccata
318 2597 93 68 sunt
376 2597 140 68 vitanda:
481 2597 93 68 quia
539 2597 128 68 propter
632 2597 93 68 illa
690 2597 105 68 etiam
760 2597 93 68 ossa
818 2597 128 68 hominis
900 2597 93 68 affli-

163 2647 126 64 guntur,
254 2647 103 64 ficut
323 2647 103 64 David
391 2647 80 64 ait
437 2647 103 64 Psal.
506 2647 80 64 38.
552 2647 69 64 v.
586 2647 69 64 4.
620 2647 80 64 Non
666 2647 80 64 est
712 2647 80 64 pax
758 2647 69 64 in
792 2647 126 64 ossibus
884 2647 92 64 meis
929 2647 69 64 pro-

156 2697 109 56 pter
224 2697 163 56 peccatum
333 2697 95 56 meum.

224 2709 139 64 Peccata
325 2709 101 64 sunt
389 2709 88 64 Deo
439 2709 177 64 confitenda
578 2709 139 64 ingenue
679 2709 63 64 &
704 2709 88 64 non
755 2709 152 64 tegenda,
869 2709 88 64 non
907 2709 88 64 excu-

168 2747 121 59 sanda:
252 2747 97 59 quia
313 2747 85 59 qui
361 2747 133 59 peccata
458 2747 85 59 sua
506 2747 85 59 non
554 2747 169 59 confitetur
687 2747 97 59 Deo,
748 2747 97 59 ejus
808 2747 109 59 etiam
868 2747 121 59 firmissi

170 2781 94 58 mum
223 2781 161 58 quodque,
344 2781 80 58 ut
384 2781 107 58 sunt
451 2781 120 58 ossa,
531 2781 107 58 manu
598 2781 227 58 Deiatteritur.
785 2781 94 58 Hoc
838 2781 120 58 David
905 2781 94 58 expe-

172 2815 118 56 rientia
258 2815 118 56 propria
344 2815 129 56 didicit,
441 2815 97 56 sicut
506 2815 75 56 ait
549 2815 97 56 Psal.
613 2815 75 56 32.
656 2815 65 56 3.
689 2815 86 56 Quum
743 2815 129 56 silerem,
829 2815 161 56 inveterascet-

173 2856 95 55 bant
233 2856 95 55 ossa
292 2856 95 55 mea,
351 2856 71 55 in
387 2856 119 55 rugitu
470 2856 83 55 meo
518 2856 95 55 toto
566 2856 59 55 die

227 2885 146 51 Omnibus
333 2885 146 51 viribus
440 2885 146 51 nostris
546 2885 106 51 Deum
613 2885 173 51 extollere
746 2885 160 51 debemus,
865 2885 120 51 sicut
932 2885 93 51 David

171 2915 81 58 ait
218 2915 116 58 Psalmo
299 2915 81 58 35.
345 2915 70 58 v.
380 2915 81 58 10.
427 2915 104 58 Omnia
496 2915 93 58 ossa
554 2915 81 58 men
601 2915 128 58 dicant,
693 2915 116 58 Iehova
775 2915 93 58 quis
833 2915 81 58 est
879 2915 81 58 par
914 2915 81 58 tibi-

170 2949 154 60 cripiens
286 2949 154 60 pauperem
401 2949 64 60 a
427 2949 180 60 valentiore
568 2949 90 60 eo,
619 2949 167 60 pauperem,
747 2949 141 60 inquam,
850 2949 64 60 &
876 2949 141 60 egentem
966 2949 38 60 a

180 3004 170 46 diripiente
301 3004 73 46 eum.

212 3004 75 72 Si
249 3004 149 72 audiamus
361 3004 187 72 blasphemias
510 3004 75 72 in
548 3004 112 72 Deum,
622 3004 87 72 tam
672 3004 112 72 nobis
747 3004 75 72 id
784 3004 125 72 dolere
871 3004 125 72 debet,
946 3004 50 72 a-

181 3050 65 63 si
214 3050 87 63 quis
268 3050 120 63 gladiis
356 3050 87 63 ossa
410 3050 109 63 nostra
486 3050 218 63 transverberaret.
672 3050 76 63 Sic
716 3050 76 63 ait
759 3050 98 63 David
825 3050 98 63 Psal.
890 3050 76 63 42.
934 3050 65 63 v.
955 3050 55 63 11,

178 3083 95 63 Sica
238 3083 143 63 invadunt
345 3083 95 63 ossa
405 3083 95 63 mea,
464 3083 119 63 probro
548 3083 179 63 afficientes
691 3083 72 63 ne
727 3083 119 63 hostes
810 3083 95 63 mei,
870 3083 83 63 dum
906 3083 95 63 dicunt

177 3120 95 59 mihi
237 3120 155 59 quotidie,
356 3120 83 59 ubi
403 3120 83 59 est
451 3120 95 59 Deus
510 3120 107 59 tuus?
582 3120 83 59 Sic
629 3120 83 59 nos
677 3120 107 59 decet
748 3120 167 59 vehementer
879 3120 131 59 affici,
962 3120 48 59 si

183 3153 155 62 ministri
299 3153 116 62 verbi
377 3153 91 62 Dei
429 3153 155 62 scandala
545 3153 181 62 praebeant,
688 3153 194 62 quemadmodum
843 3153 155 62 Jeremias
946 3153 65 62 ait

175 3186 92 58 cap.
233 3186 81 58 23.
279 3186 69 58 v.
314 3186 69 58 9.
348 3186 92 58 Quod
406 3186 69 58 ad
440 3186 150 58 Prophetas
555 3186 115 58 ipsos,
636 3186 150 58 frangitur
751 3186 81 58 cor
797 3186 92 58 meum
854 3186 69 58 in
889 3186 81 58 me,
935 3186 92 58 eli

181 3236 128 47 duntur
271 3236 115 47 omnia
348 3236 103 47 ossa
399 3236 77 47 mea.

213 3246 84 63 Deo
261 3246 180 63 calamitates
405 3246 96 63 sunt
465 3246 192 63 proponendae,
620 3246 60 63 e
644 3246 120 63 quibus
728 3246 96 63 ille
788 3246 108 63 solus
860 3246 132 63 cripere
944 3246 60 63 po-

183 3290 109 58 test.
256 3290 85 58 Sic
304 3290 85 58 ait
353 3290 122 58 pauper
438 3290 109 58 Psal.
511 3290 97 58 102.
572 3290 73 58 3.
609 3290 73 58 4.
645 3290 122 58 Exaudi
730 3290 85 58 me:
779 3290 85 58 nam
828 3290 182 58 consumuntur
961 3290 49 58 ut

978 213 108 62 fumus
1050 213 96 62 dies
1110 213 96 62 mei,
1170 213 60 62 &
1194 213 96 62 ossa
1253 213 84 62 mea
1301 213 72 62 ut
1337 213 108 62 focus
1409 213 192 62 exardescunt.
1565 213 60 62 &
1589 213 72 62 v.
1624 213 72 62 6.
1648 213 156 62 Adhaeresci-

1002 269 75 40 os
1039 269 99 40 meum
1101 269 112 40 carni
1175 269 112 40 meae;
1250 269 75 40 id
1287 269 99 40 est,
1349 269 199 40 diuturnitate
1511 269 137 40 malorum
1610 269 62 40 &
1635 269 149 40 clamorum
1734 269 75 40 ema-

1003 295 96 45 cinr.
1067 295 64 45 Et
1100 295 96 45 Psal.
1164 295 86 45 141.
1217 295 64 45 v.
1249 295 64 45 7.
1281 295 96 45 Quasi
1345 295 150 45 dissecaret
1463 295 86 45 quis
1517 295 53 45 &
1538 295 160 45 diffinderet
1666 295 64 45 in
1698 295 107 45 terra,
1763 295 53 45 di-

1004 328 151 43 sperguntur
1123 328 86 43 ossa
1176 328 118 43 nostra,
1262 328 65 43 in
1295 328 65 43 os
1327 328 140 43 sepulcri,
1435 328 65 43 id
1467 328 86 43 est,
1521 328 108 43 tantus
1596 328 75 43 est
1639 328 118 43 hostium
1714 328 97 43 nostro-

996 368 89 50 rum
1047 368 140 50 impetus
1149 368 76 50 in
1187 368 102 50 nos,
1251 368 76 50 ac
1289 368 76 50 si
1327 368 89 50 mox
1378 368 178 50 dissecandi
1518 368 64 50 &
1543 368 165 50 membratim
1658 368 165 50 discerpendi

1007 400 123 43 essemus
1096 400 112 43 veluti
1175 400 112 43 ligna,
1253 400 90 43 nisi
1309 400 67 43 tu
1343 400 56 43 o
1365 400 90 43 Deus
1410 400 146 43 succurreris

1053 428 184 44 Unusquisque
1200 428 98 44 ossa
1261 428 147 44 corporis
1372 428 98 44 sui,
1433 428 135 44 tanquam
1532 428 147 44 columnas
1642 428 123 44 templi
1728 428 74 44 in
1753 428 61 44 quo

1010 460 136 48 Spiritus
1112 460 125 48 Sanctus
1203 460 136 48 habitat,
1305 460 114 48 curare
1385 460 114 48 debet,
1464 460 80 48 sic
1510 460 68 48 ut
1544 460 80 48 per
1590 460 102 48 fidem
1658 460 102 48 malit
1726 460 68 48 ea
1749 460 68 48 ibi-

998 496 151 44 sepeliri,
1115 496 82 44 ubi
1161 496 140 44 Ecclesia
1266 496 82 44 Dei
1313 496 93 44 est,
1371 496 93 44 quam
1429 496 93 44 apud
1487 496 151 44 infideles
1604 496 58 44 &
1627 496 116 44 hostes
1709 496 93 44 Dei:
1755 496 70 44 que-

996 533 132 54 admodum
1092 533 144 54 Josephus
1200 533 168 54 Patriarcha
1333 533 96 54 ossa
1393 533 84 54 sua
1441 533 72 54 in
1477 533 108 54 terra
1549 533 144 54 promissa
1658 533 144 54 sepeliri
1754 533 60 54 ma-

993 564 108 43 luit,
1065 564 96 43 quam
1125 564 72 43 in
1162 564 132 43 AEgypti
1258 564 157 43 mausoleo.
1378 564 96 43 Gen.
1439 564 84 43 50.
1487 564 72 43 v.
1511 564 60 43 25.

1065 597 180 47 Consolatio.
1209 597 72 47 I.
1245 597 132 47 Fideles
1340 597 84 47 non
1388 597 120 47 debent
1472 597 84 47 res
1520 597 144 47 adversas
1628 597 132 47 timere:
1723 597 96 47 quia
1771 597 48 47 o-

1004 629 99 54 mnia
1065 629 99 54 ossa
1127 629 111 54 eorum
1201 629 99 54 Deus
1262 629 136 54 servat,
1361 629 99 54 unum
1423 629 74 54 ex
1460 629 111 54 illis
1534 629 99 54 sine
1595 629 160 54 voluntate
1718 629 86 54 Dei
1755 629 62 54 non

1007 664 144 51 frangitur,
1120 664 93 51 Psal.
1182 664 72 51 34.
1223 664 62 51 v.
1244 664 51 51 21.

1059 694 86 49 II.
1108 694 196 49 Persecutores
1267 694 159 49 fidelibus
1389 694 86 49 non
1438 694 98 49 sunt
1499 694 183 49 formidandi,
1646 694 98 49 quia
1707 694 73 49 ut
1731 694 98 49 David.

1003 740 121 40 populum
1091 740 77 40 Dei
1135 740 155 40 alloquitur
1257 740 99 40 Psal.
1323 740 77 40 53.
1367 740 66 40 v.
1400 740 66 40 6.
1434 740 88 40 Deus
1489 740 132 40 dissipat
1588 740 88 40 ossa
1643 740 132 40 cujusque
1732 740 88 40 castra

1012 771 136 46 habentis
1113 771 113 46 contra
1192 771 79 46 te,
1238 771 68 46 id
1272 771 90 46 est,
1328 771 136 46 penetrat
1430 771 56 46 &
1452 771 147 46 pertingit
1565 771 102 46 usque
1633 771 68 46 ad
1667 771 124 46 intimas
1746 771 79 46 illo-

1000 801 83 46 rum
1047 801 118 46 partes
1130 801 59 46 &
1153 801 200 46 valentissimas
1307 801 153 46 diffringit.

1035 829 93 53 III.
1093 829 150 53 Fidelibus
1209 829 185 53 afflictiones
1359 829 104 53 omnes
1429 829 93 53 sunt
1487 829 150 53 patienter
1602 829 150 53 ferendae:
1718 829 93 53 quia
1764 829 58 53 il-

1002 862 107 46 lorum
1073 862 95 46 ossa
1132 862 71 46 ut
1168 862 107 46 herba
1239 862 118 46 tenera
1322 862 201 46 reflorescent,
1488 862 107 46 Jesa.
1559 862 83 46 66.
1606 862 71 46 v.
1642 862 83 46 14.
1689 862 95 46 Sunt
1736 862 95 46 quidem

1007 900 129 46 fideles
1101 900 71 46 in
1137 900 82 46 hoc
1184 900 106 46 mundo
1254 900 106 46 velut
1325 900 106 46 arida
1396 900 165 46 putridaque
1525 900 94 46 ossa
1584 900 82 46 per
1631 900 118 46 terram
1702 900 129 46 disjecta:

1008 933 80 61 sed
1053 933 149 61 divinitus
1168 933 218 61 instaurabuntur.
1352 933 103 61 Eodem
1421 933 138 61 pertinet
1524 933 103 61 visio
1593 933 161 61 Ezechielis
1720 933 92 61 cap.
1766 933 57 61 37.

1015 967 70 51 de
1050 967 128 51 ossibus
1144 967 117 51 aridis
1225 967 222 51 reviviscentibus
1412 967 152 51 spectante
1517 967 128 51 Propheta.

1097 1017 94 49 Sic
1150 1017 94 49 est
1204 1017 80 49 de
1244 1017 160 49 partibus
1364 1017 200 49 similaribus
1524 1017 134 49 humani
1604 1017 134 49 corporis

1055 1068 118 46 Partes
1138 1068 190 46 dissimilares
1292 1068 142 46 conporis
1399 1068 130 46 humani,
1493 1068 95 46 sunt
1553 1068 95 46 quae
1612 1068 130 46 naturae
1695 1068 142 46 dissimilis

1005 1093 95 56 sunt
1065 1093 59 56 &
1088 1093 119 56 organa
1172 1093 83 56 seu
1219 1093 167 56 instrumeta
1350 1093 83 56 per
1398 1093 95 56 quae
1457 1093 107 56 actio
1529 1093 143 56 perfecta
1636 1093 131 56 editur.
1731 1093 71 56 Ut
1755 1093 71 56 enim

1019 1142 154 37 universum
1138 1142 119 37 corpus
1221 1142 83 37 est
1268 1142 190 37 instrumentum
1423 1142 131 37 animae,
1517 1142 83 37 sic
1565 1142 119 37 oculus
1648 1142 83 37 est
1684 1142 142 37 instrumen-

1013 1174 87 36 tum
1062 1174 161 36 visionis,
1186 1174 186 36 ventriculus
1335 1174 211 36 concoctionis,
1509 1174 112 36 manus
1584 1174 236 36 apprehensionis,
1770 1174 62 36 pe-

1014 1204 82 38 des
1061 1204 211 38 progressionis,
1237 1204 105 38 aliae
1307 1204 117 38 partes
1389 1204 129 38 aliarum
1483 1204 176 38 functionum,
1623 1204 94 38 quae
1682 1204 70 38 ad
1717 1204 105 38 vitae
1775 1204 59 38 hu-

1025 1245 78 43 us
1064 1245 209 43 necessitatem
1234 1245 65 43 &
1260 1245 209 43 commoditatem
1429 1245 209 43 requiruntur:
1599 1245 104 43 unde
1664 1245 117 43 etiam
1730 1245 104 43 partet

1012 1278 151 33 organicae
1128 1278 81 33 seu
1175 1278 220 33 instrumentariae
1361 1278 186 33 appellantur.

1040 1305 142 38 Illarum
1144 1305 207 38 consideratio
1312 1305 181 38 Theologica
1454 1305 78 38 in
1493 1305 129 38 genere
1583 1305 91 38 nos
1635 1305 155 38 admonet,
1751 1305 78 38 de
1777 1305 65 38 re-

1022 1334 90 47 bus
1074 1334 193 47 praeclaris.
1228 1334 116 47 Primo
1305 1334 103 47 enim
1369 1334 193 47 quemadmodum
1523 1334 116 47 nulla
1600 1334 90 47 est
1651 1334 103 47 pars
1703 1334 128 47 corpori-

1031 1378 168 35 prganica,
1160 1378 103 35 quae
1225 1378 181 35 functionem
1367 1378 103 35 suam
1432 1378 90 35 non
1483 1378 129 35 habeat
1574 1378 194 35 pertinentem
1729 1378 78 35 ad
1754 1378 78 35 com-

1015 1412 118 39 munem
1093 1412 144 39 hominis
1198 1412 248 39 conservationem:
1407 1412 91 39 ita
1459 1412 144 39 singula
1564 1412 131 39 membra
1655 1412 170 39 Ecclesiae
1773 1412 65 39 Dei

1023 1439 110 47 habent
1100 1439 77 47 sua
1144 1439 121 47 officia
1232 1439 143 47 divinitus
1341 1439 99 47 illis
1407 1439 143 47 demandata
1517 1439 99 47 atque
1583 1439 154 47 attributa,
1703 1439 77 47 sic
1747 1439 66 47 ut
1769 1439 66 47 sin-

1022 1477 102 41 gula
1086 1477 102 41 sint
1149 1477 190 41 instrumenta
1302 1477 89 41 Dei
1352 1477 76 41 ad
1391 1477 178 41 peragendum
1530 1477 76 41 id
1568 1477 102 41 quod
1632 1477 102 41 Deus
1683 1477 152 41 praecepit.

1028 1511 114 38 IInde
1104 1511 139 38 dicimus
1205 1511 240 38 frequentissime,
1407 1511 139 38 homines
1508 1511 101 38 esse
1572 1511 190 38 instrumenta
1723 1511 88 38 Dei
1761 1511 76 38 quo-

1032 1542 171 44 ciescunque
1166 1542 98 44 boni
1228 1542 135 44 aliquid
1326 1542 147 44 faciunt.
1436 1542 110 44 Omnis
1509 1542 98 44 homo
1571 1542 86 44 est
1620 1542 73 44 in
1656 1542 171 44 benefactis
1779 1542 61 44 in-

1025 1574 182 41 strumentum
1168 1574 104 41 Dei.
1233 1574 91 41 Sic
1285 1574 156 41 Christus
1402 1574 78 41 de
1441 1574 117 41 Paulo
1519 1574 91 41 ait
1571 1574 78 41 ad
1610 1574 143 41 Ananiam
1701 1574 130 41 Damasce-

1020 1610 82 38 num
1067 1610 117 38 Actor.
1149 1610 70 38 9.
1184 1610 105 38 vers.
1254 1610 82 38 15.
1301 1610 187 38 Instrumentum
1453 1610 128 38 electum
1546 1610 82 38 est
1593 1610 93 38 mihi
1651 1610 105 38 iste,
1721 1610 70 38 ut
1745 1610 93 38 portet

1028 1644 121 44 nomen
1108 1644 108 44 meum
1176 1644 81 44 in
1216 1644 175 44 conspectu
1351 1644 162 44 gentium,
1472 1644 67 44 &
1499 1644 135 44 Regum,
1594 1644 67 44 &
1621 1644 162 44 filiorum
1729 1644 121 44 Israel.

1036 1679 89 41 Hoc
1087 1679 76 41 ad
1125 1679 152 41 ignaviam
1239 1679 165 41 pellendam
1366 1679 127 41 facit:
1455 1679 63 41 &
1481 1679 76 41 ut
1519 1679 152 41 quilibet
1633 1679 140 41 hominum
1722 1679 127 41 cogitet;

1022 1709 77 44 se
1061 1709 90 44 Dei
1112 1709 154 44 organum,
1228 1709 90 44 Dei
1279 1709 218 44 instrumentum,
1459 1709 90 44 Dei
1510 1709 128 44 servum
1587 1709 77 44 esse

1076 1742 160 46 Secundo,
1196 1742 200 46 quemadmodum
1356 1742 173 46 quaelibet
1489 1742 107 46 pars
1556 1742 160 46 corporis
1676 1742 160 46 organica
1782 1742 67 46 non

1030 1776 121 41 tantum
1114 1776 145 41 officium
1223 1776 133 41 aliquod
1319 1776 169 41 assignatum
1452 1776 121 41 habet,
1536 1776 84 41 sed
1585 1776 60 41 &
1609 1776 169 41 distinctum
1742 1776 72 41 ab
1766 1776 72 41 alia

1023 1815 85 35 rum
1071 1815 133 35 partium
1168 1815 158 35 officiis,
1290 1815 61 35 &
1314 1815 109 35 nulla
1386 1815 97 35 pars
1447 1815 73 35 in
1483 1815 145 35 alterius
1592 1815 121 35 partis
1677 1815 109 35 munus
1738 1815 109 35 irruit;

1026 1845 107 37 nulla
1098 1845 119 37 alteri
1181 1845 143 37 invidet,
1288 1845 107 37 nulla
1360 1845 167 37 indignatur
1491 1845 71 37 ob
1526 1845 167 37 attributam
1657 1845 95 37 alij
1717 1845 107 37 parti
1777 1845 71 37 fun-

1023 1878 134 36 ctionem
1120 1878 232 36 praestantiorem:
1315 1878 85 36 ita
1364 1878 73 36 in
1401 1878 146 36 Ecclesia
1511 1878 85 36 sua
1559 1878 159 36 distinxit
1681 1878 98 36 Deus
1730 1878 122 36 singulo-

1025 1910 88 35 rum
1076 1910 125 35 munia,
1163 1910 100 35 quae
1226 1910 175 35 conturbari
1364 1910 88 35 non
1414 1910 113 35 vult;
1489 1910 163 35 turbantes
1614 1910 113 35 autem
1690 1910 138 35 ordinem
1777 1910 63 35 di-

1025 1944 113 40 vinum
1101 1944 126 40 punit,
1189 1944 75 40 ut
1226 1944 151 40 ostendit
1339 1944 151 40 Exemplum
1452 1944 126 40 Haziae
1540 1944 113 40 Regis
1615 1944 151 40 Judaici,
1728 1944 100 40 quem
1779 1944 75 40 Deus

1026 1977 167 35 invadentem
1157 1977 143 35 officium
1265 1977 179 35 sacerdotale
1408 1977 107 35 lepra
1479 1977 167 35 percussit,
1610 1977 72 35 2.
1646 1977 119 35 Chron.
1730 1977 83 35 26.
1777 1977 83 35 16.
1813 1977 36 35 &

1032 2007 112 39 seqq.
1106 2007 112 39 Facit
1181 2007 87 39 hoc
1230 2007 75 39 ad
1268 2007 162 39 tollendam
1392 2007 87 39 tum
1628 2007 87 39 su-

1023 2044 145 38 ,
1132 2044 85 38 tum
1180 2044 145 38 invidiam
1289 2044 85 38 seu
1338 2044 157 38 indignat:
1459 2044 97 38 onem
1519 2044 73 38 ob
1555 2044 218 38 excellentiores
1725 2044 121 38 functio-

1024 2072 78 42 nes
1068 2072 78 42 seu
1113 2072 100 42 dotes
1180 2072 100 42 aliis
1247 2072 145 42 divinitus
1347 2072 134 42 concessas.

1076 2102 144 45 Tertio,
1181 2102 197 45 quemadmodum
1338 2102 131 45 partes
1430 2102 157 45 corporis
1548 2102 249 45 instrumentariae
1745 2102 105 45 diver-

1023 2137 79 42 sae
1068 2137 90 42 sunt
1124 2137 101 42 forma
1191 2137 79 42 seu
1236 2137 124 42 figura,
1326 2137 101 42 situ,
1394 2137 157 42 dignitate,
1518 2137 180 42 necessitate,
1664 2137 135 42 aliisque
1754 2137 101 42 circum-

1036 2176 140 36 tantiis:
1141 2176 82 36 ita
1188 2176 105 36 visum
1258 2176 93 36 fuit
1316 2176 82 36 Deo
1363 2176 93 36 etia
1421 2176 70 36 in
1456 2176 140 36 Ecclesia
1561 2176 175 36 constituere
1701 2176 128 36 diversa
1783 2176 70 36 mem-

1029 2208 81 37 bra
1076 2208 58 37 &
1099 2208 173 37 differentia
1237 2208 208 37 circumstantiis
1411 2208 162 37 quibusdam,
1538 2208 81 37 sic
1584 2208 69 37 ut
1619 2208 139 37 varietas
1723 2208 92 37 illa
1769 2208 81 37 fide-

1030 2241 90 37 lium
1086 2241 67 37 ex
1120 2241 146 37 singulari
1232 2241 79 37 sit
1277 2241 168 37 providentia
1400 2241 90 37 divina

1065 2269 70 42 Ut
1100 2269 94 42 vero
1159 2269 164 42 specialius
1288 2269 70 42 de
1323 2269 140 42 partibus
1428 2269 152 42 organicis
1545 2269 129 42 agamus,
1638 2269 140 42 sciendum
1744 2269 82 42 est
1779 2269 70 42 cor-

1024 2304 88 50 pus
1075 2304 138 50 humanum
1175 2304 125 50 dividi
1263 2304 75 50 in
1300 2304 138 50 ventres
1401 2304 63 50 &
1413 2304 88 50 artus

1069 2334 138 44 Ventres
1169 2334 100 44 sunt
1231 2334 113 44 tres,
1306 2334 150 44 infimus,
1419 2334 125 44 medius
1506 2334 63 44 &
1519 2334 138 44 supremus.

1079 2366 124 44 Venter
1166 2366 137 44 insimus
1265 2366 87 44 qui
1315 2366 137 44 partium
1415 2366 174 44 naturalium
1551 2366 87 44 est
1601 2366 174 44 domicilium
1738 2366 62 44 &
1763 2366 75 44 in
1788 2366 62 44 hy-

1032 2412 189 36 pochondria,
1183 2412 151 36 regionem
1297 2412 151 36 umbilici
1410 2412 63 36 &
1435 2412 201 36 hypogastrium
1598 2412 176 36 dividitur,
1737 2412 113 36 inter
1800 2412 50 36 a-

1025 2441 94 47 lias
1084 2441 118 47 partes
1166 2441 141 47 continet
1272 2441 118 47 renes,
1354 2441 129 47 lienem,
1448 2441 118 47 hepar,
1531 2441 188 47 ventriculum,
1684 2441 59 47 &
1707 2441 153 47 praeterea
1813 2441 47 47 in

1037 2477 149 33 corpore
1146 2477 162 33 muliebri
1268 2477 135 33 uterum
1349 2477 135 33 maternum

1062 2503 110 41 RENES
1135 2503 98 41 sunt
1197 2503 110 41 sedes
1270 2503 196 41 ,
1430 2503 86 41 hoc
1479 2503 98 41 est,
1540 2503 196 41 cupiditatum,
1688 2503 147 41 delectatio

1030 2541 120 35 numque
1114 2541 168 35 internarum
1246 2541 72 35 in
1282 2541 132 35 homine,
1378 2541 108 35 juxta
1450 2541 108 35 illud
1521 2541 108 35 Psal.
1593 2541 72 35 7.
1629 2541 108 35 vers.
1701 2541 84 35 17.
1737 2541 132 35 Deficiat:

1029 2575 131 43 quaeso
1121 2575 118 43 malum
1199 2575 184 43 improborum
1344 2575 66 43 &
1370 2575 170 43 stabilito
1501 2575 144 43 justum:
1606 2575 118 43 prout
1684 2575 170 43 scrutator
1802 2575 66 43 es:

1028 2607 142 35 cordium
1131 2607 65 35 &
1157 2607 129 35 renum,
1248 2607 103 35 Deus
1312 2607 129 35 juste.
1402 2607 103 35 Deus
1467 2607 168 35 scrutatur
1596 2607 129 35 renes,
1686 2607 103 35 quia
1751 2607 116 35 videt
1815 2607 52 35 a-

1038 2633 158 48 cutissime
1160 2633 61 48 &
1184 2633 183 48 exactissime
1330 2633 110 48 etiam
1403 2633 134 48 intimas
1501 2633 110 48 etiam
1574 2633 195 48 cupiditates,
1720 2633 146 48 vosuntates

1047 2676 60 37 &
1071 2676 215 37 abstrusissimas
1250 2676 203 37 delectationes
1417 2676 143 37 hominis.
1525 2676 107 37 Opera
1596 2676 119 37 nostra
1680 2676 96 37 quae
1740 2676 119 37 dictis
1811 2676 36 37 &

1044 2707 120 41 factis
1128 2707 156 41 operamur,
1248 2707 156 41 hominibus
1367 2707 96 41 esse
1427 2707 96 41 nota
1487 2707 144 41 possunt:
1595 2707 84 41 sed
1643 2707 84 41 quo
1690 2707 108 41 animo
1750 2707 96 41 fiant,

1044 2741 58 42 &
1068 2741 81 42 quo
1114 2741 81 42 per
1160 2741 93 42 illa
1218 2741 151 42 pervenire
1334 2741 151 42 cupiamus,
1450 2741 104 42 solus
1520 2741 93 42 ille
1578 2741 104 42 novit
1647 2741 81 42 qui
1694 2741 104 42 renes
1752 2741 104 42 scruta-

1050 2784 89 34 ur.
1101 2784 114 34 Recte
1177 2784 114 34 autem
1253 2784 190 34 temporalium
1404 2784 215 34 terrenarumque
1581 2784 114 34 rerum
1657 2784 177 34 delectatio
1784 2784 63 34 re-

1039 2810 101 43 nibus
1106 2810 157 43 tribuitur,
1230 2810 90 43 quia
1286 2810 56 43 &
1308 2810 90 43 ipsa
1364 2810 90 43 pars
1420 2810 79 43 est
1465 2810 135 43 inferior
1566 2810 135 43 hominis,
1667 2810 56 43 &
1690 2810 67 43 ea
1724 2810 101 43 regio
1780 2810 67 43 est.

1048 2840 85 40 ubi
1097 2840 146 40 carnalis
1206 2840 195 40 generationis
1364 2840 146 40 voluptas
1474 2840 146 40 habitat,
1583 2840 85 40 per
1632 2840 97 40 quam
1693 2840 73 40 in
1729 2840 97 40 hanc
1778 2840 85 40 aeru-

1040 2884 117 34 mnosam
1122 2884 59 34 &
1146 2884 141 34 fallacis
1252 2884 153 34 laetitiae
1369 2884 106 34 vitam
1439 2884 82 34 per
1486 2884 188 34 successionum
1639 2884 117 34 prolis
1721 2884 117 34 natura
1791 2884 59 34 hu-

1042 2911 100 43 mana
1104 2911 224 43 transfunditur.
1291 2911 149 43 Scrutans
1403 2911 100 43 ergo
1465 2911 100 43 Deus
1527 2911 112 43 renes
1602 2911 137 43 nostros
1702 2911 62 43 &
1714 2911 137 43 perspici:

1044 2951 86 35 ens
1093 2951 86 35 nos
1142 2951 86 35 non
1191 2951 184 35 acquiescere
1338 2951 110 35 carni
1411 2951 61 35 &
1436 2951 159 35 sanguimi,
1559 2951 86 35 sed
1608 2951 159 35 delectari
1730 2951 74 35 in
1755 2951 110 35 Domino,

1051 2978 130 39 dirigit
1146 2978 118 39 justum
1228 2978 71 39 in
1264 2978 94 39 ipsa
1323 2978 177 39 conscientia
1464 2978 106 39 coram
1535 2978 83 39 se,
1582 2978 83 39 ubi
1630 2978 118 39 nullus
1712 2978 130 39 hominum
1795 2978 59 39 vi-

1060 3010 90 43 det,
1116 3010 79 43 sed
1161 3010 102 43 solus
1229 3010 90 43 ille
1286 3010 79 43 qui
1331 3010 147 43 perspicit
1444 3010 90 43 quid
1500 3010 124 43 quemque
1591 3010 147 43 delectet.
1704 3010 102 43 Finis
1760 3010 102 43 curarum

1058 3045 79 48 est
1103 3045 170 48 delectatio,
1239 3045 91 48 quia
1296 3045 68 48 eo
1330 3045 125 48 quisque
1421 3045 102 48 curis
1489 3045 136 48 nititur,
1591 3045 68 48 ut
1625 3045 68 48 ad
1659 3045 91 48 suam
1716 3045 170 48 delectatio

1046 3080 85 47 nem
1094 3080 170 47 perveniat.

1096 3104 100 45 Videt
1163 3104 111 45 igitur
1241 3104 100 45 fines
1308 3104 134 45 curarum,
1408 3104 67 45 id
1441 3104 89 45 est,
1497 3104 201 45 delectationes,
1664 3104 78 45 qui
1709 3104 178 45 perscrutatur

1047 3147 128 45 renes:
1137 3147 64 45 &
1162 3147 90 45 cum
1214 3147 179 45 invenerit,
1355 3147 90 45 non
1406 3147 77 45 ad
1444 3147 243 45 concupiscentiam
1649 3147 141 45 carnis,
1752 3147 115 45 neque
1816 3147 51 45 ad

1054 3184 238 43 concupiscensiam
1255 3184 163 43 oculorum,
1380 3184 113 43 neque
1455 3184 75 43 ad
1493 3184 175 43 ambitionem
1631 3184 113 43 mundi
1706 3184 138 43 istius,
1793 3184 63 43 qui

1037 3218 119 35 omnia
1116 3218 145 35 tanquam
1221 3218 119 35 umbra
1300 3218 184 35 transeunt,
1445 3218 171 35 inclinari
1577 3218 119 35 curas
1656 3218 158 35 nostras;
1775 3218 92 35 sed
1814 3218 53 35 ad

1067 3252 113 39 audia
1143 3252 113 39 rerum
1218 3252 176 39 aeternatum
1356 3252 151 39 attolli,
1470 3252 138 39 dirigit
1570 3252 63 39 &
1595 3252 151 39 stahilit
1708 3252 126 39 justum
1784 3252 75 39 DEUS

1048 3292 151 43 scrutator
1164 3292 116 43 renum.
1245 3292 93 43 Idem
1303 3292 127 43 legitur
1396 3292 116 43 Jerem.
1477 3292 81 43 11.
1523 3292 104 43 vers.
1593 3292 81 43 20,
1639 3292 58 43 &
1662 3292 93 43 cap.
1720 3292 81 43 17.
1767 3292 93 43 ver.
1813 3292 58 43 10.
