2063 3473
255 154 142 79 Secun:
354 154 85 79 so
397 154 156 79 admanet
510 154 99 79 nos
567 154 85 79 de
609 154 156 79 CHRISTO
722 154 142 79 DOMINO
822 154 85 79 in
864 154 128 79 carne
935 154 85 79 maii

231 205 139 61 festato.
336 205 81 61 Nam
382 205 58 61 a
405 205 104 61 facie
475 205 93 61 olei
533 205 185 61 disturbandum
683 205 93 61 fuit
741 205 104 61 jugum
811 205 116 61 populi
892 205 93 61 Dei,
938 205 81 61 Jesa-

236 239 80 57 10.
281 239 69 57 v.
316 239 80 57 25.
362 239 69 57 id
396 239 80 57 est
442 239 126 57 propter
534 239 138 57 Christum
638 239 57 57 &
661 239 57 57 a
684 239 138 57 Christo,
787 239 80 57 qui
833 239 80 57 est
879 239 115 57 unctus
948 239 69 57 oles

235 269 131 62 Saecitie
333 269 87 62 prae
388 269 164 62 consortibus
519 269 98 62 suis,
584 269 142 62 liberanda
694 269 87 62 erat
748 269 55 62 a
770 269 142 62 servitute
879 269 131 62 Ecclesia
967 269 66 62 Dei.

239 313 95 49 Ante
298 313 118 49 faciem
381 313 118 49 missus
464 313 83 49 fut
511 313 142 49 Iohannes
617 313 142 49 Baptista
724 313 71 49 ut
759 313 95 49 viam
818 313 142 49 Cliristo
913 313 106 49 praepa.

226 342 111 56 raret,
303 342 100 56 sicut
370 342 122 56 dicitur
458 342 111 56 Matth.
536 342 77 56 11.
580 342 100 56 vers.
647 342 77 56 10.
691 342 89 56 Iste
746 342 89 56 enim
802 342 89 56 est,
857 342 66 56 de
890 342 77 56 quo
923 342 111 56 scriptum

232 376 92 54 esi,
289 376 92 54 Ecce
346 376 80 54 ego
392 376 103 54 mitto
461 376 126 54 Angelum
552 376 92 54 meum
610 376 92 54 ante
667 376 115 54 faciem
747 376 103 54 tuam,
816 376 80 54 qui
862 376 183 54 praeparabit.

225 403 99 56 viam
286 403 99 56 tuam
348 403 111 56 coram
422 403 86 56 te.
472 403 123 56 Facies
558 403 136 56 Christi
657 403 123 56 fulsit
743 403 74 56 ut
780 403 99 56 Sol,
842 403 86 56 cum
879 403 136 56 transfor-

228 437 131 55 maretur
324 437 72 55 in
359 437 107 55 monte
431 437 107 55 coram
503 437 167 55 discipulis
634 437 119 55 Matth.
718 437 84 55 17.
765 437 60 55 v
789 437 72 55 2.
825 437 72 55 ut
861 437 131 55 gloriae
944 437 84 55 Chri-

238 469 79 60 sti
283 469 135 60 immensae
384 469 112 60 gustus
462 469 124 60 aliquis
552 469 180 60 praeberetur,
698 469 112 60 qualem
777 469 146 60 discipuli
889 469 112 60 capere
957 469 56 60 po

225 532 92 31 terant

269 530 140 65 Christus
374 530 163 65 precaturus
502 530 140 65 procidit
607 530 70 65 in
642 530 117 65 faciem
724 530 93 65 suam
782 530 117 65 Matth.
864 530 70 65 26
898 530 105 65 vers.
957 530 58 65 35.

237 573 105 53 Impii
308 573 117 53 Judaei
390 573 70 53 in
425 573 117 53 faciem
507 573 94 53 ejus
565 573 129 53 sanctis
659 573 129 53 Angelis
753 573 164 53 venerandam
870 573 152 53 exspuerunt.

233 603 57 53 &
255 603 137 53 colaphos
358 603 69 53 ei
393 603 172 53 inflixerunt
530 603 114 53 Matth.
610 603 80 53 26.
656 603 69 53 v.
691 603 80 53 67.
736 603 92 53 Deus
794 603 80 53 qui
839 603 103 53 dixit
908 603 69 53 ut
942 603 57 53 e
954 603 80 53 tene-

232 637 85 54 bris
286 637 75 54 lux
328 637 192 54 splendesceret,
488 637 64 54 is
520 637 75 54 est
563 637 75 54 qui
606 637 139 54 splenduit
713 637 64 54 in
745 637 128 54 cordibus
841 637 128 54 nostris,
937 637 64 54 ad
958 637 64 54 prae

235 670 116 59 bendum
317 670 105 59 lucem
387 670 140 59 notitiae
491 670 128 59 gloriae
585 670 81 59 Dei
631 670 70 59 in
666 670 105 59 facie
736 670 93 59 Jesu
794 670 140 59 Christi.
899 670 70 59 2.
922 670 105 59 Corinti

240 707 82 51 11.
287 707 105 51 vers.
357 707 70 51 6.
393 707 59 51 A
416 707 105 51 facie
486 707 117 51 Domini
568 707 59 51 &
592 707 117 51 gloria
674 707 117 51 virium
756 707 117 51 ipsius
838 707 176 51 expellentur
966 707 59 51 qui

231 736 98 53 Deum
292 736 98 53 nesc
353 736 98 53 unt,
414 736 110 53 neque
488 736 171 53 auscultant
622 736 171 53 Evangelio.
757 736 73 53 2.
794 736 232 53 Thessalonicens.
977 736 49 53 1.

239 788 90 38 vers.
289 788 30 38 6

276 796 118 61 Tertio
359 796 130 61 admonet
453 796 83 61 nos
500 796 118 61 facies
583 796 130 61 hominis
677 796 71 61 de
713 796 130 61 sanctis
807 796 142 61 Angelis,
913 796 118 61 quibus
984 796 47 61 in

243 837 147 54 Scriptura
355 837 113 54 facies
434 837 158 54 tribuitur,
559 837 102 54 Jesa.
626 837 68 54 6.
660 837 102 54 vers.
728 837 68 54 2.
762 837 135 54 Seraphim
863 837 147 54 adstantes
965 837 102 54 superne

242 874 97 46 crant
307 874 75 46 ci,
350 874 97 46 senis
414 874 97 46 aliis
478 874 172 46 unusquisque.
618 874 107 46 quarum
693 874 97 46 binis
757 874 118 46 tegebut
843 874 107 46 faciem
918 874 97 46 suam,
971 874 54 46 &c.

243 907 70 49 id
278 907 94 49 est,
337 907 94 49 dans
396 907 105 49 omnem
466 907 129 49 gloriam
560 907 94 49 Deo,
618 907 82 49 hoc
665 907 105 49 signo
735 907 129 49 publice
829 907 164 49 testabatur
958 907 59 49 a
969 907 59 49 sua

244 942 143 48 tenuitate
354 942 77 48 non
398 942 99 48 posse
465 942 99 48 terri
531 942 143 48 adspectum
641 942 132 48 infiniti
740 942 165 48 splendoris,
873 942 121 48 gloriae
961 942 55 48 &
972 942 55 48 ma-

250 978 134 48 testatis
351 978 90 48 Dei.
407 978 101 48 Plura
474 978 67 48 de
507 978 134 48 faciebus
608 978 146 48 Angelorum
720 978 101 48 dicta
788 978 112 48 Ezech.
866 978 67 48 1.
900 978 67 48 v.
933 978 67 48 8.
967 978 56 48 &
978 978 56 48 se-

246 1015 169 52 quentibus,
379 1015 60 52 &
403 1015 97 52 cap.
463 1015 72 52 10
500 1015 60 52 v
512 1015 60 52 14.

286 1037 121 55 Quarto
371 1037 133 55 admonet
468 1037 85 55 nos
516 1037 73 55 de
552 1037 145 55 Ecclesia
661 1037 85 55 Dei
710 1037 170 55 Catholica,
843 1037 133 55 Christi
928 1037 109 55 sponsa.

247 1074 70 47 ad
282 1074 94 47 quam
341 1074 140 47 Christus
446 1074 129 47 sponsus
540 1074 105 47 dicit
610 1074 152 47 Canticor.
727 1074 70 47 2.
762 1074 70 47 v.
797 1074 82 47 14.
844 1074 129 47 Columba
937 1074 82 47 mea
973 1074 58 47 de-

258 1111 70 44 ens
298 1111 60 44 in
328 1111 120 44 salebris
418 1111 90 44 istis
478 1111 110 44 petrae,
558 1111 60 44 in
588 1111 120 44 latibulo
678 1111 140 44 praerupto,
788 1111 110 44 ostende
868 1111 80 44 mihi
918 1111 100 44 faciem
978 1111 50 44 tua

257 1146 67 41 ac
290 1146 67 41 ut
324 1146 112 41 audiam
402 1146 101 41 vocem
470 1146 101 41 tuam:
537 1146 78 41 nam
582 1146 78 41 vox
627 1146 78 41 tua
671 1146 112 41 suavis
750 1146 90 41 est,
806 1146 56 41 &
828 1146 112 41 facies
907 1146 78 41 tua
940 1146 90 41 decora

249 1173 81 50 His
296 1173 116 50 verbis
377 1173 140 50 Christus
482 1173 128 50 invitat
575 1173 151 50 Ecclesiam
691 1173 70 50 ad
726 1173 128 50 fruenda
819 1173 93 50 bona
877 1173 93 50 quae
935 1173 70 50 in
959 1173 81 50 prae-

245 1215 112 42 sentia
323 1215 124 42 exhibet
413 1215 146 42 vocatione
526 1215 79 42 sua
571 1215 124 42 sancta,
661 1215 101 42 quasi
728 1215 135 42 diceret,
829 1215 112 42 accede
908 1215 67 42 ad
942 1215 79 42 me,
976 1215 67 42 con-

249 1244 147 47 versare
356 1244 134 47 mecum.
449 1244 187 47 colloquere
596 1244 134 47 mecum,
690 1244 134 47 ambula
784 1244 201 47 continenter
944 1244 120 47 mecum
1011 1244 40 47 &

249 1284 92 43 esto
307 1284 127 43 integra
400 1284 104 43 coram
457 1284 58 43 me,

278 1311 131 47 Quinto
369 1311 144 47 admonet
474 1311 91 47 nos
526 1311 78 47 de
565 1311 144 47 officio
670 1311 131 47 nostro
762 1311 105 47 quod
827 1311 144 47 debemus
931 1311 91 47 tum
971 1311 65 47 DEt

250 1343 86 43 tum
299 1343 136 43 proximo
398 1343 136 43 nostro.
497 1343 86 43 Nam
546 1343 99 43 quod
608 1343 74 43 ad
645 1343 99 43 Deum
706 1343 148 43 attinet,
817 1343 136 43 officii
916 1343 123 43 nostri
990 1343 62 43 est

262 1377 158 40 procidere
383 1377 97 40 ante
444 1377 122 40 fuciem
529 1377 109 40 ejus,
602 1377 85 40 hoc
651 1377 97 40 est,
712 1377 134 40 adorare
809 1377 97 40 eum,
870 1377 97 40 sive
918 1377 134 40 invocemus

250 1417 87 36 eum
299 1417 99 36 sive
361 1417 136 36 gratias
460 1417 124 36 agamus
547 1417 87 36 ei:
597 1417 87 36 Sic
646 1417 74 36 in
683 1417 124 36 faciem
770 1417 99 36 suam
832 1417 149 36 procidit
931 1417 112 36 Abraham

248 1445 113 41 Genes.
327 1445 79 41 17.
372 1445 102 41 vers.
440 1445 68 41 3.
474 1445 79 41 non
519 1445 102 41 solum
587 1445 91 41 quod
644 1445 125 41 divinae
734 1445 158 41 majestatis
859 1445 158 41 praesentia
972 1445 68 41 per-

244 1477 184 42 terrefieret,
394 1477 69 42 ut
429 1477 69 42 de
464 1477 92 42 Mose
521 1477 127 42 legitur
613 1477 104 42 Exod.
683 1477 69 42 3.
717 1477 92 42 vers
775 1477 69 42 6.
809 1477 81 42 aut
856 1477 92 42 quod
913 1477 69 42 ex
936 1477 104 42 officit

253 1512 132 41 honorem
349 1512 156 41 exhiberet
469 1512 156 41 majestati
589 1512 96 41 Dei,
649 1512 120 41 Levit.
733 1512 72 41 9.
769 1512 72 41 v.
805 1512 84 41 24.
853 1512 84 41 sed
901 1512 120 41 potius
973 1512 72 41 quod

263 1548 124 37 gratias
353 1548 79 37 Deo
398 1548 113 37 ageret
477 1548 68 37 de
511 1548 147 37 beneficio
624 1548 124 37 federis
715 1548 124 37 oblato.
805 1548 90 37 Job.
862 1548 68 37 22
896 1548 102 37 vers.
964 1548 79 37 26.
997 1548 57 37 ait

259 1576 154 42 Elipliat:
378 1576 71 42 In
413 1576 178 42 omnipotente
555 1576 130 42 teipsum
650 1576 178 42 oblectabis,
792 1576 95 42 quum
851 1576 142 42 attolles
957 1576 71 42 ad
981 1576 71 42 Deum

249 1608 118 52 fattem
332 1608 106 52 tuam,
402 1608 130 52 supplex
497 1608 118 52 orabis
579 1608 82 52 eum
626 1608 59 52 &
650 1608 141 52 exaudiet
744 1608 59 52 te.

294 1644 100 39 Quod
357 1644 75 39 ad
395 1644 150 39 proximum
507 1644 138 39 nostrum
608 1644 150 39 attinet,
720 1644 150 39 cavendum
833 1644 113 39 nobis
908 1644 75 39 ne
933 1644 113 39 iudicet

263 1677 78 43 mus
307 1677 133 43 secundum
407 1677 122 43 faciem,
495 1677 100 43 sicut
562 1677 122 43 dicitur
650 1677 111 43 Johan.
728 1677 66 43 7.
761 1677 100 43 vers.
828 1677 78 43 24.
872 1677 66 43 Ne
905 1677 133 43 iudicate
994 1677 55 43 se-

268 1716 111 38 cundum
346 1716 122 38 faciem,
434 1716 78 38 sed
479 1716 111 38 iustum
557 1716 100 38 illud
623 1716 133 38 iudicium
723 1716 111 38 ferte,
801 1716 67 38 id
834 1716 89 38 est,
890 1716 67 38 ne
923 1716 78 38 vos
956 1716 89 38 perso-

264 1744 104 36 narum
334 1744 151 36 respectus
450 1744 174 36 transversos
589 1744 151 36 abripiat,
705 1744 81 36 sed
751 1744 139 36 judicate
855 1744 69 36 ex
890 1744 104 36 rerum
948 1744 104 36 verita-

271 1779 81 48 te:
318 1779 104 48 nulio
387 1779 115 48 habito
467 1779 138 48 personae
571 1779 150 48 respectu,
686 1779 115 48 factum
767 1779 81 48 per
813 1779 69 48 se
847 1779 150 48 expendite
962 1779 58 48 &
974 1779 69 48 judi

262 1819 62 31 cato

294 1837 77 43 Non
338 1837 66 43 in
371 1837 98 43 facie
436 1837 109 43 gloria
513 1837 142 43 captanda,
622 1837 77 43 sed
666 1837 66 43 in
699 1837 109 43 cerde,
776 1837 66 43 2.
808 1837 131 43 Corinth.
907 1837 66 43 5.
940 1837 66 43 v.
973 1837 77 43 12.
1016 1837 77 43 hoc

261 1879 82 39 est
308 1879 82 39 non
355 1879 82 39 est
401 1879 163 39 gloriandum
530 1879 140 39 externis
635 1879 117 39 larvis
716 1879 58 39 &
740 1879 117 39 fucata
821 1879 93 39 illa
880 1879 105 39 pompa
938 1879 105 39 sapien-

268 1913 90 36 tiae
324 1913 179 36 Seloquentiae
469 1913 134 36 humanae,
570 1913 78 36 sed
615 1913 90 36 vera
671 1913 123 36 pietate
760 1913 179 36 excellendum,
906 1913 90 36 quae
962 1913 67 36 in
984 1913 56 36 cor

274 1944 68 42 de
308 1944 102 42 sedem
364 1944 79 42 haber

288 1973 111 40 FRONS
362 1973 124 40 faciei
449 1973 87 40 est
498 1973 136 40 libera,
597 1973 111 40 nudis
671 1973 124 40 aperta
758 1973 186 40 temporibus,
906 1973 99 40 quae
956 1973 99 40 mentis

268 2005 122 46 habitum
357 2005 111 46 specie
435 2005 78 46 sui
479 2005 122 46 prodat,
568 2005 89 46 nunc
624 2005 111 46 laeta,
702 2005 89 46 nunc
758 2005 145 46 tristior,
869 2005 89 46 nunc
925 2005 122 46 directa
1002 2005 45 46 ad

262 2047 180 38 severitatem,
408 2047 90 38 nunc
464 2047 68 38 ad
498 2047 146 38 lenitatem
611 2047 158 38 remissior,
735 2047 90 38 quae
791 2047 113 38 signis
870 2047 135 38 externis
960 2047 90 38 inter-

263 2081 88 44 nam
314 2081 150 44 exprimat
426 2081 188 44 voluntatem.
577 2081 113 44 Imago
652 2081 138 44 quaedam
752 2081 113 44 animi
827 2081 75 44 in
865 2081 125 44 fronte
953 2081 125 44 loqui

272 2116 100 34 tur.
335 2116 113 34 Eadem
410 2116 175 34 monimentum
548 2116 88 34 est
598 2116 163 34 victoriae
723 2116 138 34 Davidis
823 2116 63 34 &
848 2116 163 34 Goliatho,
960 2116 88 34 cujus

267 2146 122 46 fronti
352 2146 110 46 David
425 2146 122 46 mpegit
511 2146 134 46 lapidem
609 2146 110 46 funda
682 2146 61 46 &
706 2146 85 46 eum
755 2146 183 46 prostravit,
902 2146 134 46 tanquam
987 2146 61 46 ty-

283 2178 80 36 bus
328 2178 126 36 Christi
420 2178 195 36 prosternentis
581 2178 57 36 &
604 2178 172 36 debellantis
742 2178 126 36 Satanam
834 2178 69 36 1.
868 2178 92 36 Sam.
926 2178 80 36 17.
972 2178 69 36 v.
995 2178 57 36 49.

272 2214 110 37 Eadem
345 2214 135 37 admonet
444 2214 86 37 nos
493 2214 74 37 de
529 2214 160 37 beneficio
652 2214 209 37 obsignationis
824 2214 135 37 nostrae
922 2214 86 37 per
959 2214 86 37 Chri-

273 2242 103 42 stum:
341 2242 80 42 nam
387 2242 138 42 sanguine
491 2242 80 42 suo
537 2242 103 42 jussu
606 2242 80 42 Dei
652 2242 115 42 Patris
732 2242 80 42 nos
778 2242 149 42 signavit,
893 2242 69 42 ut
928 2242 57 42 a
939 2242 115 42 pernicie

271 2277 85 49 tuti
325 2277 106 49 simus,
399 2277 96 49 sicut
463 2277 117 49 legitur
548 2277 106 49 Ezech.
622 2277 64 49 9.
654 2277 96 49 vers.
718 2277 64 49 3.
750 2277 64 49 4,
782 2277 64 49 5,
814 2277 64 49 6.
845 2277 106 49 Gloria
920 2277 74 49 Dei
952 2277 106 49 Israelis

277 2316 126 38 extulit
368 2316 69 38 se
403 2316 57 38 a
426 2316 161 38 Cherubinis
552 2316 115 38 quibus
633 2316 161 38 insidebat;
759 2316 57 38 &
782 2316 161 38 inclamavit
908 2316 103 38 virum
966 2316 80 38 illum

265 2345 125 43 indutum
355 2345 136 43 vestibus
457 2345 125 43 lineis,
548 2345 68 43 ad
582 2345 102 43 cuius
650 2345 113 43 lumbos
729 2345 91 43 erat
786 2345 193 43 atramentarium
933 2345 113 43 scribae-

277 2376 141 43 Edixitque
385 2376 108 43 Iehova
461 2376 76 43 ei;
504 2376 108 43 transi
580 2376 76 43 per
623 2376 108 43 medium
699 2376 108 43 istius
775 2376 151 43 civitatis,
894 2376 76 43 per
937 2376 108 43 medium
1002 2376 43 43 ur

280 2405 79 55 bis
325 2405 236 55 Ieruschalaimorum,
527 2405 56 55 &
549 2405 146 55 insignito
662 2405 101 55 signo
729 2405 124 55 frontes
819 2405 124 55 illorum
909 2405 124 55 hominum
999 2405 79 55 qui

271 2438 155 52 suspirant
390 2438 60 52 &
414 2438 83 52 qui
462 2438 155 52 exclamant
581 2438 131 52 propter
676 2438 107 52 omnes
748 2438 203 52 abominationes
915 2438 119 52 istas,
986 2438 72 52 quae

270 2477 94 49 siunt
332 2477 63 49 in
364 2477 94 49 medio
427 2477 115 49 illius.
511 2477 126 49 Reliquis
605 2477 94 49 autem
668 2477 94 49 illis
731 2477 105 49 edixit
805 2477 63 49 me
836 2477 136 49 audiente,
931 2477 115 49 transite.

281 2510 73 39 ver
322 2510 84 39 hanc
375 2510 147 39 civitatem,
490 2510 84 39 post
543 2510 84 39 eum,
595 2510 52 39 &
616 2510 147 39 percutice:
731 2510 63 39 ne
763 2510 115 39 parcito
847 2510 105 39 oculus
920 2510 115 39 vester,
994 2510 52 39 nec

268 2544 132 47 utamini
364 2544 168 47 clementia.
495 2544 120 47 Senem,
579 2544 144 47 iuvenem,
687 2544 60 47 &
711 2544 156 47 virginem,
831 2544 180 47 parvulosque
974 2544 60 47 &
986 2544 60 47 fe-

274 2572 100 42 minas
341 2572 189 42 interficitote
497 2572 67 42 ad
530 2572 201 42 internetionem,
697 2572 78 42 sed
742 2572 67 42 ad
775 2572 100 42 ullum
842 2572 100 42 virum
909 2572 100 42 cuius
965 2572 89 42 fronti

264 2606 111 50 inerit
342 2606 100 50 huius
409 2606 111 50 signum
487 2606 67 50 ne
520 2606 167 50 acceditote.
654 2606 100 50 Eadem
721 2606 100 50 fidei
788 2606 100 50 basis
854 2606 67 50 ac
888 2606 111 50 veluti
955 2606 100 50 tabulae

278 2640 91 45 est,
334 2640 68 45 in
368 2640 79 45 qua
414 2640 159 45 credentes,
539 2640 79 45 cum
584 2640 91 45 Agno
641 2640 113 45 stante
720 2640 102 45 super
788 2640 102 45 monte
856 2640 113 45 Sionis
924 2640 125 45 versantes

276 2677 105 45 nomen
346 2677 117 45 Patris
428 2677 93 45 ejus
487 2677 164 45 inscriptum
615 2677 129 45 habent,
709 2677 70 45 ut
744 2677 129 45 dicitur
837 2677 117 45 apocal
919 2677 82 45 41.
966 2677 93 45 vers
1012 2677 47 45 1.

276 2703 86 59 hoc
325 2703 99 59 est,
387 2703 123 59 absque
473 2703 123 59 pudore
559 2703 62 59 &
584 2703 99 59 metu
645 2703 185 59 confitentur
793 2703 135 59 ingenue
892 2703 111 59 fidem
965 2703 74 59 in
990 2703 74 59 Deum

278 2735 148 45 Patrem,
385 2735 121 45 Finum
466 2735 67 45 &
493 2735 162 45 Spiritum
601 2735 121 45 Sanctum

301 2768 119 52 Eadem
380 2768 93 52 est
433 2768 185 52 monimentum
579 2768 225 52 obsignationis
764 2768 172 52 electorum
897 2768 93 52 per
937 2768 132 52 Spiritum

275 2797 144 56 Sanctum,
383 2797 84 56 qui
431 2797 144 56 sigillum
540 2797 84 56 est
588 2797 84 56 Dei
636 2797 144 56 viventis
744 2797 96 56 quod
804 2797 144 56 Christus
913 2797 108 56 habet
985 2797 60 56 &
997 2797 60 56 im-

283 2842 108 40 primit
359 2842 130 40 electis,
457 2842 65 40 ut
489 2842 76 40 eos
533 2842 54 40 a
554 2842 152 40 reprobatis
674 2842 141 40 discernat
782 2842 54 40 &
804 2842 65 40 ab
836 2842 108 40 exitio
912 2842 108 40 servet
977 2842 76 40 immu-

283 2877 91 44 nes:
339 2877 102 44 sicut
407 2877 125 44 legitur
498 2877 159 44 Apocalyps.
622 2877 68 44 7.
656 2877 68 44 v.
690 2877 68 44 2,
724 2877 68 44 3.
758 2877 91 44 Vidi
815 2877 57 44 a
838 2877 79 44 ium
883 2877 125 44 Angelum
962 2877 102 44 adscen-

293 2900 112 47 lentem
371 2900 67 47 ab
404 2900 89 47 ortu
460 2900 112 47 Solis,
538 2900 134 47 habentem
639 2900 134 47 sigillum
739 2900 78 47 Dei
784 2900 100 47 vivi;
851 2900 78 47 qui
896 2900 156 47 acclamavit
1007 2900 56 47 vo-

289 2938 65 48 te
322 2938 98 48 magna
387 2938 120 48 quatuor
475 2938 98 48 illis
540 2938 120 48 Angelis
627 2938 109 48 quibus
704 2938 98 48 datum
769 2938 76 48 est
813 2938 120 48 laedere
900 2938 109 48 terram
977 2938 55 48 &
988 2938 65 48 mar-

280 2969 117 58 Dicens,
366 2969 64 58 Ne
398 2969 117 58 laedite
483 2969 117 58 terram,
568 2969 96 58 neque
632 2969 96 58 mare,
697 2969 96 58 neque
761 2969 128 58 arbores,
857 2969 128 58 quousque
942 2969 128 58 obsignave-

278 2994 91 50 rimus
339 2994 71 50 ser
379 2994 71 50 vos
420 2994 71 50 Dei
460 2994 101 50 nostei
531 2994 61 50 in
562 2994 132 50 frontibus
653 2994 71 50 suis.

310 3028 122 62 Ejusdem
399 3028 122 62 frontis
488 3028 178 62 consideratio
632 3028 111 62 servit
710 3028 133 62 cautioni
810 3028 122 62 nostrae
899 3028 67 62 ne
921 3028 145 62 refractarii

284 3057 113 69 simus
360 3057 100 69 Deo,
422 3057 188 69 quemadmodum
573 3057 138 69 fuerunt
673 3057 188 69 Israelitae,
823 3057 75 69 de
861 3057 125 69 quibus
936 3057 125 69 queritur

288 3092 100 65 Jesa.
354 3092 78 65 48.
399 3092 67 65 v.
432 3092 67 65 4.
465 3092 67 65 Ex
499 3092 177 65 praescientia
643 3092 78 65 mea
687 3092 89 65 erat
742 3092 67 65 te
776 3092 100 65 durum
842 3092 100 65 esse,
909 3092 55 65 &
931 3092 111 65 uervum
997 3092 67 65 fer-

296 3139 80 54 eum
341 3139 92 54 esse
399 3139 137 54 cervicem
502 3139 103 54 tuam,
570 3139 160 54 frontemque
696 3139 92 54 tuam
753 3139 160 54 chalybeam.
879 3139 69 54 Et
914 3139 103 54 Ezech
982 3139 69 54 2.
1005 3139 46 54 1.

292 3160 86 55 I.:a
346 3160 96 55 domus
410 3160 139 55 Israelis,
517 3160 139 55 obfirmata
624 3160 107 55 sronte
699 3160 53 55 &
720 3160 86 55 duro
773 3160 96 55 corde
827 3160 64 55 sun-

318 3192 71 66 Ne
354 3192 71 66 in
389 3192 141 66 peccatis
495 3192 165 66 impudenter
624 3192 200 66 perseveremus,
789 3192 82 66 ita
836 3192 71 66 ut
871 3192 71 66 ne
906 3192 118 66 smiles
977 3192 82 66 simu

1064 147 185 56 mulieribus
1209 147 185 56 impudenter
1354 147 224 56 scortantibus:
1539 147 92 56 Sic
1592 147 106 56 enim
1658 147 158 56 queritur
1776 147 106 56 Deus
1829 147 53 56 de

1065 203 129 46 Judaeis
1159 203 94 46 Jer.
1218 203 70 46 2.
1253 203 70 46 v.
1288 203 82 46 4c.
1335 203 129 46 Quamvis
1429 203 188 46 cohiberentur
1581 203 117 46 ignes,
1663 203 176 46 serotinaque
1792 203 94 46 pluvia

1073 228 77 47 non
1117 228 110 47 esset,
1194 228 99 47 frons
1260 228 132 47 mulieris
1359 228 154 47 scortantis
1481 228 88 47 fuit
1536 228 99 47 tibi,
1602 228 132 47 renuisti
1701 228 110 47 tudore
1767 228 110 47 suffundo

1069 265 107 46 quasi
1141 265 143 46 diceret:
1248 265 131 46 quamvis
1343 265 227 46 manifestissimis
1534 265 215 46 afflictionibus
1713 265 179 46 revocareris
1844 265 48 46 ad

1074 293 211 47 resipiscentiam
1250 293 59 47 a
1274 293 141 47 peccatis
1379 293 105 47 tuis:
1449 293 105 47 tamen
1520 293 70 47 te
1555 293 129 47 illorum
1649 293 82 47 non
1695 293 129 47 puduit,
1789 293 82 47 sed
1824 293 59 47 me-

1073 332 152 42 retriciam
1190 332 128 42 frontem
1272 332 128 42 habuisti.

1102 351 74 55 Ne
1139 351 160 55 conjuncti
1262 351 111 55 simus
1335 351 98 55 urbi
1397 351 111 55 Romae
1471 351 74 55 in
1508 351 123 55 fronte
1594 351 86 55 sua
1643 351 135 55 habenti
1741 351 148 55 scriptum
1840 351 61 55 no-

1072 401 97 35 men,
1133 401 170 35 mysterium,
1266 401 134 35 Babylon
1363 401 97 35 illa
1424 401 122 35 magna,
1509 401 109 35 mater
1582 401 97 35 illa
1643 401 194 35 scortationum
1801 401 61 35 &
1813 401 73 35 abo-

1066 429 167 43 minationum
1197 429 131 43 terrae,
1292 429 71 43 ut
1328 429 131 43 legitur
1423 429 131 43 Apocal.
1518 429 83 43 17.
1566 429 59 43 v
1590 429 71 43 5.
1625 429 119 43 Fallit
1709 429 95 43 enim
1768 429 95 43 urbs
1816 429 83 43 Roma.

1074 461 175 45 religionis
1212 461 125 45 titulo
1300 461 63 45 &
1325 461 201 45 inscriptione
1488 461 138 45 rublica
1588 461 163 45 mysterii,
1714 461 100 45 quam
1776 461 100 45 olim
1826 461 63 45 non

1084 500 145 50 gestaverat
1187 500 83 50 bestis

1113 530 75 47 Ne
1150 530 186 47 Antichristo
1299 530 99 47 ulla
1361 530 75 47 in
1398 530 75 47 re
1435 530 211 47 communicemus,
1609 530 75 47 ne
1647 530 186 47 characterem
1783 530 112 47 bestiae

1072 565 68 43 in
1106 565 148 43 frontibus
1220 565 125 43 nostris
1311 565 171 43 accipiamus,
1448 565 68 43 de
1482 565 80 43 quo
1527 565 103 43 Apoc.
1596 565 80 43 13.
1641 565 68 43 v.
1664 565 57 43 16.

1106 598 117 41 Eadem
1184 598 182 41 monimentum
1327 598 91 41 est
1379 598 221 41 consolationis
1561 598 91 41 tum
1613 598 156 41 propriae
1730 598 143 41 fidorum
1821 598 65 41 mi-

1081 631 182 47 nistrorum
1221 631 126 47 verbi
1306 631 112 47 Dei,
1376 631 98 47 tum
1432 631 168 47 communis
1558 631 112 47 vere
1628 631 211 47 credentium.
1797 631 98 47 Nam
1839 631 56 47 ad

1083 667 128 49 quosvis
1177 667 105 49 fidos
1247 667 152 49 ministros
1364 667 105 49 verbi
1434 667 82 49 Dei
1480 667 140 49 pertinet
1585 667 93 49 quod
1644 667 152 49 Ezechieli
1761 667 93 49 Deus
1807 667 82 49 dixi-

1074 697 84 44 cap
1122 697 60 44 2
1146 697 72 44 v.
1182 697 84 44 18,
1229 697 84 44 19.
1277 697 96 44 Ecce
1337 697 132 44 dispono
1433 697 120 44 faciem
1516 697 96 44 taam
1576 697 167 44 obfirmatam
1708 697 143 44 adversus
1803 697 84 44 fron-

1083 729 83 48 tem
1131 729 118 48 eorum:
1213 729 130 48 Similem
1308 729 118 48 lapidi
1391 729 189 48 perdiuturno,
1545 729 154 48 firmiorem
1663 729 95 48 rupe
1722 729 142 48 disposui
1817 729 83 48 fron-

1081 771 78 46 tem
1125 771 100 46 tuam:
1192 771 67 46 ne
1225 771 111 46 timeto
1303 771 111 46 istos,
1381 771 100 46 neque
1448 771 178 46 consternator
1593 771 56 46 a
1615 771 100 46 facie
1682 771 133 46 istorum,
1782 771 89 46 quod
1826 771 78 46 domus

1080 803 115 46 rebellis
1157 803 67 46 sint.

1114 829 178 53 Communiter
1254 829 101 53 vero
1317 829 76 53 ad
1355 829 140 53 fideles
1457 829 152 53 spectat,
1571 829 101 53 quod
1634 829 152 53 Johannes
1748 829 114 53 dicit
1812 829 76 53 Apoc

1077 866 88 41 20.
1128 866 75 41 4.
1165 866 125 41 Deinde
1253 866 100 41 vidi
1315 866 150 41 thronos,
1428 866 63 41 &
1453 866 150 41 sederunt
1566 866 113 41 super
1641 866 88 41 eos
1691 866 63 41 &
1716 866 150 41 iudicium
1816 866 88 41 datum

1079 900 82 40 est
1126 900 93 40 eis,
1184 900 58 40 &
1208 900 117 40 animas
1289 900 117 40 eorum,
1371 900 82 40 qui
1418 900 117 40 securi
1499 900 140 40 percussi
1604 900 93 40 sunt
1663 900 128 40 propter
1744 900 152 40 testimonium

1079 935 101 44 Iesu,
1146 935 56 44 &
1169 935 123 44 propter
1258 935 135 44 sermonem
1359 935 90 44 Dei,
1415 935 112 44 quique
1494 935 79 44 non
1539 935 123 44 adorant
1629 935 135 44 bistiam,
1730 935 101 44 reque
1786 935 112 44 imaginem

1077 972 106 38 eius,
1148 972 82 38 nec
1195 972 164 38 acceperunt
1324 972 176 38 characterem
1464 972 94 38 eius
1523 972 70 38 in
1558 972 152 38 frontibus
1675 972 94 38 suis
1734 972 82 38 aut
1781 972 70 38 in
1804 972 106 38 manibus

1087 1005 104 39 suis:
1157 1005 150 39 viventque
1272 1005 58 39 &
1295 1005 150 39 regnabunt
1410 1005 81 39 cum
1457 1005 127 39 Christo
1549 1005 104 39 mille
1618 1005 104 39 illos
1687 1005 115 39 annos.
1768 1005 115 39 Quibus
1837 1005 58 39 ver

1084 1036 79 42 bis
1129 1036 169 42 describitur
1264 1036 113 42 status
1343 1036 135 42 communis
1444 1036 146 42 Ecclesiae
1556 1036 124 42 Christi
1646 1036 68 42 in
1680 1036 113 42 terris
1759 1036 68 42 eo
1793 1036 101 42 mille
1849 1036 56 42 an-

1085 1079 108 35 norum
1157 1079 132 35 spacio,
1252 1079 120 35 quibus
1336 1079 143 35 diabolus
1444 1079 132 35 vinctus
1539 1079 108 35 fuit,
1611 1079 108 35 nempe
1683 1079 60 35 a
1707 1079 132 35 sublata
1790 1079 108 35 penitus

1098 1102 122 45 olitia
1183 1102 146 45 Mofaica,
1292 1102 109 45 usque
1365 1102 73 45 ad
1402 1102 134 45 tempora
1499 1102 158 45 scelerati
1620 1102 122 45 illius
1705 1102 182 45 Hildebrandi
1851 1102 85 45 qui

1088 1134 165 42 Gregorius
1215 1134 102 42 VII.
1279 1134 102 42 fuit
1343 1134 140 42 dictus.
1444 1134 191 42 Universorum
1597 1134 114 42 autem
1673 1134 153 42 fidelium
1775 1134 127 42 consola-

1089 1169 82 40 tio
1136 1169 82 40 ust
1183 1169 106 40 Apoc.
1254 1169 82 40 22.
1301 1169 71 40 4.
1336 1169 141 40 Videbunt
1442 1169 118 40 faciem
1525 1169 106 40 eius:
1595 1169 59 40 &
1619 1169 106 40 nomen
1689 1169 94 40 eius
1748 1169 71 40 in
1772 1169 129 40 froniibus

1090 1205 126 52 ipsorum
1181 1205 103 52 erit,
1250 1205 69 52 id
1284 1205 92 52 est,
1342 1205 103 52 clara
1410 1205 126 52 visione
1502 1205 80 52 Dei
1548 1205 103 52 beati
1617 1205 115 52 erunt,
1697 1205 57 52 &
1720 1205 160 52 manifestum
1834 1205 69 52 crit

1090 1241 84 49 quod
1143 1241 95 49 filii
1206 1241 74 49 Dei
1238 1241 63 49 sint

1118 1267 119 48 OCULI
1197 1267 146 48 hominis
1303 1267 119 48 primo
1383 1267 159 48 admonent
1502 1267 93 48 nos
1555 1267 79 48 de
1594 1267 132 48 natura
1687 1267 106 48 Dei,
1753 1267 93 48 cui
1806 1267 93 48 per
1846 1267 66 48 si-

1087 1305 178 41 militudinem
1229 1305 71 41 in
1265 1305 154 41 Scriptura
1383 1305 107 41 Sacra
1454 1305 213 41 frequentissime
1632 1305 107 41 oculi
1703 1305 201 41 attribuuntur,
1857 1305 47 41 ut

1086 1340 118 39 supra
1165 1340 131 39 dictum
1257 1340 92 39 cum
1309 1340 79 39 de
1348 1340 210 39 metaphoricis
1519 1340 92 39 Dei
1572 1340 184 39 attributis
1716 1340 171 39 ageremus.
1834 1340 79 39 Deus

1088 1375 153 39 formavit
1203 1375 165 39 hominibus
1330 1375 127 39 oculos
1419 1375 76 39 ut
1457 1375 153 39 videant:
1571 1375 102 39 Ergo
1635 1375 114 39 multo
1711 1375 114 39 magis
1788 1375 102 39 Deus
1838 1375 64 39 vi-

1098 1413 84 38 det
1146 1413 107 38 Psal.
1217 1413 84 38 94.
1265 1413 72 38 9.
1301 1413 96 38 Quin
1361 1413 96 38 Deus
1420 1413 107 38 tetus
1492 1413 84 38 est
1540 1413 131 38 oculus,
1635 1413 60 38 &
1659 1413 107 38 totus
1731 1413 119 38 lumen,
1814 1413 60 38 &
1826 1413 84 38 totus

1098 1441 97 47 sons
1158 1441 121 47 omnium
1243 1441 145 47 bonorum,
1352 1441 73 47 ut
1389 1441 145 47 loquitur
1498 1441 145 47 Irenaeus
1607 1441 121 47 Martyr
1692 1441 109 47 libro
1765 1441 133 47 secundo
1849 1441 61 47 ad-

1099 1476 116 47 versus
1180 1476 150 47 haereses,
1296 1476 93 47 cap.
1343 1476 150 47 decimosexto

1117 1509 134 43 Sicundo
1214 1509 146 43 admonent
1323 1509 85 43 nos
1372 1509 73 43 de
1408 1509 134 43 Domino,
1505 1509 73 43 de
1542 1509 85 43 quo
1590 1509 109 43 dicit
1663 1509 97 43 Deus
1724 1509 109 43 Zach.
1797 1509 73 43 3.
1833 1509 73 43 8,
1857 1509 49 43 9.

1091 1544 101 35 Ecce
1154 1544 88 35 rgo
1205 1544 176 35 adducturus
1343 1544 88 35 sum
1394 1544 126 35 servum
1482 1544 113 35 meum,
1557 1544 139 35 GERMEN.
1658 1544 88 35 Nam
1709 1544 101 35 ecce
1771 1544 113 35 lapis
1834 1544 76 35 ille

1095 1583 95 35 est,
1155 1583 95 35 quem
1214 1583 107 35 ponam
1286 1583 107 35 coram
1357 1583 179 35 Iehoschuha,
1501 1583 143 35 apponens
1608 1583 119 35 lapidi
1691 1583 107 35 unico
1763 1583 119 35 septem
1834 1583 72 35 ocu-

1099 1612 90 37 los,
1155 1612 68 37 id
1189 1612 90 37 est,
1246 1612 68 37 in
1279 1612 90 37 ipso
1336 1612 147 37 collocabo
1449 1612 158 37 sapientiam
1573 1612 56 37 &
1596 1612 158 37 prudentiam
1720 1612 147 37 perfecta,
1833 1612 68 37 ut
1856 1612 56 37 ad-

1096 1647 205 38 ministratione
1265 1647 84 38 sua
1313 1647 108 38 recte
1385 1647 181 38 defungatur:
1530 1647 157 38 Perfectio
1650 1647 96 38 enim
1710 1647 169 38 septenatio
1831 1647 84 38 nume-

1099 1684 73 35 ro
1135 1684 171 35 figuratur.
1270 1684 98 35 Idem
1331 1684 147 35 Christus
1441 1684 135 35 Dominus
1539 1684 171 35 precaturus
1673 1684 122 35 oculos
1759 1684 147 35 sustulit
1857 1684 61 35 in-

1099 1712 115 39 caelum
1180 1712 92 39 Joh.
1238 1712 81 39 11.
1284 1712 81 39 41.
1330 1712 58 39 &
1353 1712 81 39 17.
1399 1712 69 39 1.
1433 1712 69 39 Et
1468 1712 138 39 adversus
1572 1712 150 39 prophanos
1687 1712 184 39 Philosophos,
1836 1712 69 39 ac
1859 1712 58 39 in-

1100 1745 128 48 primis
1190 1745 179 48 Epicuraeos
1330 1745 166 48 docturus,
1458 1745 128 48 summum
1548 1745 115 48 bonum
1625 1745 141 48 nusquam
1727 1745 90 48 hic
1778 1745 77 48 in
1804 1745 102 48 terris

1103 1779 75 39 sed
1146 1779 64 39 in
1178 1779 106 39 caelis
1252 1779 85 39 esse
1306 1779 149 39 repositum,
1423 1779 106 39 oculos
1497 1779 128 39 sustulit
1593 1779 64 39 in
1625 1779 149 39 discipulos
1742 1779 85 39 Luc.
1795 1779 64 39 6.
1817 1779 53 39 26.

1131 1813 115 37 Septem
1212 1813 104 37 oculi
1281 1813 92 37 Agni
1339 1813 104 37 Apoc.
1408 1813 69 37 5.
1443 1813 69 37 v.
1477 1813 69 37 6.
1512 1813 81 37 est
1558 1813 138 37 Spiritus
1662 1813 127 37 Sanctus
1754 1813 92 37 quem
1800 1813 115 37 Christus

1089 1847 119 35 mittit
1172 1847 71 35 in
1208 1847 107 35 corda
1280 1847 155 35 fidelium,
1399 1847 60 35 &
1422 1847 83 35 per
1470 1847 95 35 quem
1530 1847 119 35 mentes
1613 1847 131 35 illorum
1708 1847 167 35 illuminat.

1125 1882 121 42 Tertio
1209 1882 145 42 admonent
1318 1882 85 42 nos
1366 1882 72 42 de
1403 1882 145 42 Angelis,
1511 1882 85 42 qui
1560 1882 133 42 Johanni
1656 1882 109 42 Apoc.
1729 1882 72 42 4.
1765 1882 72 42 v.
1801 1882 72 42 7.
1825 1882 85 42 appa-

1095 1909 129 40 ruerunt
1189 1909 71 40 ut
1225 1909 141 40 animalia
1331 1909 106 40 plena
1401 1909 118 40 oculis
1483 1909 94 40 ante
1542 1909 59 40 &
1566 1909 118 40 retro,
1648 1909 82 40 quo
1695 1909 200 40 significatum,
1848 1909 59 40 An-

1092 1949 112 45 gelos
1166 1949 100 45 esse
1229 1949 175 45 decretorum
1366 1949 87 45 Dei
1416 1949 187 45 administros
1566 1949 75 45 ad
1604 1949 112 45 omnes
1679 1949 112 45 mundi
1754 1949 125 45 partes
1829 1949 87 45 para-

1089 1979 148 43 tissimos,
1203 1979 171 43 pervigiles,
1328 1979 206 43 perspicacissimos

1122 2011 121 49 Quarto
1207 2011 145 49 admonent
1316 2011 85 49 nos
1364 2011 73 49 de
1401 2011 145 49 Ecclesia
1510 2011 170 49 Catholica,
1643 2011 85 49 cui
1692 2011 109 49 oculi
1764 2011 133 49 mystici
1849 2011 73 49 tri-

1096 2042 139 48 buuntur,
1200 2042 104 48 prout
1270 2042 92 48 ipsa
1328 2042 116 48 corpus
1408 2042 139 48 mysticum
1513 2042 92 48 est.
1570 2042 104 48 Cant.
1640 2042 69 48 1.
1674 2042 58 48 v
1697 2042 81 48 15.
1744 2042 104 48 dicit
1801 2042 116 48 Christus

1097 2082 67 36 ad
1130 2082 157 36 Ecclesiam;
1254 2082 90 36 Ecce
1310 2082 123 36 pulchra
1400 2082 67 36 es
1433 2082 101 36 amica
1501 2082 90 36 mea,
1557 2082 90 36 ecce
1613 2082 123 36 pulchra
1703 2082 79 36 es,
1748 2082 101 36 oculi
1815 2082 79 36 tui
1849 2082 67 36 sunt

1098 2117 168 39 columbini;
1230 2117 84 39 quo
1278 2117 168 39 indicatur,
1411 2117 156 39 Ecclesiam
1531 2117 168 39 Catholicam
1663 2117 96 39 esse
1724 2117 108 39 coram
1796 2117 84 39 Deo
1832 2117 84 39 grae-

1098 2154 130 39 tiosam,
1193 2154 154 39 simplicem
1311 2154 59 39 &
1335 2154 130 39 castam,
1430 2154 71 39 ut
1466 2154 130 39 columba
1560 2154 95 39 est:
1620 2154 59 39 &
1643 2154 119 39 passim
1726 2154 71 39 in
1762 2154 107 39 libro
1821 2154 83 39 illo.

1097 2183 126 43 Quinto
1186 2183 152 43 admonent
1300 2183 88 43 nos
1350 2183 76 43 de
1388 2183 190 43 nobisipsis,
1540 2183 114 43 idque
1616 2183 126 43 varie.
1704 2183 88 43 Nam
1755 2183 152 43 oculorum
1856 2183 63 43 ma-

1093 2219 99 38 xime
1155 2219 137 38 ratione
1254 2219 112 38 sumus
1329 2219 149 38 theatrum
1441 2219 137 38 divinae
1540 2219 186 38 sapientiae.
1689 2219 124 38 Primum
1776 2219 99 38 enim
1826 2219 87 38 oculo

1097 2257 178 40 necessarii
1237 2257 140 40 fuerunt
1339 2257 127 40 homini
1428 2257 89 40 tum
1479 2257 140 40 propter
1581 2257 102 40 usum
1645 2257 64 40 &
1670 2257 115 40 sinem
1747 2257 127 40 eorum,
1823 2257 89 40 nempo

1104 2286 71 37 ad
1140 2286 142 37 videndum
1246 2286 106 37 opera
1317 2286 94 37 Dei,
1376 2286 59 37 &
1399 2286 71 37 ad
1435 2286 142 37 legendum
1541 2286 118 37 libros
1624 2286 165 37 Scripturae
1754 2286 154 37 divinitus
1860 2286 59 37 in-

1103 2319 151 43 spiratae,
1220 2319 93 43 Prov
1278 2319 81 43 20.
1324 2319 81 43 12.
1371 2319 105 43 Psal.
1441 2319 93 43 8.4.
1499 2319 81 43 tum
1546 2319 128 43 propter
1639 2319 163 43 ornamentum
1767 2319 140 43 hominis,
1860 2319 58 43 nam

1097 2353 91 34 sine
1153 2353 102 34 illis
1221 2353 102 34 nihil
1289 2353 68 34 ad
1323 2353 125 34 speciem
1414 2353 136 34 foedius,
1516 2353 102 34 nihil
1584 2353 68 34 ad
1618 2353 102 34 vitam
1686 2353 136 34 degendam
1787 2353 57 34 &
1799 2353 113 34 actiones

1092 2386 142 34 obeundas
1199 2386 154 34 inutilius
1317 2386 130 34 fuisset
1412 2386 95 34 Quid
1471 2386 95 34 agat
1531 2386 166 34 fortitudo,
1661 2386 95 34 nisi
1720 2386 107 34 oculo
1791 2386 95 34 duce
1839 2386 71 34 uta-

1097 2423 82 36 tur
1144 2423 70 36 in
1179 2423 153 36 proelium?
1297 2423 94 36 Quid
1355 2423 106 36 fuga,
1426 2423 70 36 si
1461 2423 106 36 desit
1531 2423 141 36 obtutus?
1637 2423 117 36 Carcer
1719 2423 82 36 est
1766 2423 106 36 totum
1825 2423 82 36 corpu

1108 2452 149 38 enebroso
1219 2452 161 38 inhorrens
1343 2452 99 38 situ
1405 2452 99 38 nisi
1467 2452 149 38 oculorum
1578 2452 186 38 illuminetur
1727 2452 161 38 adspectu.
1851 2452 99 38 Quod

1104 2485 81 39 Sol
1151 2485 58 39 &
1174 2485 93 39 Luna
1232 2485 70 39 in
1267 2485 116 39 caelo,
1348 2485 81 39 hoc
1394 2485 93 39 sunt
1452 2485 104 39 oculi
1522 2485 70 39 in
1556 2485 127 39 homine.
1649 2485 81 39 Sol
1695 2485 58 39 &
1718 2485 70 39 L.
1753 2485 81 39 ina
1800 2485 81 39 duo
1846 2485 104 39 sunt:

1094 2520 115 34 mundi
1171 2520 140 34 lumina:
1273 2520 115 34 oculi
1349 2520 115 34 autem
1425 2520 140 34 quaedam
1527 2520 76 34 in
1565 2520 127 34 capite
1655 2520 127 34 sidera
1744 2520 140 34 fulgent
1833 2520 89 34 desu-

1108 2551 90 49 per,
1164 2551 56 49 &
1187 2551 147 49 inferiora
1300 2551 102 49 claro
1368 2551 158 49 illustrant
1492 2551 124 49 lumine,
1582 2551 79 49 nec
1627 2551 147 49 patiuntur
1740 2551 113 49 noctis
1819 2551 124 49 quibus

1103 2583 80 49 dam
1148 2583 80 49 nos
1194 2583 137 49 tenebris
1296 2583 160 49 implicari.

1122 2623 120 39 Deinde
1206 2623 108 39 sicut
1278 2623 132 39 specula
1374 2623 120 39 semper
1458 2623 72 39 in
1494 2623 96 39 alto
1553 2623 96 39 est,
1613 2623 72 39 ut
1649 2623 192 39 adventantium
1793 2623 132 39 hostilium

1098 2655 166 41 catervarum
1229 2655 154 41 explorari
1348 2655 119 41 possit
1431 2655 154 41 adventus,
1550 2655 71 41 ne
1585 2655 71 41 ex
1621 2655 154 41 improviso
1740 2655 143 41 occupent
1835 2655 83 41 nihil

1100 2690 101 34 tale
1164 2690 165 34 metuentem
1290 2690 89 34 aut
1341 2690 165 34 opinantem
1468 2690 89 34 vel
1519 2690 114 34 urbis
1595 2690 139 34 popuium
1696 2690 63 34 &
1721 2690 190 34 Imperatoris
1861 2690 63 34 ex-

1097 2723 151 33 ercitum:
1211 2723 63 33 &
1236 2723 75 33 ut
1274 2723 151 33 custodes
1387 2723 176 33 vigilesque
1525 2723 75 33 ad
1563 2723 151 33 latronum
1676 2723 176 33 hostiumque
1802 2723 113 33 incursu

1104 2754 59 45 &
1128 2754 143 45 incendia
1235 2754 190 45 significanda
1390 2754 167 45 destinati,
1521 2754 71 45 in
1556 2754 107 45 muris
1628 2754 83 45 aut
1675 2754 155 45 tutribus,
1794 2754 83 45 aut
1830 2754 95 45 montis

1105 2791 136 36 excelso
1204 2791 99 36 jugo
1265 2791 198 36 collocantur,
1426 2791 74 36 ut
1463 2791 136 36 desuper
1562 2791 111 36 longe
1637 2791 136 36 lateque
1723 2791 198 36 circumspectate

1110 2823 139 46 possint;
1215 2823 58 46 &
1238 2823 70 46 ut
1273 2823 70 46 in
1308 2823 93 46 mari
1365 2823 116 46 quoque
1447 2823 162 46 explorator
1574 2823 70 46 in
1609 2823 93 46 ipsa
1667 2823 93 46 mali
1725 2823 139 46 fastigia
1829 2823 58 46 &
1841 2823 81 46 celsa

1103 2858 183 34 antennatum
1247 2858 131 34 cornua
1339 2858 183 34 adscendit:
1483 2858 92 34 ita
1535 2858 131 34 oculos
1627 2858 79 34 in
1666 2858 144 34 sublimi
1771 2858 105 34 Deus
1823 2858 92 34 collo

1107 2893 121 46 cavit,
1192 2893 73 46 ut
1228 2893 109 46 illis
1301 2893 109 46 velut
1374 2893 61 46 e
1398 2893 133 46 specula
1495 2893 158 46 superiore
1616 2893 109 46 omnia
1689 2893 230 46 prospectaremus.
1871 2893 48 46 A-

1110 2920 108 38 forte
1182 2920 120 38 dicas:
1266 2920 72 38 Si
1302 2920 132 38 specula
1397 2920 132 38 editiot
1493 2920 168 38 necessaria
1625 2920 108 38 fuit,
1697 2920 84 38 cur
1744 2920 84 38 non
1792 2920 108 38 supra
1852 2920 60 38 sum

1101 2960 85 43 mum
1150 2960 122 43 captis
1235 2960 147 43 verticem
1345 2960 110 43 oculi
1418 2960 171 43 constituti
1553 2960 110 43 sunt,
1626 2960 110 43 sicut
1699 2960 134 43 cancris
1797 2960 85 43 vel
1834 2960 85 43 scara

1107 2985 112 41 baeis
1181 2985 75 41 in
1219 2985 112 41 summo
1294 2985 112 41 sunt,
1369 2985 125 41 quibus
1456 2985 112 41 licet
1531 2985 125 41 nullum
1618 2985 112 41 caput
1693 2985 162 41 appareat,
1818 2985 112 41 colla
1880 2985 50 41 ac

1107 3023 103 37 dorsa
1175 3023 103 37 tamen
1244 3023 126 37 caetero
1336 3023 126 37 corpore
1428 3023 138 37 celsiora
1531 3023 103 37 sunt?
1600 3023 80 37 Sed
1646 3023 103 37 illis
1715 3023 103 37 testa
1783 3023 126 37 valida,
1864 3023 57 37 nec

1101 3059 85 46 tam
1150 3059 122 46 tennis
1235 3059 146 46 membrana
1345 3059 110 46 sicut
1418 3059 110 46 nobis
1491 3059 98 46 quae
1552 3059 122 46 facile
1637 3059 122 46 possit
1723 3059 134 46 offendi
1808 3059 110 46 ruboqui

1105 3088 59 43 &
1129 3088 141 43 caeteris
1235 3088 177 43 interscindi
1376 3088 153 43 sentibus.
1494 3088 106 43 Aliis
1565 3088 118 43 quoque
1647 3088 177 43 animantibus
1777 3088 153 43 hujusmiodi-

1106 3119 138 54 species,
1210 3119 69 54 ut
1245 3119 127 54 pessint
1337 3119 115 54 oculos
1418 3119 81 54 aut
1464 3119 69 54 ad
1498 3119 138 54 cervicem
1602 3119 150 54 conferre,
1717 3119 69 54 ut
1752 3119 92 54 equi
1810 3119 69 54 ac
1833 3119 92 54 boves.

1103 3160 72 34 ac
1139 3160 168 34 propemodum
1271 3160 108 34 omnes
1343 3160 120 34 ferae:
1427 3160 84 34 aut
1475 3160 72 34 ad
1511 3160 96 34 alas
1570 3160 108 34 luas,
1642 3160 72 34 ut
1678 3160 108 34 aves,
1750 3160 84 34 quo
1798 3160 96 34 tuta
1846 3160 72 34 quie

1093 3189 82 39 te
1134 3189 177 39 petiantur
1270 3189 122 39 Nobis
1352 3189 122 39 autem
1433 3189 68 39 &
1460 3189 82 39 in
1501 3189 122 39 summa
1582 3189 190 39 propemodum
1732 3189 163 39 corporis
1841 3189 82 39 par-

1101 3227 74 52 te
1138 3227 160 52 constitui
1260 3227 123 52 oculos
1346 3227 147 52 oportuit
1457 3227 135 52 tanquam
1555 3227 74 52 in
1592 3227 111 52 arce,
1666 3227 61 52 &
1691 3227 74 52 ab
1727 3227 98 52 omni
1789 3227 86 52 vel
1826 3227 98 52 minima
