2063 3458
230 180 104 63 more
295 180 91 63 nos
347 180 208 63 obsurdescere
516 180 182 63 sentiamus?
658 180 91 63 Tum
710 180 117 63 velut
788 180 208 63 propugnacula
944 180 91 63 quae-

237 220 80 57 dam
282 220 114 57 videas
362 220 171 57 praetendere
498 220 137 57 adversus
601 220 137 57 frigoris
703 220 182 57 asperitatem,
851 220 159 57 calorisque
965 220 68 57 fla-

236 252 161 64 grantiam,
359 252 74 64 ut
396 252 111 64 neque
470 252 124 64 frigus
557 252 148 64 penetret
668 252 124 64 ductus
755 252 161 64 patentes,
878 252 111 64 neque
940 252 99 64 nimius

234 286 124 55 adurat
320 286 136 55 aestus.
419 286 148 55 Sinuatio
530 286 111 55 autem
604 286 173 55 interiorum
740 286 136 55 autium,
839 286 161 55 modulandi
950 286 87 55 quen-

230 318 89 55 dam
281 318 139 55 numerum
382 318 152 55 praestat
497 318 63 55 &
522 318 203 55 disciplinam.
687 318 152 55 Siquidem
801 318 89 55 per
852 318 165 55 anfractus
966 318 63 55 au-

237 352 95 52 rium
297 352 119 52 quidam
380 352 131 52 tythmus
475 352 166 52 efficitur,
605 352 59 52 &
629 352 131 52 modulis
724 352 154 52 quibusdam
843 352 154 52 ingressae
950 352 83 52 vocis

235 380 107 55 sonus
306 380 178 55 exprimitur.
449 380 131 55 Tenaces
544 380 154 55 praeterea
662 380 142 55 sermonis
769 380 131 55 accepti
864 380 107 55 ipsos
935 380 95 55 esse
983 380 47 55 an

244 419 127 54 fractus
337 419 127 54 autium,
430 419 93 54 usus
487 419 93 54 ipse
545 419 81 54 nos
591 419 116 54 docet.
672 419 139 54 Siquidem
777 419 104 54 velut
846 419 69 54 in
881 419 139 54 concavis
973 419 58 54 mon

241 452 107 52 tium,
313 452 83 52 vel
360 452 72 52 in
396 452 131 52 recessu
491 452 131 52 rupium,
587 452 83 52 vel
635 452 72 52 in
670 452 143 52 anfractu
778 452 143 52 fluminum
885 452 83 52 vox
921 452 107 52 auditur

250 490 139 45 dulcior,
355 490 58 45 &
378 490 139 45 responsa
482 490 116 45 suavia
563 490 139 45 referens
668 490 93 45 Echo
726 490 151 45 resultat.
842 490 93 45 Unde
900 490 116 45 autium
969 490 58 45 ju-

240 516 122 54 dicium
325 516 85 54 est
374 516 243 54 exquisitissimum.
580 516 109 54 Aures
653 516 134 54 carmen,
750 516 158 54 tytlimos,
872 516 146 54 totamque
969 516 61 54 Mu-

235 549 106 57 sicam
306 549 59 57 &
330 549 118 57 poesin
412 549 153 57 judicant:
530 549 94 57 quam
589 549 71 57 de
624 549 71 57 re
660 549 106 57 Philo
730 549 130 57 Judaeus
825 549 106 57 libro
896 549 71 57 de
919 549 118 57 victimas

238 585 201 54 offerentibus.
404 585 107 54 Ipsae
475 585 118 54 quoque
558 585 118 54 sordes
641 585 118 54 autlum
724 585 83 54 non
771 585 154 54 inutiles,
890 585 95 54 quae
937 585 95 54 ligant

253 622 112 47 ocem,
327 622 75 47 ut
365 622 150 47 tenacior
477 622 100 47 ejus
539 622 75 47 in
576 622 112 47 nobis
651 622 62 47 &
676 622 137 47 memoria
776 622 87 47 sit
826 622 62 47 &
851 622 137 47 gratia.
938 622 87 47 Porro

247 652 90 54 Deus
303 652 90 54 duas
359 652 101 54 autes
427 652 113 54 homini
506 652 113 54 dedit,
585 652 113 54 quarum
664 652 158 54 duplicitas
788 652 169 54 incrediblle
923 652 79 54 est
957 652 79 54 quan-

248 686 71 52 am
284 686 212 52 pulchritudinem
461 686 94 52 prae
520 686 71 52 se
555 686 118 52 ferat,
638 686 94 52 quod
697 686 83 52 tum
744 686 94 52 pars
803 686 130 52 utraque
885 686 142 52 simssitudi

245 720 65 51 ne
278 720 109 51 ornata
354 720 87 51 est,
408 720 76 51 tum
451 720 65 51 ut
484 720 141 51 venientes
593 720 163 51 altrinsecus
723 720 98 51 voces
788 720 130 51 facilius
886 720 163 51 colligantur

250 758 71 44 um
286 758 107 44 (quod
357 758 143 44 Basilius
464 758 119 44 Magnus
548 758 107 44 libro
619 758 71 44 de
655 758 179 44 virginitate
798 758 119 44 notat)
881 758 95 44 quia
929 758 95 44 oporte

234 789 115 47 dupla
311 789 77 47 ad
349 789 192 47 disciplinam
503 789 77 47 ac
541 789 192 47 eruditionem
695 789 205 47 consequendam
862 789 141 47 audire:
951 789 77 47 quum

235 819 102 55 unam
299 819 128 55 tantum
389 819 141 55 linguam
491 819 102 55 Deus
555 819 179 55 largiatur,
696 819 77 55 ut
734 819 153 55 pauciora
849 819 153 55 loquenda
951 819 77 55 esse

235 849 198 58 meminerimus
393 849 119 58 plura
472 849 171 58 audienda:
604 849 158 58 Foramina
722 849 132 58 autium
815 849 132 58 voluit
907 849 105 58 Deus
973 849 105 58 esse

231 885 104 51 nuda
296 885 65 51 &
322 885 182 51 inobsepta,
465 885 104 51 quod
530 885 65 51 &
556 885 117 51 minus
634 885 143 51 decorum
737 885 65 51 &
763 885 117 51 minus
841 885 117 51 utile
906 885 130 51 fuisset:

235 918 135 52 quoniam
333 918 172 52 simplicium
468 918 172 52 cavernatum
604 918 160 52 angustias
727 918 209 52 praetervolare
899 918 86 52 vox
936 918 98 52 posset

240 961 59 41 &
264 961 129 41 spargi,
357 961 94 41 nisi
416 961 152 41 perceptam
533 961 82 41 per
580 961 105 41 cavos
650 961 117 41 sinus,
732 961 164 41 repercussu
860 961 140 41 retentam
954 961 82 41 fora-

244 995 87 39 mina
298 995 98 39 ipsos
363 995 174 39 conveherent,
504 995 98 39 iliis
570 995 119 39 similia
656 995 141 39 vasculis,
765 995 108 39 quibus
841 995 87 39 impo
895 995 98 39 sitis
949 995 87 39 solent

236 1028 179 42 angustiora
377 1028 103 42 vasa
441 1028 167 42 compleri.
569 1028 128 42 Easdem
659 1028 128 42 noluit
749 1028 103 42 Deus
813 1028 141 42 artifex
903 1028 128 42 mollibus

237 1061 172 46 pelliculis
372 1061 172 46 informare,
506 1061 98 46 quae
568 1061 221 46 pulchritudinem
752 1061 147 46 demerent
862 1061 147 46 pendulae
960 1061 86 46 atque

244 1098 162 41 flaccentes:
374 1098 97 41 neque
439 1098 97 41 duris
504 1098 65 41 ac
536 1098 119 41 solidis
622 1098 130 41 ossibus,
720 1098 65 41 ne
752 1098 65 41 ad
784 1098 86 41 usum
839 1098 140 41 inhabiles
936 1098 97 41 esseut.

232 1131 162 44 immobiles
356 1131 75 44 ac
394 1131 162 44 rigentes:
518 1131 87 44 sed
568 1131 100 44 quod
631 1131 112 44 esset
706 1131 112 44 horum
780 1131 137 44 medium,
868 1131 162 44 excogitavit

234 1159 70 43 ut
269 1159 81 43 eas
316 1159 151 43 cartilago
431 1159 127 43 mollior
524 1159 162 43 alligaret,
652 1159 58 43 &
675 1159 139 43 haberent
779 1159 104 43 aptam
849 1159 116 43 fimul,
930 1159 58 43 &
941 1159 93 43 ffexi-

237 1192 108 41 bilem
309 1192 180 41 firmitatem.
453 1192 72 41 In
489 1192 84 41 his
537 1192 144 41 audiendi
646 1192 120 41 tantum
730 1192 144 41 officium
838 1192 180 41 constiturum
970 1192 72 41 est,

247 1233 100 38 sicut
314 1233 67 38 in
347 1233 111 38 oculis
425 1233 133 38 videndi.
525 1233 78 38 Sed
569 1233 89 38 plus
625 1233 78 38 est
669 1233 67 38 in
703 1233 122 38 auribus
791 1233 89 38 quam
847 1233 67 38 in
880 1233 111 38 oculis
947 1233 89 38 situm:

261 1261 116 40 honiam
343 1261 58 40 &
366 1261 139 40 doctrina
471 1261 58 40 &
494 1261 151 40 sapientia
610 1261 128 40 percipi
703 1261 128 40 autibus
796 1261 105 40 solis
866 1261 116 40 potest
947 1261 81 40 (si
982 1261 58 40 ad-

243 1295 142 40 minicula
350 1295 166 40 externorum
480 1295 130 40 sensuum
575 1295 154 40 spectes,)
693 1295 118 40 oculis
776 1295 107 40 solis
847 1295 83 40 non
894 1295 130 40 potest.
977 1295 59 40 Mi-

254 1324 75 45 eri
297 1324 97 45 sunt,
362 1324 75 45 qui
405 1324 108 45 oculis
480 1324 97 45 capti
545 1324 97 45 sunt,
609 1324 65 45 at
642 1324 97 45 longe
706 1324 151 45 miseriores
825 1324 75 45 qui
868 1324 97 45 nihil
932 1324 129 45 audiunt,

234 1361 84 44 sic
282 1361 96 44 enim
342 1361 84 44 nec
390 1361 120 44 verbum
473 1361 84 44 Dei
521 1361 168 44 salvificum
653 1361 120 44 audire
737 1361 144 44 possunt.
844 1361 96 44 Quis
904 1361 84 44 non
952 1361 72 44 in
976 1361 60 44 his

233 1394 138 42 omnibus
334 1394 163 42 agnoscat,
460 1394 163 42 admiretur
585 1394 63 42 &
610 1394 188 42 depraedicet
761 1394 88 42 Dei
811 1394 176 42 sapientiam
950 1394 63 42 &
962 1394 88 42 erga-

237 1431 88 43 nos
275 1431 151 43 bonitatem:

266 1466 128 33 Deinde
356 1466 115 33 autes
432 1466 141 33 nostrae
535 1466 128 33 ducunt
624 1466 89 33 nos
675 1466 77 33 ad
714 1466 192 33 agnoscendam
854 1466 192 33 omniscientiam

241 1493 98 44 Dei.
302 1493 86 44 Nam
351 1493 86 44 qui
401 1493 111 44 autes
474 1493 123 44 homini
560 1493 123 44 dedit,
647 1493 98 44 ipse
708 1493 86 44 non
757 1493 123 44 audiat
843 1493 111 44 omnia
917 1493 98 44 quae
966 1493 74 44 quis

248 1528 69 45 el
282 1528 69 45 in
316 1528 183 45 secretissimo
465 1528 91 45 loco
522 1528 80 45 aut
568 1528 137 45 conclavi
670 1528 149 45 loquitur?
785 1528 80 45 Huc
830 1528 137 45 pertinet
933 1528 103 45 locus
990 1528 46 45 Ps

229 1561 81 44 94.
276 1561 69 44 v.
310 1561 69 44 7,
345 1561 69 44 8,
379 1561 69 44 9.
414 1561 115 44 Dicunt
494 1561 150 44 (improbi]
610 1561 81 44 Non
656 1561 138 44 respicit
759 1561 92 44 Iah,
817 1561 104 44 neque
875 1561 161 44 animadvertis

233 1597 91 39 Deus
290 1597 125 39 lacobi:
381 1597 182 39 Animadvertue
529 1597 57 39 o
552 1597 159 39 brutissimi
677 1597 68 39 in
711 1597 125 39 popalos
802 1597 57 39 &
825 1597 182 39 stultissimi,
962 1597 68 39 quam

232 1629 69 41 do
267 1629 196 41 intelligentes
428 1629 127 41 eritis?
520 1629 69 41 An
555 1629 150 41 plantator
670 1629 115 41 auris,
751 1629 104 41 annon
820 1629 127 41 audiat?
912 1629 81 41 aut
946 1629 81 41 forma

236 1667 84 34 tor
284 1667 120 34 oculi,
368 1667 108 34 annon
429 1667 144 34 intueatur?

280 1698 117 39 Tertio
362 1698 140 39 admonent
467 1698 82 39 nos
514 1698 70 39 de
549 1698 152 39 clementia
666 1698 82 39 Dei
713 1698 175 39 exaudientis
853 1698 117 39 preces
923 1698 117 39 nostras,

246 1725 93 45 sicut
308 1725 114 45 dicitur
390 1725 93 45 Psal.
452 1725 103 45 34.16.
525 1725 93 45 Oculi
587 1725 114 45 Iehovae
669 1725 62 45 ad
700 1725 114 45 iustos,
783 1725 52 45 &
804 1725 93 45 aures
866 1725 83 45 eius
917 1725 62 45 ad
938 1725 93 45 vocifes

231 1765 143 38 rationem
338 1765 107 38 eorum
410 1765 167 38 attendunt.
541 1765 60 38 &
565 1765 72 38 v.
601 1765 83 38 18.
648 1765 155 38 Clamantes
768 1765 107 38 illos
839 1765 119 38 Iehova
923 1765 119 38 audit,
994 1765 36 38 &

242 1796 62 40 ex
273 1796 114 40 omnibus
356 1796 135 40 angustiis
460 1796 114 40 ipsorum
543 1796 104 40 cripit
616 1796 104 40 illos.
688 1796 62 40 Et
719 1796 93 40 Psal.
782 1796 83 40 116.
834 1796 93 40 vers.
896 1796 62 40 1,
927 1796 62 40 2.
948 1796 83 40 Diligo

240 1838 84 35 nam
288 1838 119 35 Iehova
371 1838 131 35 exaudit
467 1838 107 35 vocem
539 1838 107 35 meum,
610 1838 203 35 deprecationes
777 1838 107 35 meus.
849 1838 96 35 Quia
897 1838 143 35 inclinavit

243 1870 107 35 aurem
314 1870 95 35 suam
374 1870 107 35 mihi,
445 1870 130 35 idcirco
540 1870 119 35 diebus
623 1870 95 35 meis
682 1870 142 35 invocabo
777 1870 71 35 eum.

281 1895 127 43 Quarto
370 1895 153 43 revocant
485 1895 115 43 nobis
562 1895 76 43 in
600 1895 153 43 memoriam
714 1895 217 43 exinanitionem
893 1895 64 43 &
906 1895 127 43 incarna.

242 1927 113 42 tionem
321 1927 102 42 Filii
389 1927 79 42 Dei
434 1927 79 42 pro
479 1927 113 42 nobis.
559 1927 79 42 Sic
604 1927 91 42 enim
660 1927 79 42 ait
706 1927 113 42 Filius
785 1927 79 42 Dei
830 1927 91 42 ipse
887 1927 102 42 Psal.
955 1927 79 42 40.
989 1927 45 42 7.

251 1967 145 36 Sacrificio
365 1967 52 36 &
386 1967 104 36 munere
458 1967 73 36 non
500 1967 145 36 delectatus
614 1967 73 36 es,
655 1967 93 36 aures
718 1967 145 36 perfodisti
832 1967 93 36 mihi,
894 1967 62 36 id
925 1967 83 36 est,
967 1967 62 36 cor-

249 2004 83 34 bus
297 2004 95 34 mihi
356 2004 143 34 aptasti,
463 2004 71 34 ut
499 2004 143 34 exponitt
606 2004 155 34 Apostolus
725 2004 95 34 Heb.
784 2004 83 34 10.
832 2004 71 34 v.
868 2004 71 34 5.
903 2004 59 34 &
927 2004 71 34 me
951 2004 95 34 servum

242 2032 104 41 tuum
307 2032 156 41 acceptum
424 2032 130 41 habens
515 2032 78 41 in
554 2032 182 41 perpetuum;
696 2032 78 41 ad
735 2032 195 41 obedientiam
878 2032 169 41 comparasti-

244 2065 102 37 atque
312 2065 170 37 obsignasti,
448 2065 68 37 ut
482 2065 91 37 olim
538 2065 102 37 servi
606 2065 68 37 ad
640 2065 147 37 servitium
754 2065 147 37 perpetuum
867 2065 102 37 ultro
935 2065 68 37 se
958 2065 79 37 offe-

240 2105 115 41 rentis
321 2105 92 41 hero
379 2105 58 41 &
402 2105 58 41 e
425 2105 150 41 servitute
540 2105 104 41 exire
609 2105 138 41 nolentis
712 2105 184 41 perforabatur
862 2105 104 41 autis
931 2105 69 41 ad
954 2105 92 41 januam

238 2134 98 36 lieri
304 2134 87 36 sui,
358 2134 98 36 Exod.
424 2134 77 36 21.
468 2134 66 36 v.
501 2134 66 36 6.
533 2134 87 36 Deut
588 2134 77 36 15.
632 2134 66 36 v.
665 2134 77 36 16,
697 2134 55 36 17.

283 2160 120 48 Quinto
367 2160 143 48 admonent
474 2160 84 48 nos
522 2160 191 48 discernendum
677 2160 96 48 esse
737 2160 96 48 Deum
797 2160 72 48 ab
833 2160 131 48 idolis.
928 2160 72 48 de
964 2160 96 48 qui

250 2202 80 45 bus
295 2202 125 45 dicitur
386 2202 103 45 Psal.
455 2202 91 45 115.
512 2202 68 45 6.
546 2202 103 45 Aures
615 2202 91 45 sunt
672 2202 91 45 eis,
729 2202 80 45 sed
774 2202 80 45 non
820 2202 137 45 audiunt.
923 2202 91 45 Idem
968 2202 103 45 repeti-

244 2231 74 42 tur
287 2231 96 42 Psal.
351 2231 85 42 135.
393 2231 53 42 17.

272 2258 113 42 Sexto
347 2258 150 42 admonent
459 2258 88 42 nos
509 2258 75 42 de
547 2258 150 42 vanitate
659 2258 113 42 rerum
734 2258 175 42 humanarum,
872 2258 113 42 sicut
934 2258 100 42 Eccle-

245 2293 110 46 siastes
325 2293 90 46 dicit
385 2293 80 46 cap.
435 2293 60 46 1.
466 2293 90 46 vers.
526 2293 60 46 8.
556 2293 110 46 Singula
636 2293 80 46 res,
686 2293 80 46 stae
736 2293 150 46 facigantar,
857 2293 70 46 non
897 2293 100 46 posset
967 2293 90 46 quis

247 2339 89 40 quam
303 2339 123 40 eloqui,
392 2339 78 40 non
437 2339 156 40 satiaretur
560 2339 112 40 oculus
638 2339 134 40 videndo,
738 2339 101 40 neque
805 2339 156 40 impleretur
928 2339 101 40 auris
984 2339 56 40 au

231 2364 84 39 ditu.

272 2394 120 53 Septimo
359 2394 120 53 docent,
446 2394 120 53 peccare
533 2394 131 53 graviter
631 2394 98 53 illos
697 2394 76 53 qui
740 2394 98 53 ultro
805 2394 98 53 surdi
871 2394 87 53 sunt
925 2394 65 53 ad
947 2394 87 53 perci-

252 2428 129 52 piendam
346 2428 164 52 veritatem,
475 2428 82 52 qui
522 2428 117 52 veluti
604 2428 105 52 autes
674 2428 164 52 obthurant,
803 2428 70 52 ne
838 2428 129 52 audiant
932 2428 59 52 &
943 2428 94 52 cogno-

240 2469 110 37 scant
313 2469 172 37 veritatem.
448 2469 86 37 Sic
497 2469 98 37 enim
558 2469 159 37 pathetice
681 2469 184 37 reprehendit
828 2469 110 37 Jobus
901 2469 123 37 amicos
975 2469 61 37 suo

254 2500 80 37 non
299 2500 103 37 recte
368 2500 184 37 percipientes
517 2500 138 37 sermones
621 2500 115 37 ipsius
701 2500 69 37 de
735 2500 184 37 gubernatione
884 2500 92 37 Dei,
942 2500 92 37 cap.
988 2500 57 37 12.

244 2533 82 38 II.
291 2533 105 38 Annon
361 2533 105 38 auris
431 2533 105 38 verba
501 2533 152 38 probabit,
618 2533 70 38 ut
653 2533 128 38 palatum
746 2533 93 38 cibi
804 2533 117 38 gustum
886 2533 128 38 assumit
967 2533 82 38 sibii

250 2569 67 39 q.
283 2569 67 39 d.
317 2569 78 39 Vos
361 2569 100 39 rebus
428 2569 56 39 a
451 2569 78 39 Deo
495 2569 123 39 creatis
585 2569 134 39 utimini,
685 2569 56 39 &
707 2569 112 39 palato
785 2569 112 39 vestro
863 2569 167 39 discernitis
986 2569 56 39 qui

244 2600 93 37 cibi
302 2600 139 37 sapiant,
407 2600 81 37 qui
454 2600 93 37 non;
512 2600 81 37 qui
558 2600 105 37 grati
628 2600 93 37 sint
686 2600 116 37 gustui
767 2600 58 37 &
790 2600 151 37 comedendi
907 2600 81 37 qui
941 2600 105 37 ingrati

243 2635 61 43 &
267 2635 171 43 omittendi:
402 2635 86 43 cur
451 2635 86 43 non
500 2635 159 43 similiter
622 2635 110 43 autem
695 2635 61 43 &
720 2635 122 43 animum
805 2635 171 43 advertitis
940 2635 73 43 ad
964 2635 86 43 judi-

245 2664 125 37 candum
333 2664 75 37 ea
371 2664 100 37 quae
433 2664 100 37 dixi
496 2664 75 37 de
533 2664 200 37 gubernatione
696 2664 100 37 Dei?
759 2664 125 37 Eandem
846 2664 175 37 sententiam
971 2664 63 37 re-

250 2699 103 45 petit
318 2699 103 45 Elihu
386 2699 91 45 cap.
443 2699 80 45 34.
489 2699 91 45 vers
546 2699 68 45 3.
580 2699 103 45 Auris
648 2699 137 45 sermones
751 2699 125 45 probat;
842 2699 68 45 ut
876 2699 125 45 palatum
956 2699 91 45 gustat

256 2734 115 40 escam.
336 2734 104 40 Siaut
405 2734 127 40 palatum
497 2734 104 40 cibos
566 2734 58 40 &
589 2734 127 40 saporis
681 2734 104 40 eorum
750 2734 115 40 gustum
831 2734 161 40 dijudicat,
957 2734 81 40 sic
992 2734 58 40 au-

253 2769 65 49 re
286 2769 130 49 sermonum
383 2769 119 49 veritas
470 2769 162 49 exploratur,
599 2769 87 49 sint
654 2769 65 49 ne
686 2769 87 49 veri
740 2769 65 49 ac
773 2769 108 49 falsi,
848 2769 87 49 quia
902 2769 97 49 autis
956 2769 87 49 disci-

257 2796 111 43 plinae
335 2796 56 43 &
357 2796 144 43 doctrinae
468 2796 122 43 organum
557 2796 89 43 est,
613 2796 56 43 &
635 2796 100 43 fides
701 2796 78 43 est
746 2796 67 43 ex
768 2796 89 43 auditu

290 2825 129 50 Octavo
380 2825 154 50 admonent
496 2825 103 50 nos,
560 2825 167 50 audiendam
689 2825 103 50 esse
753 2825 180 50 sapientiam
882 2825 167 50 salvificam,

268 2861 95 45 quum
327 2861 71 45 eo
363 2861 95 45 fine
422 2861 106 45 autes
493 2861 106 45 nobis
564 2861 95 45 Deus
623 2861 142 45 dederit.
729 2861 83 45 Huc
776 2861 154 45 pertinent
894 2861 95 45 loca
942 2861 106 45 sequen-

257 2897 85 42 tia,
311 2897 107 42 veluti
385 2897 128 42 Proverb.
481 2897 64 42 2.
513 2897 53 42 v
534 2897 64 42 2.
566 2897 107 42 Audiat
641 2897 149 42 supientiam
758 2897 96 42 auris
822 2897 96 42 tuae,
886 2897 53 42 &
907 2897 85 42 cap.
961 2897 75 42 15.
993 2897 53 42 31.

268 2925 97 44 Auris
333 2925 151 44 auscultans
452 2925 162 44 correptioni
581 2925 108 44 vitae,
657 2925 97 44 inter
722 2925 140 44 sapientes
830 2925 184 44 commorabitur.
981 2925 65 44 Et
1003 2925 43 44 c.

262 2955 82 48 18.
309 2955 70 48 v.
344 2955 82 48 15.
391 2955 105 48 Auris
460 2955 151 48 sapientum
577 2955 128 48 quaerit
670 2955 163 48 scientiam.
798 2955 82 48 Huc
845 2955 140 48 pertinet
938 2955 105 48 adhorta

271 2985 90 50 tio,
327 2985 90 50 quae
384 2985 68 50 in
418 2985 90 50 novo
474 2985 158 50 testamento
599 2985 136 50 occurrit
700 2985 170 50 aliquoties:
836 2985 79 50 Qui
881 2985 102 50 habet
949 2985 102 50 aures
1006 2985 45 50 ad

263 3025 154 45 audiendum,
384 3025 121 45 audiat,
473 3025 66 45 ut
506 3025 110 45 Matth.
583 3025 77 45 11.
627 3025 55 45 v
649 3025 77 45 15.
693 3025 55 45 &
715 3025 77 45 13.
760 3025 66 45 9.
793 3025 55 45 &
815 3025 110 45 alibi.

306 3050 95 54 Neno
366 3050 143 54 admonent
473 3050 83 54 nos
520 3050 71 54 de
556 3050 190 54 misericordia
710 3050 95 54 erga
770 3050 119 54 tenues
853 3050 59 54 &
877 3050 155 54 afflictos
984 3050 71 54 Pro-

268 3085 103 54 verb.
336 3085 80 54 21.
382 3085 103 54 vers.
451 3085 80 54 13.
497 3085 80 54 Qui
543 3085 138 54 obthurat
646 3085 103 54 aurem
715 3085 92 54 suam
773 3085 57 54 a
795 3085 126 54 clamore
887 3085 126 54 tenuis,
968 3085 80 54 etiam

278 3111 81 48 ipse
329 3111 132 48 clamabit,
430 3111 71 48 sed
471 3111 71 48 non
512 3111 153 48 exaudietur.

292 3150 125 61 Decimo
379 3150 149 61 admonent
491 3150 87 61 nos
541 3150 75 61 de
578 3150 187 61 corruptione
728 3150 125 61 nativa
815 3150 137 61 hominum
914 3150 87 61 non
952 3150 87 61 rege,

280 3180 171 55 neratorum,
414 3180 61 55 &
438 3180 122 55 verbum
524 3180 85 55 Dei
573 3180 122 55 audire
658 3180 85 55 vel
707 3180 183 55 inteliigere
853 3180 85 55 res
902 3180 159 55 usantium,
1012 3180 61 55 de-

288 3208 124 74 qualibus
380 3208 113 74 legitur
463 3208 103 74 Matth.
535 3208 72 74 13.
576 3208 93 74 vers.
638 3208 72 74 13,
679 3208 72 74 14,
720 3208 72 74 15.
762 3208 93 74 Jesa.
823 3208 62 74 6.
854 3208 72 74 10.
895 3208 72 74 Joh
937 3208 72 74 12.
978 3208 62 74 v.
998 3208 52 74 40.

1086 164 118 56 Actor.
1169 164 83 56 28.
1216 164 71 56 v.
1251 164 83 56 26,
1298 164 83 56 27.
1346 164 94 56 Rom.
1405 164 83 56 11.
1452 164 71 56 v.
1487 164 71 56 8.
1522 164 94 56 Act.
1581 164 71 56 7.
1617 164 83 56 51.
1664 164 94 56 Duri
1723 164 130 56 cervice
1817 164 59 56 &
1829 164 59 56 in-

1075 218 160 39 circumcisi
1200 218 103 39 corde
1269 218 57 39 &
1292 218 137 39 auribus,
1395 218 80 39 vos
1441 218 114 39 semper
1521 218 137 39 Spiritui
1624 218 91 39 illi
1681 218 114 39 sancto
1749 218 149 39 obnitimini.

1075 252 70 41 Et
1110 252 105 41 vers.
1180 252 82 41 56,
1227 252 82 41 57.
1274 252 93 41 quum
1332 252 152 41 Stephanus
1449 252 140 41 diceret;
1554 252 93 41 Ecce
1612 252 105 41 video
1682 252 117 41 caelos
1764 252 140 41 apertos,
1857 252 35 41 &

1086 284 127 43 Filium
1175 284 140 43 hominis
1277 284 140 43 stantem
1378 284 63 43 a
1404 284 140 43 dextera
1505 284 102 43 Dei;
1569 284 190 43 Clamaverunt
1721 284 102 43 voce
1784 284 114 43 magna
1848 284 38 43 &

1087 319 192 36 continuerunt
1243 319 108 36 aures
1316 319 108 36 suas.
1388 319 72 36 2.
1424 319 132 36 Timoth.
1520 319 72 36 4.
1556 319 72 36 3,
1592 319 72 36 4.
1628 319 96 36 Erit
1688 319 120 36 tempus
1773 319 96 36 quum
1821 319 84 36 sanam

1076 350 146 38 doctrinam
1188 350 79 38 non
1233 350 158 38 sufferent,
1357 350 79 38 sed
1402 350 124 38 auribus
1492 350 169 38 prurientes,
1627 350 90 38 ipsi
1683 350 90 38 sibi
1740 350 135 38 secundum
1830 350 68 38 suat

1071 389 101 41 illas
1138 389 157 41 peculiares
1262 389 169 41 cupiditates
1397 389 180 41 coacervabunt
1543 389 146 41 doctores:
1655 389 67 41 Et
1689 389 56 41 a
1711 389 135 41 veritate
1801 389 90 41 quidem

1079 421 101 43 aures
1146 421 146 43 avertent,
1259 421 67 43 ad
1292 421 124 43 fabulas
1382 421 90 43 vero
1427 421 135 43 divertent.

1117 452 139 40 Undecimo
1222 452 151 40 instruunt
1338 452 128 40 judices
1431 452 197 40 peculiariter,
1593 452 116 40 curent
1674 452 70 40 ut
1709 452 104 40 autes
1767 452 128 40 perpurga-

1087 484 72 37 as
1123 484 145 37 habeant,
1232 484 109 37 vanas
1304 484 181 37 narrationes
1449 484 109 37 illis
1521 484 84 37 non
1569 484 169 37 accipiant,
1702 484 145 37 utramque
1799 484 96 37 partem

1071 520 180 42 litigantium
1215 520 144 42 audiant,
1322 520 132 42 autitos
1418 520 120 42 testes
1502 520 84 42 non
1550 520 168 42 admittant;
1682 520 108 42 autes
1753 520 108 42 enim,
1813 520 84 42 sicut

1083 554 109 40 recte
1155 554 109 40 dixit
1228 554 121 40 quidam
1312 554 72 40 ex
1348 554 169 40 veteribus,
1481 554 109 40 minus
1553 554 109 40 fidei
1626 554 121 40 habent
1710 554 96 40 quam
1770 554 121 40 oculi,
1855 554 72 40 ut

1083 585 122 42 quibus
1168 585 85 42 non
1217 585 85 42 cum
1265 585 109 42 rebus
1338 585 109 42 ipsis
1411 585 85 42 sit
1460 585 182 42 commercium,
1605 585 85 42 sed
1654 585 85 42 cum
1703 585 109 42 vanis
1775 585 109 42 saepe
1836 585 61 42 ru-

1077 619 139 45 moribus
1179 619 63 45 &
1191 619 152 45 calumniis:

1112 640 179 52 Quodecimo
1250 640 165 52 reducunt
1373 640 124 52 nobis
1456 640 82 52 in
1497 640 165 52 memoriam
1620 640 247 52 consolationem,
1813 640 82 52 quam

1079 685 114 37 Paulus
1159 685 137 37 proponit
1261 685 69 37 1.
1296 685 91 37 Cor.
1353 685 69 37 2.
1387 685 69 37 9.
1421 685 171 37 Praedicamus
1558 685 103 37 sicut
1627 685 137 37 scriptum
1730 685 91 37 est,
1787 685 91 37 quae
1832 685 69 37 ocu-

1086 726 69 36 us
1121 726 81 36 non
1167 726 115 36 vidit,
1248 726 81 36 nec
1294 726 104 36 auris
1363 726 138 36 audivit,
1467 726 81 36 nec
1513 726 69 36 in
1548 726 115 36 mentem
1629 726 127 36 hominis
1721 726 150 36 venerunt,
1825 726 69 36 quae

1079 755 115 47 paravit
1162 755 84 47 Deus
1214 755 73 47 iis
1256 755 52 47 a
1277 755 105 47 quibus
1350 755 84 47 ipse
1403 755 146 47 diligitur:

1380 796 103 54 Haec
1444 796 77 54 de
1470 796 128 54 auribus.

1116 849 103 43 ORIS
1181 849 129 43 quoque
1271 849 142 43 species
1374 849 64 43 &
1400 849 103 43 usus
1464 849 116 43 trimo
1542 849 168 43 commendat
1671 849 181 43 sapientiam
1813 849 64 43 &
1826 849 64 43 bo-

1084 884 131 39 nitatem
1179 884 95 39 erga
1239 884 83 39 nos
1286 884 95 39 Dei,
1345 884 83 39 qui
1393 884 95 39 oris
1452 884 119 39 nostri
1536 884 131 39 creator
1631 884 95 39 est.
1690 884 131 39 Species
1785 884 95 39 quam
1833 884 59 39 de-

1074 924 93 31 cens
1132 924 93 31 sit,
1190 924 116 31 videri
1271 924 139 31 facilius
1375 924 93 31 quam
1433 924 139 31 enarrari
1538 924 127 31 potest.
1630 924 93 31 Usus
1688 924 93 31 vero
1746 924 93 31 quam
1792 924 93 31 teces-

1080 953 116 36 sarius
1162 953 58 36 &
1185 953 128 36 eximius
1278 953 81 36 est
1324 953 81 36 non
1370 953 116 36 tantum
1451 953 70 36 in
1486 953 139 36 sumtione
1591 953 128 36 victus,
1683 953 81 36 sed
1730 953 104 36 etiam
1799 953 70 36 is
1822 953 70 36 ser-

1077 988 113 38 mone,
1152 988 75 38 in
1189 988 138 38 osculo,
1289 988 75 38 in
1327 988 100 38 aere
1389 988 175 38 hauriendo?
1527 988 88 38 Nam
1577 988 113 38 neque
1652 988 113 38 oculi
1727 988 138 38 videndi
1814 988 75 38 vgo-

1081 1024 84 35 rem
1129 1024 156 35 haberent,
1249 1024 96 35 nisi
1309 1024 144 35 virtutem
1417 1024 180 35 substantiae
1562 1024 168 35 corporalis
1694 1024 180 35 acciperent,
1826 1024 72 35 quae

1086 1052 101 38 cibo
1150 1052 63 38 &
1175 1052 101 38 potu
1239 1052 89 38 per
1289 1052 76 38 os
1327 1052 152 38 defertur
1441 1052 140 38 tanquam
1543 1052 89 38 per
1594 1052 165 38 domicilii
1720 1052 152 38 corporis
1822 1052 76 38 huus

1090 1093 129 39 portam;
1184 1093 105 39 sicut
1254 1093 94 39 pius
1313 1093 140 39 Jonathan
1418 1093 117 39 filius
1500 1093 117 39 Saulis
1582 1093 105 39 Regis
1652 1093 187 39 Israelitici,
1804 1093 94 39 quum
1851 1093 47 39 in

1092 1124 196 41 persequendis
1251 1124 209 41 Pelischthaeis
1423 1124 184 41 intinxisset
1570 1124 196 41 extremitatem
1730 1124 123 41 baculi
1803 1124 86 41 quem?

1087 1158 108 41 manu
1155 1158 149 41 habebat
1263 1158 81 41 in
1304 1158 122 41 favum
1385 1158 149 41 mellis,
1493 1158 68 41 &
1520 1158 189 41 admovisset
1668 1158 122 41 manum
1749 1158 108 41 suam
1817 1158 81 41 ad
1844 1158 54 41 o-

1086 1192 111 30 suum,
1159 1192 111 30 lumen
1233 1192 172 30 receperunt
1369 1192 111 30 oculi
1442 1192 98 30 ejus
1504 1192 74 30 1.
1541 1192 98 30 Sam.
1602 1192 86 30 14.
1651 1192 111 30 vers.
1725 1192 86 30 28.
1774 1192 111 30 Neque
1836 1192 49 30 at

1088 1229 85 35 res
1136 1229 157 35 audiendi,
1257 1229 85 35 aut
1306 1229 109 35 nares
1378 1229 157 35 odorandi,
1499 1229 85 35 aut
1547 1229 109 35 manus
1620 1229 145 35 tangendi
1729 1229 133 35 officio
1813 1229 85 35 probe

1084 1256 199 42 fungerentur,
1245 1256 99 42 nisi
1307 1256 99 42 oris
1369 1256 174 42 adminiculo
1506 1256 124 42 corpus
1593 1256 99 42 omne
1655 1256 162 42 alimentis
1767 1256 137 42 conforta-

1077 1292 132 40 pretur.
1173 1292 156 40 Deficimus
1294 1292 96 40 enim
1354 1292 132 40 viribus
1450 1292 96 40 nisi
1510 1292 84 40 eas
1558 1292 96 40 cibi
1618 1292 180 40 competentis
1751 1292 156 40 assiduitate

1089 1324 169 38 reparemus.
1222 1324 133 38 Denique
1318 1324 145 38 confecti
1427 1324 97 38 fame
1487 1324 121 38 nullis
1572 1324 121 38 senfus
1656 1324 121 38 nostri
1729 1324 169 38 voluptatibus

1077 1364 179 35 decentibus
1218 1364 205 35 delectantur,
1385 1364 90 35 sed
1436 1364 115 35 quasi
1513 1364 141 35 exorres
1615 1364 115 35 earum
1692 1364 192 35 delinimenta
1833 1364 64 35 non

1086 1393 131 41 sentiunt.

1117 1421 72 47 In
1153 1421 131 47 sermone
1248 1421 107 47 vero,
1320 1421 96 47 oris
1380 1421 96 47 usus
1439 1421 96 47 quam
1499 1421 143 47 insignis
1607 1421 96 47 est?
1666 1421 96 47 Soli
1726 1421 131 47 homines
1809 1421 96 47 inter-

1080 1460 149 38 animalia
1192 1460 87 38 ore
1241 1460 174 38 expiimimus
1378 1460 100 38 quae
1440 1460 112 38 corde
1515 1460 162 38 sentimus.
1640 1460 199 38 Cogitationes
1789 1460 112 38 tacitae

1077 1493 136 36 mentis,
1176 1493 99 36 oris
1237 1493 136 36 sermone
1336 1493 173 36 signantur:
1472 1493 87 36 sic
1522 1493 74 36 ut
1559 1493 74 36 os
1596 1493 136 36 hominis
1695 1493 87 36 sit
1744 1493 136 36 quoddam
1831 1493 74 36 ser-

1085 1528 120 34 monis
1165 1528 147 34 adytum,
1271 1528 107 34 fons
1338 1528 240 34 disputationis,
1538 1528 107 34 aula
1605 1528 173 34 verborum,
1725 1528 173 34 promtuarium

1081 1560 175 41 voluntatis.
1221 1560 105 41 Sicut
1291 1560 140 41 Josephus
1396 1560 163 41 Patriarcha
1524 1560 151 41 fratribus
1641 1560 93 41 suis
1699 1560 105 41 dicit
1769 1560 117 41 Genes.
1839 1560 58 41 45.

1085 1597 69 43 v.
1119 1597 80 43 12.
1165 1597 92 43 Ecce
1222 1597 103 43 oculi
1291 1597 115 43 vestri
1371 1597 115 43 vident
1451 1597 57 43 &
1474 1597 103 43 ocult
1543 1597 126 43 fratris
1634 1597 80 43 mei
1680 1597 172 43 Binjaminis:
1817 1597 69 43 os
1840 1597 69 43 meum

1076 1630 105 41 esse
1142 1630 105 41 quod
1207 1630 184 41 alloquitur
1352 1630 105 41 vos.
1417 1630 105 41 Hinc
1483 1630 92 41 non
1535 1630 131 41 tantum
1627 1630 158 41 ratione,
1745 1630 118 41 verum
1811 1630 92 41 etiam

1077 1660 156 39 poratione
1197 1660 96 39 homo
1257 1660 60 39 a
1281 1660 132 39 bestiis
1377 1660 216 39 discriminatur.
1556 1660 132 39 Secreta
1652 1660 168 39 sapientiae
1784 1660 108 39 solus
1844 1660 60 39 ho-

1073 1698 75 31 mo
1110 1698 75 31 ex
1147 1698 137 31 omnibus
1247 1698 174 31 animalibus
1383 1698 149 31 proferre
1495 1698 137 31 potest;
1594 1698 112 31 sicut
1669 1698 137 31 dicitur
1768 1698 124 31 Psalm.
1843 1698 62 31 37.

1090 1730 84 32 10.
1138 1730 108 32 Iusti
1210 1730 72 32 os
1246 1730 156 32 meditatur
1366 1730 180 32 sapientiam.
1509 1730 72 32 Et
1545 1730 108 32 Psal.
1617 1730 84 32 49.
1665 1730 72 32 4.
1701 1730 72 32 Os
1737 1730 96 32 meum
1785 1730 120 32 loquutu-

1081 1762 81 40 rum
1128 1762 81 40 est
1174 1762 116 40 variam
1255 1762 174 40 sapientiam.
1394 1762 104 40 Prov.
1464 1762 81 40 10.
1510 1762 70 40 v.
1545 1762 81 40 11.
1591 1762 93 40 Vena
1649 1762 116 40 vitae,
1730 1762 70 40 os
1765 1762 104 40 iusti
1834 1762 58 40 &
1846 1762 58 40 31.

1084 1797 73 35 Os
1120 1797 109 35 iusti
1193 1797 134 35 profert
1290 1797 182 35 sapientiam.
1436 1797 85 35 Sed
1485 1797 85 35 hoc
1533 1797 85 35 est
1582 1797 219 35 pretiosissimum
1764 1797 97 35 quod
1813 1797 85 35 homi-

1083 1831 107 39 minis
1155 1831 72 39 os
1191 1831 131 39 divinae
1286 1831 107 39 vocis
1358 1831 84 39 est
1405 1831 143 39 organum,
1513 1831 96 39 quod
1573 1831 155 39 caelestia
1692 1831 131 39 oracula
1776 1831 131 39 expromit,

1081 1869 102 39 quod
1145 1869 128 39 laudes
1235 1869 89 39 Dei
1286 1869 153 39 celebrat
1401 1869 141 39 sermone
1503 1869 64 39 &
1528 1869 128 39 cantu:
1618 1869 89 39 est
1669 1869 102 39 enim
1733 1869 192 39 consecratum

1076 1899 193 32 sanctificat
1231 1899 90 32 oni
1282 1899 142 32 nominis
1385 1899 142 32 divini,
1489 1899 129 32 hymnis
1579 1899 64 32 &
1605 1899 271 32 glorificationibus
1824 1899 77 32 Dei.

1094 1929 80 41 Quo
1139 1929 137 41 pertinet
1242 1929 92 41 quod
1300 1929 92 41 Deus
1357 1929 103 41 dicit
1426 1929 92 41 Mosi
1483 1929 103 41 Exod.
1552 1929 69 41 4.
1586 1929 103 41 vers.
1655 1929 80 41 11,
1701 1929 80 41 12.
1747 1929 92 41 Quis
1804 1929 126 41 statuit

1086 1969 75 39 os
1123 1969 137 39 homini?
1222 1969 87 39 aut
1272 1969 100 39 quis
1334 1969 149 39 statuere
1446 1969 124 39 potest
1534 1969 112 39 mutum
1608 1969 87 39 aut
1658 1969 124 39 surdum
1745 1969 87 39 aut
1783 1969 124 39 sensibus

1092 1998 144 39 valentem
1200 1998 84 39 aut
1248 1998 132 39 caecum?
1345 1998 108 39 nonne
1417 1998 84 39 ego
1465 1998 132 39 Iehova?
1561 1998 96 39 Nunc
1621 1998 120 39 itaque
1706 1998 60 39 i
1730 1998 156 39 &egoadero
1838 1998 60 39 or-

1087 2032 81 35 tuo
1134 2032 58 35 &
1157 2032 116 35 docebo
1238 2032 70 35 te
1273 2032 93 35 quae
1331 2032 151 35 locuturus
1447 2032 81 35 es.
1493 2032 70 35 Et
1528 2032 104 35 vers.
1597 2032 81 35 15.
1644 2032 116 35 Quando
1725 2032 162 35 alloquutus
1840 2032 70 35 fue-

1077 2066 83 38 ris
1125 2066 155 38 Aharonem,
1244 2066 59 38 &
1267 2066 167 38 inserueris
1398 2066 95 38 haec
1458 2066 107 38 verba
1529 2066 71 38 in
1565 2066 83 38 ore
1613 2066 107 38 eius;
1684 2066 83 38 tum
1732 2066 83 38 ego
1779 2066 107 38 adero
1839 2066 71 38 ori-

1087 2098 78 37 tuo
1132 2098 56 37 &
1154 2098 78 37 ori
1199 2098 101 37 eius,
1266 2098 56 37 &
1288 2098 112 37 docebo
1367 2098 78 37 vos
1411 2098 90 37 quae
1467 2098 123 37 facturi
1557 2098 112 37 estis.
1635 2098 146 37 Deuteron.
1747 2098 78 37 18.
1792 2098 101 37 vers.
1848 2098 56 37 18.

1087 2131 152 37 Prophetam
1204 2131 152 37 suscitabo
1321 2131 82 37 eis
1368 2131 58 37 e
1391 2131 105 37 medio
1462 2131 129 37 fratrum
1555 2131 140 37 iptorum,
1660 2131 105 37 sicut
1731 2131 70 37 tu
1766 2131 82 37 es;
1812 2131 58 37 &
1824 2131 82 37 indam

1094 2168 94 43 verba
1156 2168 73 43 mea
1198 2168 73 43 ori
1240 2168 94 43 eius,
1303 2168 63 43 ut
1335 2168 136 43 eloquatur
1440 2168 73 43 eis
1482 2168 126 43 quicquid
1576 2168 147 43 praecepero
1691 2168 94 43 ipsi.
1754 2168 84 43 Luc.
1807 2168 63 43 1.
1828 2168 73 43 vers.

1086 2204 81 40 70,
1133 2204 81 40 71.
1179 2204 139 40 Loquutus
1284 2204 81 40 est
1330 2204 81 40 per
1377 2204 70 40 os
1412 2204 163 40 sanctorum,
1540 2204 81 40 qui
1586 2204 58 40 a
1609 2204 116 40 seculo
1691 2204 128 40 fuerunt
1772 2204 128 40 Propheta.

1077 2236 84 35 rum
1125 2236 132 35 suorum;
1221 2236 96 35 Fore
1281 2236 72 35 ut
1317 2236 84 35 nos
1365 2236 144 35 servaret
1473 2236 72 35 ab
1508 2236 144 35 inimicis
1616 2236 132 35 nostris
1712 2236 60 35 &
1736 2236 60 35 e
1760 2236 96 35 manu
1808 2236 96 35 omnium

1087 2268 84 36 qui
1135 2268 132 36 oderunt
1231 2268 96 36 nos.
1291 2268 120 36 Psalm.
1374 2268 84 36 40.
1422 2268 108 36 vers.
1494 2268 72 36 4.
1530 2268 132 36 Indidit
1626 2268 84 36 ori
1674 2268 84 36 meo
1721 2268 144 36 canticum
1817 2268 96 36 novum,

1092 2305 168 34 audationem
1224 2305 84 34 Deo
1272 2305 132 34 nostro.
1369 2305 96 34 Rom.
1429 2305 84 34 10.
1477 2305 72 34 v.
1513 2305 72 34 8,
1549 2305 72 34 9,
1585 2305 84 34 10.
1633 2305 108 34 Prope
1705 2305 72 34 te
1742 2305 120 34 verbum
1826 2305 84 34 est
1862 2305 48 34 in

1093 2335 81 36 pre
1140 2335 81 36 tuo
1186 2335 58 36 &
1210 2335 70 36 in
1245 2335 105 36 corde
1314 2335 93 36 tuo.
1373 2335 81 36 Hoc
1419 2335 81 36 est
1466 2335 116 36 verbum
1547 2335 105 36 illud
1617 2335 116 36 fidei,
1699 2335 93 36 quod
1745 2335 163 36 praedicamus.

1089 2366 97 41 Quod
1149 2366 72 41 si
1186 2366 157 41 agnoveris
1306 2366 85 41 ore
1355 2366 85 41 tuo
1403 2366 133 41 Dominum
1500 2366 121 41 Iesum,
1584 2366 60 41 &
1608 2366 169 41 credideris
1741 2366 72 41 in
1777 2366 109 41 corde
1838 2366 60 41 tuo

1085 2401 93 41 quod
1144 2401 93 41 Deus
1202 2401 82 41 eum
1249 2401 152 41 excitavit
1366 2401 58 41 a
1389 2401 140 41 mortuis,
1494 2401 175 41 servaberis.
1634 2401 105 41 Corde
1704 2401 93 41 enim
1763 2401 140 41 creditur
1856 2401 47 41 ac

1080 2436 155 39 iustitiam,
1202 2436 77 39 ore
1246 2436 100 39 autem
1312 2436 144 39 confessio
1423 2436 77 39 sit
1467 2436 66 39 ad
1489 2436 100 39 salutem

1129 2468 92 41 Quid
1186 2468 103 41 autem
1255 2468 115 41 loquar
1335 2468 69 41 de
1370 2468 92 41 oris
1427 2468 126 41 osculo,
1519 2468 92 41 quod
1576 2468 149 41 pietatis,
1691 2468 172 41 charitatis,
1817 2468 92 41 subje-

1089 2501 139 40 ctionis,
1194 2501 198 40 reconciliatae
1357 2501 139 40 gratiae,
1461 2501 58 40 &
1485 2501 198 40 valedictionis
1647 2501 81 40 est
1694 2501 139 40 symbolum
1798 2501 58 40 &
1810 2501 93 40 pignus

1095 2535 69 36 De
1130 2535 139 36 pietatis
1234 2535 116 36 osculo
1315 2535 81 36 ait
1362 2535 104 36 David
1431 2535 104 36 Psal.
1501 2535 69 36 2.
1535 2535 69 36 v.
1570 2535 81 36 12.
1617 2535 162 36 Osculamini
1744 2535 116 36 Filium
1825 2535 69 36 ut
1848 2535 58 36 non

1090 2570 158 41 trascatur,
1214 2570 57 41 &
1237 2570 136 41 pereatis
1339 2570 68 41 in
1373 2570 91 41 via,
1429 2570 91 41 quum
1486 2570 147 41 exarserit
1599 2570 79 41 vel
1644 2570 125 41 minimum
1735 2570 79 41 ira
1780 2570 102 41 eias:
1837 2570 79 41 beati

1086 2601 104 39 omnes
1156 2601 81 39 qui
1202 2601 69 39 se
1236 2601 150 39 recipiunt
1351 2601 69 39 ad
1386 2601 92 39 eum.
1443 2601 69 39 De
1478 2601 127 39 muliere
1570 2601 92 39 illa
1628 2601 161 39 peccatrice
1754 2601 127 39 dicitur
1835 2601 69 39 Luc-

1090 2636 67 52 7.
1123 2636 78 52 38.
1168 2636 190 52 deosculabatur
1324 2636 101 52 pedes
1391 2636 89 52 Iesu
1447 2636 56 52 &
1470 2636 134 52 unguento
1570 2636 134 52 ungebat.
1671 2636 67 52 Et
1704 2636 67 52 v.
1738 2636 78 52 45,
1782 2636 67 52 ex
1816 2636 78 52 quo
1849 2636 56 52 in-

1084 2671 108 46 gressa
1160 2671 86 46 est,
1214 2671 76 46 non
1257 2671 151 46 intermisit
1376 2671 151 46 deosculari
1494 2671 97 46 pedes
1548 2671 76 46 meos.

1130 2699 65 40 De
1163 2699 108 40 osculo
1239 2699 152 40 charitatis
1358 2699 119 40 legitur
1445 2699 98 40 Cant.
1510 2699 65 40 1.
1542 2699 65 40 v.
1575 2699 65 40 1.
1607 2699 76 40 ubi
1651 2699 130 40 Ecclesia
1748 2699 130 40 flagrans
1835 2699 65 40 amo-

1093 2732 69 43 re
1127 2732 126 43 Christi
1218 2732 91 43 ait;
1275 2732 149 43 Osculetur
1390 2732 69 43 me
1424 2732 126 43 osculis
1515 2732 91 43 oris
1573 2732 91 43 sui:
1630 2732 80 43 nam
1675 2732 91 43 sunt
1733 2732 114 43 amores
1813 2732 80 43 tui
1847 2732 57 43 me-

1091 2767 111 38 liores
1169 2767 100 38 vino.
1235 2767 133 38 Josephus
1335 2767 155 38 patriaecha
1457 2767 89 38 Gen.
1513 2767 78 38 45.
1557 2767 67 38 v.
1590 2767 78 38 15.
1635 2767 144 38 osculatus
1746 2767 78 38 est
1790 2767 100 38 omnes
1845 2767 67 38 fra-

1097 2806 88 31 pres
1152 2806 88 31 suos
1208 2806 66 31 ac
1241 2806 111 31 flebat
1318 2806 100 31 super
1384 2806 88 31 eos.
1440 2806 88 31 Idem
1495 2806 77 31 Gen
1539 2806 77 31 50.
1583 2806 66 31 v.
1617 2806 66 31 1.
1650 2806 100 31 ruens
1716 2806 100 31 super
1782 2806 111 31 faciem
1849 2806 55 31 pa-

1101 2841 73 38 ris
1142 2841 73 38 sui
1184 2841 104 38 flivit
1257 2841 94 38 super
1320 2841 83 38 eum,
1372 2841 52 38 &
1393 2841 136 38 osculatus
1497 2841 73 38 est
1539 2841 83 38 eum.
1591 2841 115 38 Fideles
1674 2841 83 38 Act.
1727 2841 73 38 10.
1768 2841 52 38 v
1789 2841 73 38 37.
1821 2841 83 38 ruente

1087 2868 70 37 in
1122 2868 116 37 collum
1203 2868 104 37 Pauli
1273 2868 209 37 deosculabantur
1447 2868 93 37 eum.
1505 2868 93 37 Ideo
1562 2868 70 37 ad
1597 2868 116 37 amoris
1678 2868 197 37 declarationem
1829 2868 81 37 prae-

1094 2904 102 36 cipit
1162 2904 113 36 Paulus
1241 2904 125 36 osculum
1331 2904 125 36 sanctum
1422 2904 91 36 Rom.
1479 2904 79 36 16.
1524 2904 68 36 v.
1558 2904 79 36 16.
1603 2904 136 36 Salutate
1705 2904 91 36 alii
1762 2904 102 36 alios
1818 2904 91 36 osculo

1094 2937 117 36 sancto,
1180 2937 75 36 hoc
1222 2937 85 36 est,
1275 2937 85 36 quod
1329 2937 64 36 ab
1361 2937 96 36 animo
1425 2937 181 36 proficiscitur
1574 2937 117 36 sanctae
1659 2937 107 36 illius
1734 2937 149 36 charitatis
1840 2937 64 36 ple-

1090 2975 97 32 no.
1145 2975 97 32 Hoc
1201 2975 124 32 autem
1284 2975 194 32 referendum
1436 2975 97 32 est
1491 2975 83 32 ad
1533 2975 124 32 morem
1616 2975 180 32 populorum
1754 2975 69 32 &
1768 2975 138 32 nationum

1090 3002 133 51 illarum
1187 3002 97 51 quae
1247 3002 72 51 in
1283 3002 157 51 salutando
1404 3002 97 51 sese
1464 3002 109 51 mutuo
1537 3002 181 51 osculantur.
1682 3002 85 51 Hoc
1730 3002 97 51 idem
1778 3002 133 51 repetitur

1099 3039 66 39 1.
1132 3039 88 39 Cor.
1187 3039 77 39 16.
1230 3039 55 39 v
1252 3039 77 39 20.
1296 3039 66 39 2.
1329 3039 88 39 Cor.
1384 3039 77 39 13.
1427 3039 66 39 v.
1460 3039 66 39 12
1493 3039 66 39 1.
1526 3039 109 39 Thess.
1603 3039 66 39 5.
1635 3039 66 39 v.
1668 3039 77 39 25.
1712 3039 66 39 1.
1745 3039 88 39 Pet.
1800 3039 66 39 5.
1832 3039 66 39 v.
1854 3039 55 39 24.

1095 3066 174 47 Osculantur
1232 3066 75 47 se
1269 3066 62 47 &
1294 3066 162 47 columbae.
1418 3066 87 47 Sed
1468 3066 100 47 quid
1530 3066 87 47 hoc
1580 3066 75 47 ad
1618 3066 125 47 humani
1705 3066 125 47 osculi
1779 3066 125 47 venusta-

1091 3106 97 50 tem,
1152 3106 85 50 quo
1200 3106 158 50 amicitiae
1321 3106 134 50 insigne
1419 3106 182 50 humanitatis
1564 3106 85 50 que
1613 3106 182 50 praefulget,
1758 3106 73 50 in
1795 3106 85 50 quo
1831 3106 73 50 ple-

1093 3138 87 37 nae
1142 3138 175 37 charitatis
1280 3138 137 37 fidelis
1379 3138 175 37 exprimitur
1516 3138 162 37 affectus?
1641 3138 100 37 Unde
1704 3138 62 37 &
1728 3138 150 37 Dominus,
1828 3138 75 37 vela

1088 3172 77 47 ut
1127 3172 155 47 prodigii
1243 3172 116 47 genus
1320 3172 77 47 in
1359 3172 168 47 proditore
1488 3172 181 47 condemnans
1630 3172 103 47 ait:
1695 3172 116 47 Iuda,
1772 3172 129 47 osculo
1849 3172 65 47 Fi-

1089 3199 105 47 lium
1155 3199 145 47 hominis
1260 3199 145 47 tradis?
1365 3199 92 47 Hoc
1418 3199 105 47 est,
1483 3199 184 47 charitatis
1628 3199 145 47 insigne
1733 3199 171 47 convertis
1851 3199 53 47 in

1092 3237 129 41 signum
1182 3237 193 41 proditionis
1337 3237 64 41 &
1363 3237 219 41 infidelitatis
1543 3237 168 41 indicium?
1672 3237 116 41 pacis
1749 3237 90 41 hoc
1788 3237 116 41 pignore
