2063 3436
237 165 106 44 Maior
308 165 166 44 certissima
438 165 95 44 est:
497 165 83 44 nam
545 165 71 44 ab
580 165 154 44 inferiori
698 165 166 44 testimonio
829 165 83 44 non
876 165 118 44 pendet
947 165 59 44 au-

210 205 128 35 toritas
303 205 174 35 superioris.
443 205 105 35 Minor
513 205 105 35 etiam
583 205 151 35 verissima
699 205 93 35 est,
757 205 93 35 quia
815 205 140 35 Ecclesia
908 205 105 35 jubetur

211 239 156 38 Scripturis
333 239 145 38 adhaerere
445 239 111 38 eisque
522 239 178 38 obtemperate,
667 239 134 38 Ecclesia
767 239 67 38 ad
801 239 156 38 Scripturas
923 239 78 38 est
956 239 45 38 al

215 268 115 42 ligata
295 268 57 42 &
318 268 138 42 obligata
421 268 57 42 a
444 268 80 42 Deo
490 268 126 42 Deuter.
582 268 69 42 4.
617 268 69 42 v.
651 268 69 42 1.
686 268 92 42 Nunc
743 268 92 42 ergo
801 268 126 42 Israel,
893 268 126 42 attende
973 268 46 42 ad

213 307 115 35 statuta
296 307 146 35 iudiciaque
411 307 84 35 illa
463 307 84 35 quae
516 307 73 35 ego
557 307 94 35 doceo
620 307 73 35 vos
662 307 115 35 facere,
745 307 52 35 &
766 307 63 35 v.
798 307 63 35 2.
829 307 63 35 Ne
860 307 104 35 uddite
933 307 63 35 ad
954 307 63 35 ver-

213 341 71 40 bum
253 341 91 40 illud
314 341 81 40 quod
364 341 71 40 ego
405 341 131 40 praecipio
506 341 101 40 vobis,
577 341 91 40 neque
637 341 131 40 detrahite
738 341 61 40 de
769 341 71 40 eo,
809 341 61 40 ut
839 341 121 40 servetis
920 341 91 40 praece-

211 371 73 41 pte
252 371 115 41 Iehovae
336 371 73 41 Dei
378 371 105 41 vestri
451 371 84 41 quae
503 371 73 41 ego
545 371 136 41 praecipio
650 371 105 41 vobis.
723 371 84 41 Jes.
775 371 63 41 8.
807 371 63 41 v.
838 371 73 41 20.
880 371 63 41 Ad
911 371 94 41 Legem
964 371 52 41 &ad

223 408 176 36 testimonium:
366 408 66 36 si
399 408 88 36 quis
453 408 77 36 non
497 408 121 36 locutus
585 408 110 36 fuerit
662 408 197 36 secundumverbum
826 408 88 36 hoc,
881 408 77 36 non
925 408 88 36 erit
969 408 44 36 e-

215 444 131 35 matutina
313 444 87 35 lux,
368 444 77 35 hnc
412 444 87 35 est,
466 444 98 35 lucis
532 444 153 35 scintilla.
652 444 109 35 Ezech.
729 444 77 35 20.
773 444 66 35 v.
805 444 77 35 19.
849 444 77 35 Ego
893 444 77 35 sum
926 444 87 35 Iehova

212 467 91 39 Deus
268 467 125 39 vester,
359 467 68 39 in
393 467 136 39 statutis
495 467 91 39 meis
552 467 147 39 ambulate,
665 467 57 39 &
688 467 91 39 iura
745 467 79 39 mea
790 467 147 39 observate
903 467 68 39 ac
926 467 102 39 facite.

226 505 95 38 ipsa.
290 505 84 38 Luc.
342 505 74 38 16.
384 505 63 38 v.
416 505 74 38 29.
458 505 105 38 Habent
532 505 105 38 Mosen&
605 505 147 38 Prophetas,
721 505 116 38 audiant
805 505 84 38 eos.
858 505 84 38 Joh.
911 505 63 38 5.
942 505 63 38 v.
963 505 53 38 39.

227 541 152 35 Scrutamini
347 541 163 35 Scripturas.
477 541 65 35 1.
510 541 87 35 Tim.
564 541 65 35 4.
597 541 65 35 v.
629 541 76 35 13.
673 541 120 35 Attende
760 541 141 35 lectioni,
869 541 76 35 &c.
912 541 87 35 Hinc
956 541 54 35 pa-

222 569 82 37 tet
269 569 153 37 Ecclesiam
387 569 70 37 ad
422 569 164 37 Scripturam
551 569 117 37 Sacram
633 569 164 37 adstrictam
762 569 106 37 esse.
833 569 164 37 Subscribit
950 569 59 37 Au-

219 604 154 38 GUSTINUS
334 604 102 38 libo
398 604 154 38 undecimo
514 604 128 38 contra
603 604 141 38 Faustum
706 604 192 38 Manichaeum,
859 604 102 38 cap.
923 604 77 38 5.
962 604 77 38 Ex

224 641 148 33 cellentia
337 641 148 33 Canonicae
451 641 170 33 autoritatis
587 641 125 33 Veteris
678 641 57 33 &
701 641 216 33 NoviTestamenti,
871 641 148 33 Apostolorum

226 668 159 38 temporibus
351 668 91 38 fuit
408 668 171 38 confirmata,
544 668 57 38 &
567 668 80 38 per
612 668 182 38 successiones
760 668 171 38 Episcoporum
897 668 57 38 &
908 668 114 38 propaga-

220 706 109 44 tiones
296 706 174 44 Ecclesiarum,
437 706 119 44 tanquam
524 706 65 44 in
557 706 87 44 sede
611 706 152 44 sublimiter
731 706 152 44 collocata;
850 706 76 44 cui
894 706 119 44 serviat
970 706 43 44 o-

231 733 83 47 mnis
282 733 114 47 fidelis
365 733 52 47 &
386 733 83 47 pius
427 733 145 47 intellectus.

262 759 165 44 RESPONDET
389 759 191 44 Stapletonus
542 759 89 44 per
593 759 229 44 distinctionem;
783 759 178 44 Scripturae
911 759 114 44 subiici

229 798 159 42 Ecclesiam,
354 798 68 42 ut
388 798 91 42 haec
445 798 159 42 significat
570 798 114 42 corpus
650 798 80 42 seu
695 798 182 42 multitudinem
843 798 137 42 fidelum;
945 798 80 42 sed
979 798 46 42 ut

233 833 150 43 signisicat
351 833 140 43 Pastores,
459 833 140 43 praesules
566 833 64 43 ac
598 833 150 43 praelatos,
717 833 75 43 non
760 833 129 43 subjici,
856 833 86 43 quia
910 833 86 43 illi
953 833 75 43 judi-

232 875 91 38 cent
289 875 69 38 de
323 875 148 38 Scriptura
437 875 80 38 non
483 875 148 38 acceptata
597 875 69 38 ut
620 875 137 38 acceptetur

263 903 146 40 REPLICO
369 903 159 40 adversus
488 903 119 40 datam
568 903 199 40 exceptionem
727 903 66 40 &
754 903 106 40 nego
820 903 146 40 Minorem
913 903 106 40 propo-

238 927 140 43 sitionem
343 927 105 43 recte
413 927 151 43 restringi
530 927 70 43 ad
565 927 117 43 corpus
646 927 82 43 seu
693 927 186 43 multitudinem
844 927 151 43 fidelium:
949 927 70 43 quid

235 968 81 40 non
282 968 105 40 minus
352 968 70 40 ad
386 968 151 40 Pastores,
502 968 151 40 Praesules
619 968 70 40 ac
653 968 151 40 Praelatos
770 968 139 40 pertinet
874 968 105 40 illud
932 968 93 40 manda-

228 1005 98 32 tum,
289 1005 122 32 Habent
375 1005 122 32 Mosen&
460 1005 171 32 Prophetas,
595 1005 135 32 audiant
693 1005 122 32 illos;
778 1005 98 32 quam
839 1005 73 32 ad
864 1005 171 32 multitudinem

239 1034 130 37 fidelium
337 1034 130 37 aliorum.
435 1034 76 37 Imo
478 1034 141 37 praecipue
587 1034 130 37 Pastores
685 1034 54 37 &
707 1034 141 37 Praesules
815 1034 141 37 Ecclesiae
924 1034 65 37 ad
946 1034 76 37 Scri-

235 1069 110 42 pturam
312 1069 88 42 sunt
367 1069 132 42 alligati
465 1069 66 42 ac
498 1069 121 42 proinde
586 1069 66 42 ei
619 1069 143 42 subjecti,
729 1069 132 42 secundum
828 1069 99 42 illud
893 1069 99 42 Jesa.
959 1069 66 42 8.
981 1069 44 42 Ac

239 1101 101 39 Legem
306 1101 56 39 &
328 1101 67 39 ad
362 1101 179 39 testimonium:
508 1101 67 39 Si
541 1101 90 39 quis
597 1101 78 39 non
642 1101 123 39 dixerit
732 1101 101 39 iuxta
799 1101 112 39 verbum
877 1101 90 39 hoc,
933 1101 78 39 non
967 1101 67 39 erit

238 1135 63 41 ei
270 1135 127 41 matutina
365 1135 84 41 lux.
418 1135 63 41 Et
449 1135 63 41 2.
481 1135 84 41 Tim.
534 1135 63 41 3.
565 1135 53 41 v
587 1135 74 41 14.
629 1135 53 41 &
650 1135 95 41 seqq.
713 1135 63 41 At
745 1135 63 41 tu
776 1135 105 41 maneto
850 1135 63 41 in
882 1135 74 41 iis
924 1135 84 41 quae
966 1135 53 41 di-

237 1173 111 38 dicisti
317 1173 50 38 &
337 1173 80 38 quae
388 1173 80 38 tibi
438 1173 141 38 concredita
549 1173 90 38 sunt,
609 1173 101 38 sciens
679 1173 50 38 a
699 1173 70 38 quo
740 1173 141 38 didiceris:
850 1173 90 38 Teque
910 1173 50 38 a
930 1173 90 38 puero
981 1173 50 38 Sa-

242 1201 85 42 cras
295 1201 116 42 literas
380 1201 116 42 novisse
465 1201 63 42 te
496 1201 116 42 possunt
581 1201 137 42 sapientem
687 1201 116 42 reddere
771 1201 63 42 ad
803 1201 116 42 salutem
888 1201 85 42 quae
940 1201 74 42 per
972 1201 53 42 fid

242 1237 65 34 in
275 1237 119 34 Christo
361 1237 98 34 Iesu.
427 1237 87 34 Tota
481 1237 141 34 Scriptura
589 1237 76 34 est
633 1237 152 34 diuvinitus
752 1237 141 34 inspirata
860 1237 54 34 &
882 1237 108 34 utilis
958 1237 65 34 ad
980 1237 54 34 do-

240 1265 130 36 ctrinam,
338 1265 65 36 ad
370 1265 195 36 redargutionem,
533 1265 65 36 ad
565 1265 184 36 correctionem,
717 1265 65 36 ad
749 1265 184 36 institutionem
901 1265 87 36 quae
955 1265 76 36 est
988 1265 43 36 in

241 1300 144 34 iustitia,
352 1300 66 34 ut
385 1300 144 34 perfectus
495 1300 77 34 sit
539 1300 88 34 homo
595 1300 77 34 Dei
639 1300 66 34 ad
672 1300 88 34 omne
727 1300 88 34 opus
783 1300 100 34 bonum
849 1300 133 34 perfecte
937 1300 100 34 instru-

240 1333 107 39 ctus.
311 1333 95 39 Haec
370 1333 154 39 admonitio
489 1333 71 39 ad
524 1333 154 39 Timotheum
643 1333 166 39 spectabat,
773 1333 83 39 qui
820 1333 95 39 homo
879 1333 95 39 Dei,
938 1333 71 39 id
962 1333 71 39 est.

244 1373 112 35 praeco
322 1373 56 35 &
345 1373 146 35 interpres
457 1373 101 35 verbi
524 1373 90 35 Dei,
580 1373 78 35 qui
625 1373 112 35 Pastor
703 1373 56 35 &
726 1373 123 35 Praesul
815 1373 146 35 Ecclesiae
927 1373 78 35 Dei
961 1373 67 35 erat

235 1401 70 36 ac
270 1401 129 36 proinde
364 1401 70 36 ad
399 1401 105 36 alios
469 1401 105 36 etiam
539 1401 129 36 homines
633 1401 93 36 Dei,
691 1401 82 36 hoc
738 1401 93 36 est,
796 1401 140 36 Pastores
901 1401 58 36 &
913 1401 117 36 Praesule

249 1432 145 39 Ecclesiae
361 1432 89 39 pert
416 1432 89 39 net.
472 1432 89 39 Quin
528 1432 56 39 &
551 1432 89 39 ipse
606 1432 145 39 Apostolus
718 1432 112 39 Paulus
796 1432 89 39 Act.
852 1432 78 39 24.
897 1432 78 39 14.
930 1432 101 39 profite

237 1468 93 32 tur,
296 1468 70 32 se
331 1468 140 32 secundum
436 1468 82 32 vam
482 1468 117 32 illam,
564 1468 93 32 quam
622 1468 140 32 haeresin
728 1468 117 32 dicunt
809 1468 140 32 (inimici
914 1468 105 32 nempe
973 1468 58 32 ve-

242 1499 72 39 rae
283 1499 165 39 religionis,)
417 1499 72 39 ita
458 1499 113 39 servire
540 1499 103 39 patrio
612 1499 82 39 Deo,
664 1499 62 39 ut
694 1499 72 39 qui
736 1499 103 39 credat
808 1499 113 39 omnibus
890 1499 82 39 quae
941 1499 62 39 in
962 1499 72 39 Legi,

248 1535 52 39 &
268 1535 63 39 in
300 1535 136 39 Prophetis
404 1535 115 39 scripta
487 1535 94 39 sunt.
550 1535 63 39 Et
581 1535 83 39 Act.
633 1535 73 39 26.
675 1535 63 39 v.
706 1535 73 39 22.
748 1535 83 39 ait,
800 1535 63 39 se
831 1535 73 39 non
873 1535 115 39 dixisse
946 1535 94 39 quicqua

242 1566 102 35 extra
310 1566 68 35 ea
344 1566 91 35 quae
400 1566 147 35 Prophetae
514 1566 68 35 ac
548 1566 102 35 Moses
616 1566 113 35 futura
695 1566 193 35 praedixerunt.
854 1566 68 35 Et
888 1566 113 35 Petrus
956 1566 68 35 Apo-

242 1594 109 42 stolus
319 1594 66 42 2.
352 1594 99 42 epist
417 1594 66 42 1.
450 1594 99 42 v.19.
516 1594 131 42 Habemus,
614 1594 120 42 inquit,
702 1594 142 42 firmiorem
811 1594 120 42 sermone
888 1594 153 42 Propheticum,

248 1630 94 40 Quum
307 1630 118 40 dicit,
389 1630 141 40 Habemus,
495 1630 82 40 tam
542 1630 82 40 se&
589 1630 106 40 alios
660 1630 153 40 Apostolos
777 1630 106 40 atque
848 1630 141 40 Doctores
942 1630 94 40 Eccle-

244 1663 102 35 siae,
312 1663 91 35 quam
368 1663 102 35 alios
436 1663 125 35 fideles
527 1663 170 35 intelligit.
663 1663 136 35 Habebant
765 1663 91 35 enim
822 1663 136 35 Apostoli
924 1663 91 35 ipsi
969 1663 68 35 Pro-

247 1696 115 41 phetas
327 1696 126 41 tanquam
419 1696 138 41 patronos
522 1696 149 41 doctrinae
637 1696 103 41 suae:
706 1696 149 41 propterea
821 1696 103 41 illam
890 1696 69 41 ex
913 1696 115 41 testimo-

246 1731 95 35 niis
305 1731 178 35 Prophetarum
448 1731 201 35 confirmabant,
613 1731 71 35 ut
649 1731 71 35 ex
685 1731 107 35 Actis
756 1731 59 35 &
779 1731 154 35 Epistolis
886 1731 154 35 Apostolicis

256 1764 108 35 patet.
332 1764 76 35 Jam
375 1764 65 35 si
408 1764 130 35 Apostoli
505 1764 119 35 ipsimet
592 1764 152 35 Scripturae
711 1764 108 35 Sacrae
787 1764 130 35 subjecti
884 1764 130 35 fuerunt:
971 1764 54 35 mu-

252 1793 64 38 to
284 1793 96 38 magis
348 1793 85 38 alii
401 1793 138 38 Pastores,
507 1793 138 38 Praesules
614 1793 53 38 &
635 1793 138 38 Praelati,
741 1793 128 38 subjecti
837 1793 85 38 sunt
890 1793 74 38 aut
933 1793 96 38 certe
986 1793 53 38 es-

244 1828 70 42 se
279 1828 128 42 debent.
372 1828 116 42 Contra
453 1828 128 42 videmus
546 1828 128 42 quantum
639 1828 93 42 sibi
697 1828 151 42 Praesules
813 1828 163 42 Pontificii
941 1828 116 42 sumant

247 1867 78 47 qui
291 1867 155 47 Scripturae
413 1867 111 47 Sacrae
491 1867 133 47 subjecti
591 1867 89 47 esse
646 1867 122 47 nolunt,
735 1867 78 47 sed
779 1867 78 47 eam
823 1867 89 47 sibi
879 1867 144 47 subjicere
978 1867 67 47 con

239 1895 118 36 tendunt.

286 1920 81 47 Sad
333 1920 139 47 videamus
437 1920 151 47 rationem,
554 1920 81 47 qua
600 1920 174 47 Stapletonus
740 1920 163 47 confirmare
867 1920 139 47 nititur,
972 1920 81 47 Ec

253 1961 118 33 clesiam
339 1961 64 33 ut
371 1961 150 33 significat
489 1961 129 33 Pastores
586 1961 64 33 ac
618 1961 150 33 Praefules,
736 1961 75 33 non
779 1961 118 33 subjici
865 1961 107 33 Sacrae
930 1961 107 33 Scriptu-

249 1996 83 52 rae;
300 1996 93 52 quia,
362 1996 114 52 inquit,
445 1996 124 52 Pastores
538 1996 52 52 &
559 1996 135 52 Praesules
663 1996 135 52 Ecclesiae
766 1996 124 52 judicant
859 1996 62 52 de
890 1996 135 52 Scriptura
983 1996 52 52 non

246 2026 136 38 acceptata
350 2026 63 38 ut
382 2026 157 38 acceptetur.

276 2061 69 44 At
311 2061 104 44 ratio
381 2061 93 44 ista
438 2061 104 44 falsa
508 2061 93 44 est:
566 2061 81 44 nam
612 2061 150 44 Scriptura
727 2061 104 44 Sacra
797 2061 81 44 jam
843 2061 162 44 temporibus
959 2061 69 44 Apo-

246 2083 144 45 stolorum
354 2083 84 45 est
402 2083 168 45 confirmata
533 2083 60 45 &
557 2083 72 45 ab
593 2083 132 45 omnibus
689 2083 96 45 vore
749 2083 156 45 fidelibus
868 2083 120 45 semper
940 2083 84 45 acce-

245 2127 111 39 ptata,
322 2127 122 39 Judicio
411 2127 89 39 ergo
466 2127 89 39 tali
522 2127 66 39 de
555 2127 144 39 Scriptura
666 2127 78 39 non
710 2127 78 39 est
754 2127 122 39 amplius
843 2127 100 39 opus,
909 2127 78 39 sed
942 2127 89 39 potius

243 2161 144 36 secundum
351 2161 168 36 Scripturam
483 2161 84 36 est
531 2161 72 36 de
567 2161 132 36 omnibus
664 2161 168 36 dogmatibus
796 2161 216 36 Ecclesiasticis
964 2161 60 36 ju-

237 2195 153 44 dicandum
352 2195 128 44 Sicuti
441 2195 115 44 enim,
518 2195 153 44 postquam
633 2195 140 44 publica
735 2195 179 44 autoritate
875 2195 115 44 summi
939 2195 89 44 Magi-

239 2224 110 41 stratus
319 2224 120 41 politice
409 2224 90 41 leges
468 2224 90 41 latae
528 2224 50 41 &
548 2224 150 41 confirmatae
668 2224 90 41 sunt,
728 2224 60 41 ut
758 2224 60 41 ex
788 2224 90 41 illis
847 2224 90 41 lites
907 2224 150 41 decidantur;

240 2259 71 41 non
281 2259 92 41 licet
342 2259 92 41 ulli,
403 2259 61 41 ne
433 2259 102 41 judici
505 2259 112 41 quidem,
586 2259 61 41 de
617 2259 92 41 ipsis
678 2259 132 41 judicare,
779 2259 71 41 sed
820 2259 61 41 ex
851 2259 92 41 illis
912 2259 92 41 lites
963 2259 71 41 deci-

243 2291 91 40 dere
300 2291 137 40 tenetur:
402 2291 80 40 ita
448 2291 137 40 postquam
550 2291 159 40 autoritate
675 2291 80 40 Dei
721 2291 159 40 Scripturae
846 2291 125 40 divinae
926 2291 102 40 promula

248 2328 95 38 gatae
312 2328 95 38 atque
375 2328 137 38 Ecclesiae
481 2328 127 38 traditae
576 2328 85 38 sunt
629 2328 63 38 ut
661 2328 74 38 eas
703 2328 137 38 sequatur;
809 2328 74 38 non
851 2328 85 38 sunt
904 2328 95 38 illae
957 2328 74 38 huma-

238 2365 66 34 no
271 2365 121 34 judicio
359 2365 154 34 subjectae,
479 2365 99 34 neque
545 2365 77 34 fas
589 2365 77 34 est
633 2365 121 34 cuiquam
721 2365 66 34 de
754 2365 99 34 illis
820 2365 143 34 judicare.
918 2365 110 34 Breviter

248 2392 144 42 Scriptura
359 2392 100 42 Sacra
425 2392 55 42 a
447 2392 77 42 Deo
491 2392 77 42 est
535 2392 144 42 Ecclesiae
646 2392 88 42 data
701 2392 66 42 ut
734 2392 100 42 esset
801 2392 100 42 fidei
867 2392 55 42 &
889 2392 122 42 bonorum
967 2392 66 42 ope-

248 2423 88 44 rum
299 2423 125 44 norma:
386 2423 100 44 Ergo
449 2423 75 44 de
487 2423 100 44 illa
549 2423 75 44 ab
587 2423 163 44 hominibus
712 2423 88 44 non
763 2423 88 44 est
813 2423 113 44 demum
876 2423 150 44 judicandum

244 2458 70 45 ut
279 2458 174 45 acceptetur,
418 2458 81 45 sed
465 2458 70 45 ei
500 2458 104 45 omnes
569 2458 70 45 se
604 2458 151 45 subjicere
720 2458 58 45 &
743 2458 139 45 secundum
847 2458 104 45 illam
917 2458 104 45 omnia
975 2458 58 45 ju-

252 2487 119 46 dicare
335 2487 130 46 debent:
430 2487 107 46 Sicut
501 2487 59 46 &
525 2487 166 46 Augustinus
655 2487 83 46 ait
703 2487 130 46 septimo
798 2487 107 46 tomo,
869 2487 107 46 libro
928 2487 107 46 secundo

237 2523 132 41 contra
329 2523 185 41 Cresconium
475 2523 212 41 Grammaticum,
647 2523 132 41 capite
739 2523 251 41 trigesimoprimo:
937 2523 93 41 Canor

248 2554 204 41 Ecclesiasticus
417 2554 170 41 constitutus
553 2554 90 41 est,
610 2554 68 41 ad
644 2554 90 41 quem
700 2554 102 41 certi
768 2554 170 41 Prophetarum
904 2554 57 41 &
915 2554 113 41 Apostolo

243 2589 83 39 rum
291 2589 107 39 libri
362 2589 166 39 pertinent,
493 2589 95 39 quos
552 2589 119 39 omnino
635 2589 143 39 judicare
742 2589 83 39 non
790 2589 154 39 audeamus,
908 2589 59 39 &
920 2589 119 39 secundum

248 2621 81 42 quos
298 2621 61 42 de
329 2621 121 42 caeteris
420 2621 111 42 literis
501 2621 71 42 vel
541 2621 152 42 fideliumvel
663 2621 142 42 infidelium
774 2621 101 42 libere
845 2621 142 42 judicemus.
956 2621 61 42 Si
976 2621 51 42 au-

239 2657 83 36 tem
286 2657 106 36 demum
357 2657 71 36 de
393 2657 153 36 Scriptura
511 2657 118 36 debeat
593 2657 142 36 Ecclesia
700 2657 142 36 judicare
806 2657 71 36 ut
841 2657 177 36 acceptetur,
971 2657 71 36 con-

240 2689 172 40 tumeliosum
375 2689 74 40 id
412 2689 98 40 erit
473 2689 172 40 Soripturae
609 2689 135 40 Sacrae,
707 2689 209 40 contumeliosum
879 2689 86 40 Deo
916 2689 123 40 Scriptu-

244 2717 75 37 rae
287 2717 108 37 Sacrae
352 2717 97 37 autori.

282 2752 150 42 DUILICAT
395 2752 188 42 Stapletonus
545 2752 63 42 &
570 2752 100 42 ait;
633 2752 75 42 id
670 2752 88 42 non
720 2752 100 42 esse
783 2752 213 42 contumeliosum
945 2752 88 42 Scri-

252 2786 109 41 pture,
328 2786 142 41 utiturque
438 2786 87 41 tali
492 2786 153 41 argumento;
612 2786 65 41 Si
645 2786 76 41 non
689 2786 76 41 est
732 2786 186 41 contumeliesum
885 2786 131 41 Spiritur
972 2786 55 41 Sam

247 2821 86 39 cto,
301 2821 65 39 si
334 2821 65 39 ad
366 2821 151 39 Scripturam
485 2821 162 39 examixetur;
615 2821 76 39 tum
658 2821 76 39 nec
701 2821 151 39 Scripturae
820 2821 108 39 Saorae
896 2821 76 39 est
928 2821 108 39 contume-

248 2846 75 41 li.
291 2846 86 41 sum,
345 2846 65 41 si
377 2846 65 41 ex
410 2846 86 41 voce
463 2846 54 41 &
485 2846 151 41 testimonio
603 2846 140 41 Ecclesiae
711 2846 161 41 examinetur.
840 2846 151 41 Antecedens
947 2846 86 41 verum.

246 2885 104 42 est;.
316 2885 92 42 Ergo
373 2885 58 42 &
396 2885 173 42 consequens.
534 2885 138 42 Assumtum
638 2885 115 42 probat
719 2885 69 42 ex
753 2885 161 42 testimonio
880 2885 138 42 Johannis
972 2885 69 42 Cal-

247 2920 100 38 vini,
314 2920 100 38 libro
380 2920 100 38 primo
447 2920 189 38 Institutionis
603 2920 167 38 Christianae
736 2920 167 38 religionis,
869 2920 89 38 cap.
925 2920 67 38 9.
958 2920 67 38 in
980 2920 56 38 quo

250 2943 137 51 Calvinus
352 2943 182 51 Enthusiastis
500 2943 159 51 respondens
625 2943 91 51 ait,
682 2943 137 51 Spiritui
784 2943 114 51 Sancto
864 2943 137 51 injuriam
955 2943 91 51 nullam

251 2976 113 41 fieri,
330 2976 79 41 cum
375 2976 68 41 ad
408 2976 158 41 Scripturam
521 2976 146 41 examinatur?

272 3013 195 45 TRIPLICATIO
428 3013 143 45 nostra.
532 3013 143 45 Connexa
636 3013 182 45 propositio
780 3013 91 45 est
832 3013 117 45 falsa
910 3013 143 45 propter

246 3037 127 55 lenchum
339 3037 139 55 falsorum
443 3037 127 55 parium:
535 3037 92 55 quia
593 3037 81 55 non
639 3037 81 55 est
685 3037 81 55 par
732 3037 104 55 ratio
801 3037 162 55 Scripturae
928 3037 116 55 Sacrae
997 3037 35 55 e

244 3076 156 54 Ecclesiae,
366 3076 89 54 quae
422 3076 78 54 est
466 3076 134 54 Spiritus
567 3076 111 54 Sancti
645 3076 56 54 &
667 3076 156 54 Scripturae
789 3076 122 54 Sacrae.
878 3076 78 54 Nam
912 3076 122 54 Scriptura

246 3112 121 53 Sacrae
330 3112 181 53 testimonium
475 3112 84 53 est
523 3112 133 53 ejusdem
620 3112 145 53 Spiritus
728 3112 121 53 Sancti
813 3112 181 53 testimonium
946 3112 96 53 publi-

245 3148 91 44 cum:
302 3148 91 44 ideo
359 3148 68 44 si
393 3148 68 44 ex
427 3148 91 44 illo
484 3148 137 44 privatum
587 3148 137 44 Spiritus
689 3148 114 44 Sancti
769 3148 171 44 testimonium
894 3148 137 44 examinetur

252 3181 127 54 nogerit
345 3181 69 54 id
380 3181 139 54 Spiritui
484 3181 116 54 Sancto
565 3181 208 54 contumeliosum,
738 3181 69 54 eo
773 3181 93 54 quod
831 3181 93 54 ipse
889 3181 93 54 sibi
946 3181 69 54 in
970 3181 69 54 exa

1046 148 97 54 mine
1106 148 97 54 illo
1167 148 182 54 comparetur.
1312 148 73 54 At
1348 148 157 54 Ecclesiae
1470 148 182 54 testimonium
1615 148 85 54 non
1663 148 85 54 est
1712 148 145 54 Spiritus
1808 148 73 54 San-

1061 194 100 43 cti,
1123 194 87 43 sed
1173 194 137 43 humanum
1272 194 162 43 duntaxat:
1397 194 87 43 nec
1447 194 100 43 enim
1509 194 150 43 Ecclesia
1621 194 150 43 loquitur
1733 194 75 43 ex
1758 194 125 43 immedia-

1054 230 72 45 ta
1090 230 193 45 inspiratione
1247 230 145 45 Spiritus
1355 230 120 45 Sancti
1439 230 169 45 Unaquaeque
1572 230 84 45 res
1620 230 181 45 denominatur
1765 230 60 45 a
1777 230 96 45 proxi-

1062 268 74 40 ma
1099 268 111 40 causa
1172 268 184 40 efficiente,
1320 268 86 40 non
1369 268 61 40 a
1393 268 135 40 remota.
1492 268 74 40 At
1529 268 172 40 testimonii
1664 268 160 40 Ecclesiae
1774 268 111 40 proxima

1053 302 115 42 causa
1130 302 103 42 sunt
1194 302 154 42 homines,
1309 302 90 42 non
1361 302 115 42 Deus:
1438 302 103 42 Ergo
1502 302 192 42 testimonium
1655 302 167 42 Ecclesiae
1784 302 90 42 est
1822 302 64 42 hu-

1058 335 147 41 manum,
1161 335 103 41 non
1206 335 133 41 divinum

1096 355 145 52 TERTIUM,
1205 355 109 52 Cujus
1278 355 121 52 tantum
1362 355 121 52 praeco
1447 355 85 52 est
1496 355 145 52 Ecclesia
1604 355 109 52 cujus
1677 355 170 52 ministerio
1798 355 85 52 prae-

1063 397 130 45 dicatur,
1160 397 86 45 ejus
1214 397 130 45 profecto
1312 397 140 45 autoritas
1420 397 54 45 a
1441 397 151 45 testimonio
1560 397 140 45 Ecclesiae
1668 397 97 45 nullo
1733 397 86 45 modo
1776 397 97 45 pendet:

1070 430 66 45 At
1103 430 154 45 Scripturae
1224 430 110 45 Sacrae
1301 430 110 45 tantum
1378 430 110 45 praeco
1455 430 77 45 est
1500 430 132 45 Ecclesia
1599 430 99 45 cujus
1665 430 154 45 ministerio
1775 430 99 45 praedi-

1054 465 117 46 catur.
1136 465 105 46 Ergo,
1195 465 58 46 &c.

1089 485 110 55 Major
1162 485 122 55 patet:
1247 485 85 55 Nam
1296 485 73 55 si
1333 485 61 55 a
1357 485 122 55 nuncii
1443 485 85 55 seu
1492 485 183 55 tabellionis
1638 485 171 55 testimonio
1772 485 85 55 non
1809 485 73 55 pen-

1066 532 83 43 det
1114 532 154 43 autoritas
1232 532 154 43 epistolae
1351 532 154 43 Principis
1470 532 142 43 terreni,
1576 532 107 43 multo
1648 532 107 43 minus
1719 532 154 43 autoritas
1826 532 59 43 Sa-

1069 571 89 36 crae
1124 571 167 36 Scripturae,
1258 571 89 36 quae
1313 571 78 36 est
1358 571 133 36 epistola
1458 571 144 36 Principis
1569 571 156 36 caelestis,
1691 571 56 36 &
1713 571 78 36 Dei
1747 571 133 36 omnipoten-

1066 602 87 36 tis
1115 602 75 36 ad
1153 602 87 36 nos
1203 602 150 36 homines,
1315 602 125 36 pendet
1402 602 62 36 a
1427 602 175 36 testimonio
1564 602 62 36 &
1589 602 137 36 judicio
1689 602 162 36 praeconis
1801 602 75 36 ejus

1060 637 109 38 Minor
1133 637 121 38 itidem
1218 637 109 38 certa
1291 637 97 38 est:
1351 637 85 38 nam
1400 637 146 38 Ecclesia
1509 637 85 38 est
1558 637 121 38 serva,
1643 637 85 38 est
1692 637 146 38 ministra
1801 637 85 38 Dei
1837 637 49 38 in

1069 666 189 44 unnuncianda
1208 666 138 44 Scriptura

1092 693 82 43 QUA
1139 693 105 43 RTUM,
1209 693 140 43 Quicquid
1315 693 82 43 est
1361 693 164 43 ,
1490 693 82 43 hoc
1537 693 94 43 est,
1595 693 82 43 cui
1642 693 140 43 creditur
1747 693 129 43 propter
1829 693 47 43 se

1094 730 64 40 is
1126 730 128 40 profecto
1222 730 139 40 autoritas
1329 730 96 40 nullo
1393 730 85 40 modo
1446 730 64 40 ab
1478 730 139 40 Ecclesiae
1585 730 117 40 iudicio
1671 730 53 40 &
1692 730 149 40 testimonio
1799 730 85 40 pedet:

1102 770 67 36 At
1135 770 146 36 Scriptura
1248 770 101 36 Sacra
1315 770 79 36 est
1360 770 157 36 ,
1484 770 79 36 hoc
1529 770 90 36 est,
1585 770 101 36 Sacra
1652 770 157 36 Scripturae
1765 770 112 36 creditur

1060 796 128 52 propter
1154 796 70 52 se
1189 796 117 52 ipsam.
1270 796 93 52 Ergo
1329 796 163 52 Scripturae
1457 796 117 52 Sacrae
1539 796 152 52 autoritas
1656 796 105 52 nullo
1726 796 93 52 modo
1784 796 117 52 pendet
1854 796 35 52 a

1066 830 121 53 judicio
1154 830 55 53 &
1176 830 154 53 testimonio
1285 830 132 53 Ecclesiae.

1100 861 71 44 De
1136 861 118 44 majore
1218 861 106 44 nulla
1289 861 83 44 est
1324 861 177 44 controversia.

1105 893 133 41 Minorem
1202 893 109 41 veram
1274 893 97 41 esse
1335 893 97 41 inde
1395 893 145 41 constat,
1504 893 97 41 quia
1565 893 157 41 Scriptura
1685 893 109 41 Sacra
1758 893 121 41 tantam
1831 893 48 41 in

1072 937 70 35 se
1107 937 82 35 vim
1154 937 117 35 habet,
1237 937 70 35 ut
1272 937 70 35 ad
1307 937 106 35 ipsam
1377 937 106 35 usque
1448 937 117 35 animam
1530 937 59 35 &
1553 937 70 35 ad
1589 937 129 35 intimos
1683 937 117 35 cordis
1753 937 129 35 recessus.

1080 974 139 37 penetret
1184 974 58 37 &
1207 974 115 37 mentes
1288 974 127 37 nostras
1381 974 69 37 ad
1415 974 69 37 se
1450 974 139 37 potenter
1554 974 127 37 rapiat,
1646 974 81 37 sic
1692 974 69 37 ut
1727 974 104 37 nobis
1785 974 92 37 penitu

1082 1001 170 36 persuadeat.
1218 1001 80 36 Hoc
1263 1001 125 36 experti
1354 1001 91 36 sunt
1411 1001 80 36 duo
1457 1001 91 36 illi
1513 1001 148 36 discipuli
1627 1001 136 36 Emauntem
1729 1001 125 36 euntes,
1820 1001 80 36 sic

1065 1031 69 38 ut
1100 1031 127 38 ipsemet
1192 1031 173 38 confitentur
1331 1031 92 38 Luc.
1388 1031 81 38 24.
1435 1031 81 38 32.
1481 1031 104 38 Nonne
1550 1031 81 38 cor
1596 1031 127 38 nostrum
1688 1031 127 38 ardebat
1781 1031 69 38 in
1804 1031 69 38 nobi

1076 1064 66 42 di
1109 1064 154 42 loqueretur
1230 1064 99 42 nobis
1296 1064 66 42 in
1329 1064 77 42 via
1373 1064 55 42 &
1395 1064 77 42 dum
1439 1064 154 42 adaperiret
1559 1064 99 42 nobis
1625 1064 165 42 Scripturas?
1757 1064 77 42 Hoc
1790 1064 88 42 testa-

1070 1107 79 36 tur
1115 1107 113 36 Paulus
1194 1107 102 36 Hebr.
1262 1107 68 36 4.
1296 1107 68 36 v.
1330 1107 79 36 12.
1375 1107 113 36 Verbum
1454 1107 79 36 Dei
1499 1107 102 36 vivum
1567 1107 79 36 est
1612 1107 56 36 &
1634 1107 124 36 efficax
1725 1107 56 36 &
1747 1107 113 36 quovis
1815 1107 68 36 gla-

1070 1137 75 35 dio
1113 1137 129 35 ancipiti
1210 1137 183 35 penetrantius,
1361 1137 65 35 ac
1393 1137 140 35 pertingit
1501 1137 97 35 usque
1565 1137 65 35 ad
1597 1137 140 35 divisione
1705 1137 108 35 animae
1780 1137 97 35 simul
1834 1137 43 35 a-

1081 1163 136 48 spiritus
1182 1163 158 48 copagumque
1307 1163 57 48 &
1329 1163 170 48 medullarum,
1465 1163 57 48 &
1488 1163 147 48 dijudicat
1601 1163 181 48 cogitationes
1747 1163 57 48 &
1759 1163 124 48 concepti-

1076 1204 91 36 ones
1133 1204 126 36 cordis.
1224 1204 80 36 Hoc
1270 1204 103 36 ipsum
1338 1204 137 36 Papistae
1441 1204 148 36 fatentur,
1555 1204 68 36 ut
1589 1204 137 36 Baptista
1692 1204 148 36 Mantuanus
1806 1204 68 36 de
1829 1204 57 36 pa-

1079 1230 120 40 tientia
1167 1230 77 40 li.
1210 1230 66 40 3.
1243 1230 66 40 c.
1276 1230 77 40 32.
1320 1230 164 40 Saepenumcro
1451 1230 98 40 mecum
1516 1230 142 40 cogitavi,
1626 1230 87 40 unde
1680 1230 77 40 tam
1724 1230 153 40 suadibilis
1833 1230 44 40 si

1087 1268 83 40 sta
1134 1268 165 40 Scriptura:
1264 1268 94 40 unde
1323 1268 83 40 tam
1370 1268 141 40 potenter
1476 1268 71 40 in
1512 1268 106 40 fluat
1582 1268 71 40 in
1618 1268 118 40 animos
1700 1268 165 40 auditorum,
1818 1268 71 40 unde

1081 1302 113 36 tantum
1160 1302 113 36 habeat
1238 1302 146 36 energiae,
1351 1302 68 36 ut
1385 1302 79 36 non
1430 1302 68 36 ad
1463 1302 146 36 opinandum
1576 1302 124 36 tantum,
1666 1302 79 36 sed
1711 1302 68 36 ad
1745 1302 113 36 solide
1812 1302 68 36 cre-

1078 1331 120 45 dendum
1162 1331 108 45 omnes
1234 1331 168 45 inflectat.
1366 1331 72 45 Et
1402 1331 168 45 Augustinus
1535 1331 144 45 Steuchus
1643 1331 156 45 Episcopus
1751 1331 132 45 Eugubinus

1086 1368 228 38 Sibliothecarius
1278 1368 168 38 Pontificis
1410 1368 120 38 Romani
1495 1368 72 38 in
1531 1368 156 38 principio
1651 1368 132 38 Cosmop.
1747 1368 84 38 Qui
1783 1368 96 38 putam-

1072 1404 142 33 Sacrorum
1179 1404 142 33 librorum
1285 1404 118 33 quibus
1368 1404 95 33 nunc
1427 1404 107 33 omnis
1498 1404 107 33 exbis
1569 1404 166 33 assentitur
1700 1404 178 33 auteritatem
1830 1404 59 33 so-

1090 1427 55 44 a
1112 1427 144 44 legentium
1223 1427 89 44 fide
1278 1427 122 44 teneri,
1367 1427 78 44 nec
1411 1427 122 44 afferre
1500 1427 100 44 secum
1567 1427 100 44 divi.
1633 1427 67 44 as
1666 1427 122 44 quasdam
1744 1427 144 44 potentissi-

1055 1462 59 45 E
1079 1462 117 45 masque
1161 1462 141 45 rationes
1266 1462 141 45 magnorum
1371 1462 141 45 animorum
1477 1462 70 45 ad
1512 1462 70 45 se
1547 1462 129 45 judicia
1641 1462 164 45 trahentes,
1758 1462 117 45 fallutur

1114 1496 150 46 QUINTUM:
1226 1496 150 46 Quicquid
1338 1496 87 46 est
1388 1496 150 46 dogmatum
1500 1496 174 46 religionis
1637 1496 187 46 Christianae
1774 1496 112 46 princi-

1074 1533 101 42 pium,
1141 1533 89 42 eius
1197 1533 145 42 autoritas
1308 1533 101 42 nullo
1375 1533 89 42 modo
1431 1533 67 42 ab
1465 1533 134 42 Ecclesia
1565 1533 123 42 pendere
1643 1533 101 42 potest:

1108 1564 159 46 Scripturae
1233 1564 114 46 Sacrae
1313 1564 91 46 sunt
1369 1564 137 46 dogmatum
1472 1564 159 46 religionis
1597 1564 171 46 Christianae
1722 1564 137 46 principia:

1117 1600 106 40 Ergo,
1176 1600 59 40 &c.

1117 1621 85 52 Hoc
1165 1621 169 52 argumentum
1298 1621 121 52 initio
1383 1621 194 52 explicandum,
1540 1621 121 52 deinde
1625 1621 169 52 praemissae
1746 1621 133 52 probandae

1115 1663 169 37 PRINCIPIA
1245 1663 91 37 hic
1297 1663 104 37 sunt
1362 1663 169 37 axtiomata
1492 1663 91 37 per
1544 1663 104 37 quae
1609 1663 117 37 primo
1687 1663 91 37 res
1739 1663 91 37 cum
1778 1663 117 37 mentis:

1081 1697 139 42 discursu
1186 1697 185 42 intelligimus
1336 1697 58 42 &
1359 1697 69 42 in
1394 1697 93 42 quae
1452 1697 104 42 omnis
1521 1697 150 42 discursus
1637 1697 116 42 mentis
1718 1697 116 42 ultimo
1787 1697 93 42 resola

1080 1740 121 30 vitur.
1165 1740 133 30 Illaque
1262 1740 158 30 suntvera,
1383 1740 194 30 immutabilia,
1540 1740 170 30 immediata,
1674 1740 109 30 summe
1734 1740 158 30 necessaria,

1090 1763 134 40 priora,
1187 1763 146 40 notiora,
1296 1763 121 40 causae
1381 1763 121 40 omnium
1466 1763 158 40 dogmatum.
1588 1763 121 40 Deinde
1673 1763 170 40 religionis
1794 1763 85 40 nomi-

1073 1802 76 35 ne
1111 1802 89 35 non
1162 1802 204 35 intelligimus
1328 1802 153 35 externas
1443 1802 140 35 quasdam
1545 1802 178 35 ceremonias
1685 1802 76 35 ab
1723 1802 153 35 homnibus
1825 1802 64 35 in-

1081 1829 129 41 vectas,
1175 1829 82 41 sed
1222 1829 106 41 fidem
1293 1829 82 41 cum
1340 1829 106 41 serio
1411 1829 82 41 Dei
1458 1829 118 41 timore
1540 1829 176 41 conjunctam,
1681 1829 82 41 qui
1728 1829 59 41 &
1740 1829 141 41 voluntaris

1072 1862 74 45 am
1109 1862 184 45 reverentiam
1256 1862 74 45 in
1292 1862 74 45 se
1329 1862 147 45 continet
1439 1862 61 45 &
1464 1862 110 45 secum
1538 1862 123 45 trahit
1623 1862 159 45 legitimum
1746 1862 123 45 cultum
1819 1862 74 45 Dei,

1078 1896 115 50 qualis
1158 1896 69 50 in
1192 1896 92 50 Lege
1238 1896 161 50 praescribitu

1109 1928 79 47 Jam
1154 1928 146 47 probandae
1266 1928 90 47 sunt
1322 1928 168 47 praemissae.
1457 1928 101 47 Maior
1524 1928 79 47 est
1569 1928 157 47 verissima.
1692 1928 79 47 Nam
1737 1928 67 47 si
1760 1928 123 47 autoritat

1081 1965 184 43 principiorum
1231 1965 69 43 in
1266 1965 150 43 scientiis
1381 1965 58 43 &
1404 1965 115 43 artib.
1485 1965 196 43 Philosophicis
1646 1965 81 43 non
1693 1965 115 43 pendet
1773 1965 58 43 a
1785 1965 92 43 testi-

1075 2005 110 31 monio
1148 2005 147 31 hominum,
1258 2005 135 31 quamvis
1356 2005 147 31 ingenii,
1467 2005 159 31 acuminis,
1589 2005 184 31 eruditionis
1736 2005 110 31 laude
1797 2005 86 31 cele-

1071 2031 192 43 berrimorum:
1225 2031 90 43 tum
1276 2031 154 43 profecto
1392 2031 154 43 quicquid
1507 2031 141 43 divinae
1610 2031 180 43 religionis
1738 2031 154 43 principium

1077 2066 92 35 est,
1135 2066 92 35 ejus
1193 2066 150 35 autoritas
1308 2066 104 35 nullo
1377 2066 92 35 modo
1435 2066 69 35 ab
1470 2066 138 35 Ecclesia
1574 2066 150 35 pendebit.
1689 2066 104 35 Atqui
1758 2066 104 35 extra
1816 2066 69 35 con-

1078 2101 160 37 troversiam
1203 2101 80 37 est
1249 2101 172 37 autoritatem
1387 2101 183 37 principiorum
1536 2101 69 37 in
1570 2101 149 37 scientiis
1684 2101 57 37 &
1707 2101 126 37 artibus
1787 2101 92 37 Philo-

1079 2130 161 40 sophicis
1199 2130 94 40 non
1253 2130 148 40 pendere
1361 2130 67 40 a
1388 2130 188 40 testimonio
1535 2130 67 40 &
1562 2130 188 40 autoritate
1710 2130 148 40 hominum
1804 2130 94 40 quan-

1081 2170 125 32 tumvis
1168 2170 275 32 ingeniosissimorum,
1405 2170 225 32 acutissimorum,
1592 2170 250 32 eruditissimorum.
1805 2170 87 32 Non
1842 2170 50 32 e-

1082 2199 80 36 nim
1127 2199 194 36 intelliguntur
1287 2199 91 36 esse
1344 2199 91 36 vera
1401 2199 148 36 principia
1515 2199 125 36 propter
1606 2199 205 36 asseverationem
1766 2199 114 36 Philoso-

1087 2228 135 38 phorum,
1185 2228 86 38 sed
1234 2228 135 38 propter
1333 2228 123 38 certam
1419 2228 148 38 rationem
1529 2228 98 38 quam
1591 2228 74 38 in
1628 2228 74 38 se
1664 2228 135 38 habent,
1763 2228 98 38 quae
1812 2228 86 38 illis

1077 2270 88 35 per
1128 2270 75 35 se
1165 2270 113 35 fidem
1240 2270 125 35 facit.
1328 2270 125 35 Summa,
1416 2270 163 35 Principia
1541 2270 188 35 scientiarum
1679 2270 213 35 Philosophicarum

1070 2301 92 38 non
1122 2301 170 38 accipiunt
1253 2301 196 38 autoritatem
1410 2301 79 38 ab
1450 2301 183 38 hominibus,
1594 2301 79 38 ne
1633 2301 131 38 quidem
1725 2301 65 38 a
1751 2301 157 38 collegio
1856 2301 39 38 &

1081 2327 112 44 choro
1155 2327 99 44 toto
1217 2327 223 44 Thilosophorum:
1403 2327 112 44 multo
1477 2327 112 44 minus
1551 2327 136 44 accipit
1651 2327 173 44 principium
1774 2327 112 44 religi-

1081 2368 94 33 onis
1140 2368 130 33 divinae
1234 2368 177 33 autoritatem
1376 2368 71 33 ab
1411 2368 153 33 Ecclesia.
1529 2368 153 33 Principia
1647 2368 177 33 doctrinarum
1789 2368 83 33 non
1824 2368 59 33 su-

1079 2395 102 37 munt
1143 2395 191 37 autoritatem
1296 2395 76 37 ab
1334 2395 166 37 hominibus
1462 2395 191 37 docentibus:
1614 2395 89 37 sed
1665 2395 140 37 homines
1755 2395 127 37 docenter

1086 2435 185 32 consequuntur
1236 2435 162 32 autoritate
1363 2435 58 32 a
1386 2435 162 32 principiis
1513 2435 69 32 ex
1548 2435 115 32 quibro
1629 2435 127 32 dogmata
1721 2435 81 32 sua
1767 2435 150 32 dedueunt.

1095 2468 107 39 Minor
1166 2468 107 39 etiam
1237 2468 166 39 certissima
1367 2468 83 39 est
1415 2468 107 39 ipsis
1486 2468 142 39 Papistis
1592 2468 178 39 fatentibus,
1734 2468 83 39 qui
1770 2468 118 39 nobiscum

1083 2491 143 38 statuunt
1191 2491 119 38 Sacras
1274 2491 167 38 Scripturas
1405 2491 96 38 esse
1465 2491 155 38 principia
1585 2491 143 38 dogmatum
1692 2491 167 38 religionis
1811 2491 84 38 Chri-

1076 2525 129 44 stianae.
1173 2525 107 44 Sixius
1248 2525 129 44 Senensis
1345 2525 75 44 li.
1388 2525 64 44 6.
1420 2525 150 44 Bibhothec.
1538 2525 118 44 Sanctae
1624 2525 129 44 Annotat.
1720 2525 86 44 151.
1774 2525 86 44 ait,
1817 2525 75 44 Scri-

1086 2564 106 39 turam
1157 2564 106 39 prima
1228 2564 141 39 summaque
1334 2564 106 39 rerum
1405 2564 177 39 credendarum
1546 2564 153 39 principia
1664 2564 71 39 ac
1699 2564 153 39 praecipua
1805 2564 83 39 bene-

1081 2598 122 34 vivendi
1170 2598 145 34 praecepta
1281 2598 56 34 &
1303 2598 122 34 exempla
1392 2598 122 34 cognitu
1481 2598 122 34 facilia
1570 2598 145 34 coplecti.
1682 2598 111 34 Petrus
1760 2598 67 34 de
1782 2598 100 34 Alliaco

1090 2630 198 33 Cameracensis
1250 2630 173 33 Episcopus,
1386 2630 173 33 Cardinalis
1522 2630 160 33 Ecclesiae
1645 2630 136 33 Romanae
1744 2630 74 33 in
1769 2630 123 33 Sentent.

1093 2659 108 40 primum
1169 2659 108 40 librum
1245 2659 119 40 quaest.
1332 2659 54 40 1
1353 2659 108 40 artic.
1429 2659 65 40 3.
1462 2659 87 40 ista
1516 2659 108 40 habet:
1592 2659 65 40 Ex
1625 2659 76 40 hac
1668 2659 174 40 descriptione
1798 2659 87 40 patet:

1078 2697 89 39 quae
1133 2697 89 39 sint
1189 2697 144 39 principia
1300 2697 166 39 Theologica.
1433 2697 89 39 Sunt
1489 2697 89 39 enim
1544 2697 100 39 ipsae
1611 2697 100 39 Sacri
1677 2697 122 39 Canonis
1755 2697 133 39 veritates.

1088 2729 118 43 quoniam
1174 2729 64 43 ad
1206 2729 97 43 ipsas
1271 2729 75 43 sit
1314 2729 107 43 ultima
1389 2729 140 43 resolutio
1496 2729 150 43 Theologici
1615 2729 150 43 discursus:
1733 2729 54 43 &
1754 2729 64 43 ex
1786 2729 75 43 eis
1819 2729 64 43 pri-

1079 2765 67 30 mo
1112 2765 134 30 singulae
1213 2765 178 30 conclusiones
1358 2765 167 30 Theologicae
1480 2765 145 30 deducuntur.

1112 2789 167 38 RESPONPET
1241 2789 193 38 Stapletonus
1395 2789 90 38 per
1446 2789 231 38 distinctionem:
1639 2789 167 38 Principia
1755 2789 128 38 scientia

1092 2827 73 43 rum
1133 2827 62 43 in
1164 2827 62 43 se
1195 2827 83 43 esse
1247 2827 207 43 indemonstrabilia
1423 2827 62 43 in
1455 2827 62 43 eo
1486 2827 83 43 quod
1537 2827 83 43 quid
1589 2827 83 43 est,
1641 2827 73 43 sed
1683 2827 124 43 respectu
1776 2827 104 43 nostri
1838 2827 52 43 de-

1089 2858 156 40 monstrari
1209 2858 108 40 posse
1281 2858 132 40 propter
1376 2858 132 40 nostram
1472 2858 132 40 nimirum
1568 2858 180 40 tarditatem,
1699 2858 192 40 demonstratione

1084 2895 76 42 qua
1127 2895 86 42 quia
1181 2895 97 42 est;.
1246 2895 108 42 Eandem
1322 2895 86 42 esse
1376 2895 130 42 rationem
1473 2895 108 42 Sacrae
1538 2895 140 42 Scripturae.

1120 2917 192 40 REPLICATIO
1271 2917 151 40 nosira.
1381 2917 192 40 Stapletono
1532 2917 110 40 male
1601 2917 233 40 philosophanti
1779 2917 110 40 oppono

1083 2943 205 51 Philosophorum
1252 2943 157 51 principem
1372 2943 193 51 Aristotelem,
1529 2943 84 51 qui
1577 2943 72 51 in
1614 2943 205 51 posterioribus
1770 2943 109 51 Analyti

1080 2990 83 36 cis
1127 2990 165 36 aliquoties
1257 2990 118 36 docet,
1340 2990 153 36 principia
1458 2990 83 36 non
1505 2990 189 36 demonstrari,
1658 2990 83 36 sed
1705 2990 94 36 alio
1764 2990 118 36 quodam
1835 2990 59 36 co-

1083 3021 168 43 gnitionis
1212 3021 129 43 genere
1302 3021 142 43 percipi
1405 3021 142 43 nimitum
1508 3021 232 43 intelligentia.
1702 3021 129 43 Oppono
1779 3021 116 43 lacobum

1092 3058 181 43 Cabarellam
1234 3058 168 43 Patavinum
1363 3058 194 43 Philosophum
1518 3058 219 43 celeberrimum,
1698 3058 90 43 qui
1750 3058 103 43 lib.
1815 3058 77 43 2.
1840 3058 52 43 de

1085 3087 142 38 Methodis,
1194 3087 87 38 cap.
1249 3087 77 38 12.
1293 3087 77 38 ait
1336 3087 66 38 ex
1369 3087 131 38 Averroo,
1468 3087 142 38 Principia
1577 3087 164 38 cognitionis
1708 3087 77 38 non
1752 3087 98 38 posse
1817 3087 66 38 in
1839 3087 55 38 ar-

1086 3121 64 37 te
1118 3121 75 37 sua
1161 3121 171 37 demonstrari,
1300 3121 75 37 sed
1343 3121 75 37 vel
1385 3121 85 37 esse
1439 3121 75 37 per
1481 3121 64 37 se
1514 3121 96 37 nota,
1578 3121 75 37 vel
1620 3121 85 37 sumi
1674 3121 64 37 ut
1706 3121 139 37 declavata
1813 3121 64 37 in
1834 3121 64 37 alia

1087 3155 114 36 aliqua
1167 3155 160 36 disciplina
1293 3155 92 36 quod
1350 3155 114 36 evenit
1430 3155 69 36 in
1464 3155 149 36 Medicinae
1579 3155 172 36 principiis.
1716 3155 80 36 Tum
1751 3155 137 36 Aristotele

1078 3189 108 37 libro
1150 3189 132 37 secundo
1245 3189 179 37 Posteriorum
1389 3189 203 37 Analyticorum,
1556 3189 167 37 cap.ultimo
1688 3189 120 37 docet,
1759 3189 132 37 principi
