2063 3469
223 181 122 61 Vitals
308 181 85 61 vis
357 181 98 61 quam
418 181 159 61 Baturalem
540 181 98 61 alii
601 181 134 61 vocant,
699 181 73 61 in
735 181 183 61 pulsatricem
882 181 61 61 &
894 181 122 61 respira-

185 213 113 52 tricem
253 213 170 52 nistinguitur?

232 246 142 50 Affectuum
341 246 109 50 cordi;
418 246 77 50 vis
462 246 98 50 magna
527 246 88 50 est:
582 246 66 50 De
615 246 131 50 laetitia
714 246 55 50 &
735 246 142 50 tristitia
845 246 98 50 Prov.
910 246 77 50 15.
943 246 55 50 13.

191 279 128 54 dicitur:
288 279 75 54 Cor
330 279 96 54 laeiu
395 279 86 54 bene
448 279 118 54 afficit
534 279 118 54 vultum:
619 279 54 54 &
641 279 139 54 tristitia
748 279 96 54 corde
812 279 128 54 speritus
898 279 96 54 frangi-

183 322 91 47 tur.
239 322 68 47 Et
274 322 91 47 cap.
330 322 80 47 17.
376 322 68 47 v.
410 322 80 47 22.
455 322 114 47 Animus
535 322 102 47 laetu
603 322 91 47 bene
660 322 148 47 medicinam
774 322 114 47 facit,
853 322 136 47 spiritus
944 322 57 47 au-

199 357 81 42 tem
246 357 128 42 tristis
339 357 139 42 exsiccat
443 357 105 42 ossa.
513 357 105 42 Mutua
583 357 81 42 est
629 357 105 42 animi
699 357 58 42 &
722 357 139 42 corporis
827 357 163 42 συμπαδεια,
943 357 58 42 mu-

186 392 98 38 tuus
247 392 171 38 consensus.
381 392 85 38 Nam
430 392 85 38 ubi
479 392 122 38 laetus
564 392 85 38 est
613 392 134 38 animus,
711 392 183 38 consequitur
857 392 98 38 bona
906 392 98 38 corpo-

189 423 82 39 ris
236 423 152 39 habitudo,
353 423 94 39 quam
412 423 129 39 δυεζιαν
506 423 117 39 Graeci
588 423 129 39 vocant:
682 423 59 39 &
705 423 117 39 contra
787 423 82 39 ubi
834 423 82 39 est
881 423 94 39 bona
928 423 70 39 cor-

197 460 98 38 poris
263 460 142 38 habitudo,
372 460 77 38 ibi
416 460 109 38 laetus
492 460 77 38 est
536 460 120 38 animus.
623 460 77 38 Vix
667 460 109 38 laetus
744 460 109 38 vultus
820 460 87 38 esse
875 460 120 38 potest,
951 460 44 38 ub

200 491 121 39 moestus
288 491 121 39 animus.
377 491 144 39 Moestitia
487 491 110 39 cordis
564 491 144 39 frangitur
675 491 144 39 spiritus:
785 491 66 39 id
818 491 88 39 est,
874 491 77 39 ubi
907 491 99 39 moeret.

192 528 93 34 cor,
251 528 93 34 tota
309 528 105 34 anima
379 528 128 34 hominis
473 528 117 34 veluti
554 528 117 34 fracta
636 528 58 34 &
659 528 128 34 dejecta
753 528 93 34 est,
811 528 105 34 totus
881 528 93 34 homo
928 528 70 34 con-

185 557 155 39 turbatus
301 557 64 39 &
327 557 180 39 afflictus:
469 557 129 39 moeror
559 557 116 39 animi
636 557 116 39 omnes
713 557 129 39 partes
804 557 129 39 animae
894 557 64 39 &
907 557 90 39 totum

194 592 149 37 conturbat
308 592 69 37 ac
342 592 126 37 dejicit
434 592 137 37 hominem:
537 592 149 37 tristitia
652 592 103 37 etiam
721 592 92 37 ossa
778 592 69 37 in
812 592 115 37 quibus
892 592 137 37 consoli¬

200 622 100 37 datio
267 622 133 37 corporis
367 622 89 37 sita
422 622 89 37 est,
478 622 122 37 medulla
567 622 56 37 &
589 622 100 37 succo
656 622 122 37 innatis
745 622 122 37 exhauri

236 652 80 42 Vis
281 652 114 42 motiva
361 652 137 42 imperans
463 652 80 42 est
509 652 125 42 duplex,
600 652 148 42 appetitus
714 652 159 42 sensitivus
839 652 57 42 &
850 652 114 42 affectus

226 685 144 53 Appetitus
337 685 144 53 sensitivi
447 685 88 53 duae
502 685 88 53 sunt
558 685 122 53 partes,
646 685 166 53 ἐπιουμητικη
779 685 55 53 &
801 685 144 53 θυμοιδης,
900 685 100 53 appeti-

188 720 96 41 toria
252 720 75 41 seu
295 720 214 41 concupiscibilis,
477 720 53 41 &
487 720 139 41 irascibilis

227 749 132 45 Affectus
326 749 110 45 cordis
403 749 77 45 est
447 749 99 45 motus
513 749 143 45 appetitus
624 749 143 45 sensitivi
734 749 55 45 a
756 749 121 45 notitia
844 749 88 45 boni
899 749 77 45 aut
932 749 77 45 mali-

195 789 173 37 excitatus
328 789 80 37 ad
368 789 120 37 bonum
447 789 213 37 prosequendum
620 789 93 37 aut
673 789 120 37 malum
740 789 146 37 fugiendum

228 824 165 35 Affectuum
355 824 127 35 omnium
444 824 89 35 duo
494 824 101 35 sunt
558 824 139 35 capita:
659 824 152 35 uoluptas
773 824 63 35 &
785 824 89 35 dolor

229 850 81 41 Vis
276 850 116 41 motiva
357 850 174 41 prosequens,
497 850 93 41 quae
555 850 58 41 &
578 850 163 41 locomotiva
706 850 140 41 dicitur,
811 850 81 41 est
857 850 81 41 vis
892 850 128 41 potentiae

193 885 162 50 sensitivae
321 885 81 50 per
367 885 104 50 totum
437 885 139 50 dispersa
541 885 128 50 corpus,
634 885 93 50 quam
692 885 93 50 homo
750 885 81 50 aut
797 885 93 50 toto
855 885 128 50 corpore
936 885 58 50 au-

199 922 121 46 aliquo
284 922 146 46 corporis
393 922 121 46 membro
478 922 97 46 loco
539 922 121 46 moveri
612 922 109 46 potest.

227 949 66 45 De
260 949 144 45 potentiae
371 949 155 45 sensitivae
492 949 121 45 viribus
580 949 99 45 multa
647 949 66 45 in
680 949 155 45 Scripturis
801 949 110 45 Saeris
868 949 121 45 occurrumt

190 982 86 45 Nam
239 982 136 45 illarum
338 982 111 45 autor
412 982 99 45 Deus
474 982 99 45 est;
535 982 99 45 unde
597 982 111 45 Psal.
671 982 74 45 94
708 982 160 45 plantator
832 982 111 45 auris
906 982 62 45 &
918 982 74 45 for-

192 1026 107 33 mator
263 1026 107 33 ocule
335 1026 143 33 dicitur.
442 1026 83 33 Pro
489 1026 71 33 v.
525 1026 83 33 20.
572 1026 83 33 12.
620 1026 107 33 Aurem
691 1026 154 33 audientem
810 1026 59 33 &
834 1026 119 33 oculum
905 1026 83 33 viden

196 1054 92 38 tem,
254 1054 116 38 Iehova
335 1054 104 38 fecit
405 1054 104 38 aeque
474 1054 139 38 utrumque
578 1054 69 38 id
613 1054 92 38 est,
670 1054 116 38 sonsus
751 1054 116 38 homini
832 1054 127 38 indidit
913 1054 81 38 Deus.

190 1089 123 36 Actor.
276 1089 86 36 17.
325 1089 86 36 28.
374 1089 74 36 In
411 1089 98 36 ipso
472 1089 148 36 vivimus,
583 1089 135 36 movemur
681 1089 61 36 &
706 1089 123 36 sumus.
792 1089 172 36 Lactantius
915 1089 86 36 libro

189 1123 72 33 de
225 1123 144 33 Opificio
333 1123 96 33 Dei,
393 1123 120 33 capite
478 1123 120 33 decimo
562 1123 96 33 nono
622 1123 96 33 ait:
682 1123 84 33 Dei
730 1123 108 33 munus
803 1123 84 33 est
851 1123 96 33 quod
899 1123 96 33 spira-

193 1159 96 35 mus,
253 1159 96 35 quod
314 1159 145 35 vivimus,
422 1159 96 35 quod
482 1159 145 35 vigemus.
591 1159 84 35 Ita
639 1159 121 35 sensus
724 1159 121 35 nostri
808 1159 121 35 animos
893 1159 72 35 ad
917 1159 72 35 Deum

186 1189 187 45 attollunt,
333 1189 80 45 ut
373 1189 94 45 eum
426 1189 147 45 autorem
533 1189 227 45 recognoscamus
721 1189 147 45 ipsorum
828 1189 120 45 etiam
895 1189 120 45 sensuum

197 1223 179 34 nostrorum.
338 1223 102 34 Quod
402 1223 102 34 ergo
466 1223 154 34 videmus,
581 1223 102 34 quod
645 1223 154 34 audimus;
761 1223 141 34 quodque
863 1223 115 34 aliis
927 1223 77 34 sen-

196 1257 112 42 sibus
270 1257 149 42 integris
382 1257 112 42 recre
457 1257 137 42 utimur,
556 1257 87 42 Deo
606 1257 149 42 acceptum
718 1257 149 42 feramus,
830 1257 112 42 eique
892 1257 112 42 gratias

197 1292 126 43 agamus
286 1292 63 43 &
311 1292 101 43 vota
374 1292 164 43 offeramus
501 1292 152 43 opo-tet,
615 1292 76 43 ut
653 1292 152 43 deinceps
766 1292 126 43 quoque
855 1292 114 43 sanos
918 1292 76 43 sen-

196 1325 78 36 sus
240 1325 100 36 nobis
307 1325 123 36 tribuat
396 1325 56 36 &
419 1325 156 36 conservet.
541 1325 89 36 Quod
597 1325 67 36 si
630 1325 100 36 vires
697 1325 145 36 potentiae
809 1325 156 36 sensitivae
920 1325 78 36 vitie

193 1358 118 34 aliquo
276 1358 165 34 deptavatae
406 1358 94 34 sint
464 1358 83 34 aut
512 1358 165 34 imminutae.
641 1358 83 34 aut
689 1358 153 34 abolitae,
807 1358 165 34 sanationem
936 1358 59 34 &
948 1358 59 34 re-

191 1391 171 38 stitutionem
327 1391 57 38 a
350 1391 80 38 Deo
395 1391 114 38 petere
475 1391 125 38 necesse
566 1391 91 38 est:
623 1391 91 38 idem
680 1391 102 38 sanat
748 1391 57 38 &
771 1391 159 38 restituit,
896 1391 80 38 qui
930 1391 68 38 ini-

188 1422 88 43 tio
239 1422 125 43 dedit.
326 1422 100 43 Unde
389 1422 151 43 Christus
502 1422 176 43 mitaculose
640 1422 113 43 visum
715 1422 63 43 &
741 1422 151 43 auditum,
853 1422 138 43 tactum,
941 1422 63 43 lo-

196 1456 160 42 comotivam
319 1456 123 42 multis
405 1456 148 42 reddens,
515 1456 111 42 verum
589 1456 98 42 sese
651 1456 98 42 esse
712 1456 123 42 natura
798 1456 98 42 Deum
860 1456 160 42 probavit.

232 1491 108 39 Finis
304 1491 60 39 &
328 1491 96 39 usus
389 1491 133 39 sensuum
485 1491 169 39 exteriorum
618 1491 84 39 est
666 1491 145 39 eximius.
774 1491 145 39 Serviunt
883 1491 96 39 enim
931 1491 60 39 tam

186 1528 106 38 quam
252 1528 120 38 media
332 1528 66 38 a
359 1528 93 38 Deo
412 1528 160 38 ordinata
531 1528 93 38 tum
585 1528 186 38 cognitioni
731 1528 133 38 rerum;
824 1528 93 38 Nam
864 1528 146 38 cognitio-

192 1558 111 43 duplex
270 1558 89 43 est:
325 1558 78 43 una
369 1558 78 43 per
414 1558 122 43 sensum,
502 1558 111 43 altera
580 1558 78 43 per
624 1558 177 43 intellectum;
768 1558 55 43 &
790 1558 67 43 si
824 1558 111 43 sensus
901 1558 122 43 aliquit

183 1597 111 34 dent,
257 1597 136 34 aliquam
356 1597 111 34 etiam
430 1597 185 34 cognitionem
578 1597 86 34 per
627 1597 123 34 sensum
714 1597 123 34 deesse
800 1597 136 34 necesse
899 1597 99 34 est:
948 1597 62 34 tum

193 1622 138 41 animali
294 1622 113 41 vitae
369 1622 151 41 fovendae
482 1622 63 41 &
507 1622 213 41 conservandae,
683 1622 151 41 rerumque
796 1622 113 41 carum
871 1622 126 41 quarum
947 1622 50 41 i1

191 1657 100 41 vita
254 1657 100 41 usus
317 1657 88 41 est
367 1657 88 41 tum
417 1657 188 41 perceptioni
568 1657 88 41 tum
618 1657 213 41 applicationi,
794 1657 138 41 tanquam
882 1657 125 41 custodes

191 1698 174 33 corporis.
324 1698 107 33 Unde
391 1698 160 33 serviunt
511 1698 134 33 sensus
605 1698 120 33 etiam
685 1698 80 33 ad
725 1698 201 33 cognitionem
886 1698 67 33 &
899 1698 107 33 cultum

193 1724 85 42 Dei:
246 1724 95 42 sicut
310 1724 116 42 dicitur
395 1724 85 42 Psa.
447 1724 64 42 8.
479 1724 64 42 v.
511 1724 64 42 4,
543 1724 64 42 5.
575 1724 85 42 Quum
627 1724 127 42 respicio
723 1724 106 42 caelos
797 1724 95 42 tuos,
860 1724 85 42 opus
903 1724 95 42 digitos

192 1757 86 39 rum
241 1757 135 39 tuorum,
339 1757 111 39 Lunam
413 1757 62 39 &
438 1757 135 39 stellas
536 1757 99 39 quas
598 1757 172 39 statuisti:
733 1757 99 39 (Tum
795 1757 123 39 cogito
881 1757 99 39 apud
930 1757 62 39 me-

191 1795 89 41 Quid
247 1795 78 41 est
291 1795 145 41 mortalis,
403 1795 89 41 quod
458 1795 100 41 memor
525 1795 78 41 sis
570 1795 100 41 eiust
636 1795 78 41 aut
681 1795 111 41 filius
759 1795 134 41 hominis,
859 1795 89 41 quod
904 1795 100 41 visites

200 1822 85 39 lum:
254 1822 96 39 Exod.
317 1822 74 39 14.
360 1822 64 39 v.
392 1822 74 39 39,
434 1822 74 39 31.
477 1822 74 39 ita
519 1822 128 39 servavit
615 1822 106 39 Iehova
689 1822 64 39 in
721 1822 74 39 die
764 1822 85 39 illo
817 1822 149 39 Israelitas
934 1822 53 39 e
944 1822 64 39 manu

191 1859 163 40 AEgyptiorum:
324 1859 153 40 videruntque
446 1859 143 40 Israelitae
559 1859 133 40 AEgyptios
661 1859 133 40 morietes,
763 1859 61 40 in
794 1859 112 40 littore
875 1859 102 40 maris.
947 1859 72 40 Qui

193 1893 90 32 aute
249 1893 147 32 vidissent
362 1893 158 32 Israelitae
486 1893 90 32 opus
543 1893 102 32 illud
611 1893 136 32 maximum,
712 1893 90 32 quod
769 1893 113 32 edidit
848 1893 113 32 Iehova
916 1893 90 32 contra

191 1918 156 45 AEguptios,
314 1918 145 45 timuerunt
425 1918 123 45 populus
515 1918 89 45 ipse
571 1918 123 45 Iehova,
660 1918 201 45 credideruntque
827 1918 123 45 Iehovae
917 1918 56 45 &
928 1918 67 45 Mos.

203 1951 92 40 servo
264 1951 92 40 aius.
326 1951 82 40 Joh.
377 1951 62 40 2.
408 1951 62 40 v.
439 1951 72 40 23.
480 1951 92 40 multi
542 1951 144 40 crediderat
655 1951 62 40 in
686 1951 92 40 nomen
747 1951 113 40 Christi
829 1951 144 40 spectantes
932 1951 72 40 signa

202 1993 89 41 quae
257 1993 122 41 edebut.
346 1993 89 41 Rom.
402 1993 67 41 1.
435 1993 67 41 v.
468 1993 78 41 20.
513 1993 111 41 Ipsius
590 1993 89 41 enim
646 1993 178 41 invisibilia,
790 1993 78 41 jam
835 1993 89 41 inde
890 1993 55 41 a
901 1993 100 41 condite

191 2026 97 33 mundo
256 2026 65 33 ex
288 2026 75 33 iis
331 2026 86 33 quae
385 2026 97 33 fecit
450 2026 97 33 mente
515 2026 129 33 perpensa
612 2026 173 33 pervidentur,
752 2026 119 33 aeterna
838 2026 140 33 videlicet
935 2026 65 33 eius

191 2053 80 41 tum
236 2053 149 41 potentia,
351 2053 80 41 tum
397 2053 172 41 diuvinitas:
534 2053 69 41 ad
569 2053 80 41 hoc
614 2053 69 41 ut
649 2053 92 41 sint
706 2053 206 41 inexcusabiles.
878 2053 115 41 Matth.
947 2053 57 41 11.

196 2090 68 39 4.
230 2090 103 39 dixit
298 2090 103 39 Jesus
367 2090 160 39 discipulis
492 2090 148 39 Johannis,
606 2090 80 39 Ite
652 2090 57 39 &
675 2090 160 39 renunciate
800 2090 125 39 Iohanni
891 2090 91 39 quae
937 2090 57 39 au-

198 2116 110 42 ditis
271 2116 61 42 &
296 2116 147 42 videtis.
405 2116 98 42 Luc.
467 2116 86 42 24.
515 2116 86 42 39.
564 2116 122 42 Videte
650 2116 110 42 manus
723 2116 98 42 meus
784 2116 61 42 &
809 2116 110 42 pedes
882 2116 110 42 meos:
943 2116 61 42 Nam

195 2149 86 47 ego
244 2149 98 47 ipse
305 2149 98 47 sum:
366 2149 184 47 contrectate
513 2149 73 47 me
550 2149 61 47 &
574 2149 135 47 videte:
672 2149 86 47 Nam
721 2149 147 47 spiritus
832 2149 122 47 carnem
917 2149 61 47 &
930 2149 73 47 essa

198 2182 74 47 non
241 2182 106 47 habet,
315 2182 96 47 sicut
379 2182 64 47 me
411 2182 159 47 conspicitis
538 2182 117 47 habere.
623 2182 64 47 1.
655 2182 85 47 Joh.
708 2182 64 47 1.
740 2182 64 47 v.
772 2182 64 47 1,
804 2182 64 47 2,
836 2182 64 47 3.
868 2182 85 47 Quod
921 2182 85 47 erat
963 2182 32 47 a

190 2217 159 52 principio,
315 2217 91 52 quod
372 2217 159 52 audivimus,
497 2217 91 52 quod
554 2217 125 52 vidimus
644 2217 114 52 oculis
724 2217 136 52 nostris,
826 2217 91 52 quod
872 2217 125 52 spectavi-

195 2252 94 41 mus,
254 2252 59 41 &
277 2252 106 41 manas
348 2252 129 41 nostrae
442 2252 200 41 contrectarunt
606 2252 70 41 de
642 2252 129 41 Sermone
736 2252 94 41 illo
794 2252 117 41 vitae:
877 2252 94 41 (Nam
924 2252 70 41 vita

189 2281 97 44 illa
249 2281 157 44 conspicua
370 2281 109 44 facta
443 2281 97 44 est:
503 2281 60 44 &
527 2281 109 44 illam
600 2281 145 44 vidimus,
709 2281 60 44 &
733 2281 157 44 testamur,
854 2281 60 44 &
866 2281 133 44 annuncia.

192 2318 85 39 mus
241 2318 110 39 vobis
314 2318 110 39 vitam
387 2318 110 39 illam
460 2318 146 39 aternam,
570 2318 98 39 quae
631 2318 98 39 erat
692 2318 98 39 apud
753 2318 134 39 Patrem,
851 2318 61 39 &
863 2318 134 39 conspicus

188 2345 109 62 facta
261 2345 85 62 est
309 2345 133 62 nobist)
406 2345 109 62 Quod,
479 2345 133 62 inquam,
576 2345 145 62 vidimus,
685 2345 61 62 &
709 2345 170 62 audivimus,
842 2345 73 62 id
867 2345 133 62 annuncia-

197 2380 84 50 mus
245 2380 120 50 vobis,
329 2380 84 50 &c.
378 2380 108 50 Deut.
450 2380 72 50 6.
486 2380 72 50 4.
522 2380 96 50 Audi
582 2380 133 50 Israel:
679 2380 120 50 Iehova
763 2380 96 50 Deus
823 2380 133 50 noster,
908 2380 96 50 Iehova

198 2410 95 56 unus
257 2410 95 56 est.
317 2410 83 56 Job
364 2410 83 56 12.
411 2410 83 56 11.
459 2410 71 56 An
494 2410 83 56 non
542 2410 107 56 auris
613 2410 107 56 verba
684 2410 154 56 probabit,
802 2410 71 56 ut
838 2410 130 56 palatum
921 2410 71 56 cibs

192 2448 116 49 gestum
274 2448 128 49 assumit
367 2448 105 49 sibi?
437 2448 93 49 Act.
495 2448 81 49 17.
541 2448 70 49 v.
576 2448 81 49 27.
623 2448 70 49 Vt
658 2448 163 49 quaererent
786 2448 140 49 Dominum,
890 2448 70 49 si
914 2448 81 49 forto

198 2478 140 56 palpando
303 2478 82 56 eum
350 2478 70 56 in
385 2478 152 56 venirent.
501 2478 82 56 Sic
548 2478 105 56 omnes
618 2478 70 56 in
653 2478 117 56 homine
735 2478 117 56 vires,
816 2478 140 56 externae
921 2478 58 56 &
933 2478 58 56 in-

194 2524 127 39 ternae
283 2524 115 39 dulci
360 2524 153 39 harmonia
474 2524 204 39 conspirantes
640 2524 76 39 eo
678 2524 178 39 enituntur,
818 2524 76 39 ut
856 2524 140 39 homines
946 2524 76 39 Deum

194 2544 73 53 ex
230 2544 145 53 operibus
339 2544 61 53 &
363 2544 169 53 beneficiis
497 2544 97 53 ejus
557 2544 145 53 agnitum,
666 2544 97 53 toto
727 2544 133 53 pectore
823 2544 157 53 diligant.
932 2544 73 53 Qua-

214 2578 126 48 propter
305 2578 103 48 etiam
374 2578 137 48 sensibus
477 2578 137 48 externis
580 2578 160 48 exploratio
706 2578 172 48 objectorum,
844 2578 92 48 quae
901 2578 69 48 in
924 2578 80 48 illos

202 2614 154 47 incurtent,
323 2614 77 47 non
367 2614 77 47 est
412 2614 154 47 deroganda,
533 2614 55 47 &
555 2614 77 47 qui
599 2614 66 47 id
632 2614 132 47 faciunt,
731 2614 121 47 ingrati
820 2614 55 47 &
842 2614 121 47 injurii
930 2614 99 47 sunt,

210 2644 72 51 in
246 2644 108 51 Deum,
318 2644 132 51 autorem
414 2644 192 51 dexteritatis
569 2644 72 51 in
605 2644 215 51 apprehendendis
785 2644 60 51 &
808 2644 180 51 explorandis
940 2644 60 51 re-

205 2676 81 52 bus
252 2676 81 52 per
298 2676 116 52 sensus
380 2676 140 52 externos
485 2676 105 52 Certe
555 2676 151 52 δοκιμασία
671 2676 81 52 per
718 2676 140 52 externos
822 2676 116 52 sensus
904 2676 58 52 a
916 2676 81 52 Chri-

211 2710 80 49 sto
256 2710 91 49 ipso
313 2710 171 49 approbatur,
449 2710 80 49 cum
495 2710 102 49 caeco
563 2710 102 49 visum
631 2710 171 49 restitueret
768 2710 102 49 Marc.
836 2710 68 49 8.
870 2710 80 49 23.
915 2710 57 49 &
927 2710 68 49 seqe

204 2743 82 52 imo
251 2743 59 52 &
275 2743 152 52 mandatur,
392 2743 70 52 ut
427 2743 94 52 Luc.
485 2743 82 52 24.
532 2743 82 52 39.
579 2743 59 52 &
603 2743 94 52 Jes.
661 2743 82 52 40.
708 2743 82 52 26.
755 2743 152 52 Attodlite
872 2743 70 52 in
896 2743 105 52 sublim,

206 2785 104 48 ocuios
278 2785 125 48 vestros,
372 2785 52 48 &
392 2785 104 48 videte
465 2785 83 48 quis
517 2785 135 48 creaverit
610 2785 73 48 ista;

243 2805 156 58 Diversitas
365 2805 56 58 &
388 2805 156 58 distinctio
510 2805 111 58 sensuu
588 2805 122 58 admonet
677 2805 78 58 nos
722 2805 67 58 de
755 2805 167 58 diversitate
889 2805 56 58 &
900 2805 100 58 distin-

205 2842 114 50 ctione
285 2842 149 50 membrorum
399 2842 160 50 Ecclesiae,
525 2842 91 50 quae
582 2842 91 50 sine
639 2842 91 50 illa
696 2842 103 50 salva
765 2842 149 50 perdurare
879 2842 80 50 non
913 2842 103 50 potest,

211 2884 95 44 sicut
275 2884 106 44 Paulus
349 2884 74 44 ait
391 2884 64 44 1.
423 2884 85 44 Cor.
476 2884 74 44 12.
518 2884 74 44 17.
561 2884 64 44 Si
593 2884 95 44 totum
656 2884 106 44 corpus
730 2884 116 44 ocatus,
815 2884 74 44 nhi
857 2884 127 44 auditus?
942 2884 74 44 sito-

206 2910 85 50 tum
255 2910 146 50 auditus,
364 2910 85 50 ubi
413 2910 158 50 odoratus?
535 2910 85 50 Ita
584 2910 110 50 etiam
657 2910 158 50 membrorum
778 2910 158 50 Ecclesiae
888 2910 122 50 inaequa-

208 2950 89 53 lit:
264 2950 78 53 tem
308 2950 89 53 Deus
364 2950 167 53 temperavit,
498 2950 134 53 tribuens
598 2950 100 53 aliis
665 2950 100 53 alias
731 2950 167 53 functiones,
865 2950 89 53 quas
921 2950 67 53 in
943 2950 67 53 com-

209 2985 115 54 munem
286 2985 102 54 usum
349 2985 127 54 totius
439 2985 153 54 corporis
553 2985 153 54 conferre
655 2985 102 54 debent

256 3018 107 52 Adhaec
331 3018 64 52 ut
363 3018 107 52 sensus
438 3018 128 52 indicant
535 3018 139 52 veritatem
642 3018 107 52 vitae:
716 3018 75 52 ita
759 3018 128 52 defectus
856 3018 118 52 sensuum
930 3018 86 52 osten-

217 3055 75 51 dit
260 3055 128 51 idolorum
356 3055 150 51 vanitatem,
474 3055 96 51 sicut
538 3055 118 51 dicitur
624 3055 64 51 de
656 3055 118 51 idolis,
741 3055 96 51 Psal.
805 3055 86 51 115.
859 3055 64 51 v.
891 3055 64 51 4,
923 3055 64 51 5,
955 3055 64 51 6,
976 3055 43 51 7.

212 3083 68 56 Te
246 3083 125 56 riculis
337 3083 125 56 illarum
427 3083 114 56 argeni
507 3083 80 56 eis
552 3083 57 56 &
575 3083 125 56 aureis,
666 3083 102 56 operi
734 3083 114 56 manuum
814 3083 159 56 humanarum,
939 3083 68 56 Os
961 3083 57 56 est

214 3120 84 54 eis,
266 3120 73 54 sed
308 3120 73 54 non
350 3120 147 54 loquuntur;
465 3120 94 54 oculi
528 3120 84 54 sunt
581 3120 84 54 eis,
633 3120 73 54 sed
675 3120 73 54 non
717 3120 115 54 vident:
801 3120 94 54 Aures
864 3120 84 54 sunt
916 3120 84 54 eis,
969 3120 73 54 sed

219 3149 79 57 non
264 3149 135 57 audiunt:
365 3149 101 57 Nasas
432 3149 79 57 est
477 3149 90 57 eis,
533 3149 79 57 sed
578 3149 79 57 non
623 3149 157 57 odorantur;
747 3149 101 57 Manus
814 3149 90 57 sunt
870 3149 90 57 eis,
926 3149 79 57 sed
960 3149 56 57 non

210 3190 135 56 palpant.
311 3190 101 56 pedes
378 3190 90 56 sunt
434 3190 90 56 eis,
490 3190 78 56 sed
535 3190 78 56 non
580 3190 146 56 ambulant,
692 3190 78 56 non
737 3190 123 56 mutiunt
826 3190 123 56 gutture
905 3190 56 56 suo

252 3213 154 65 Praeterea
370 3213 130 65 mutatio
465 3213 83 65 seu
512 3213 177 65 depravatio,
654 3213 154 65 imminutio
773 3213 59 65 &
796 3213 142 65 abolitio
903 3213 118 65 sensuu
974 3213 47 65 de

1030 189 204 59 instabilitate
1198 189 60 59 &
1222 189 144 59 vanitat.
1330 189 108 59 Virae
1402 189 108 59 hisuc
1475 189 84 59 nos
1523 189 144 59 admonesa
1631 189 72 59 ut
1667 189 84 59 Dei
1715 189 120 59 semper
1787 189 48 59 re

1042 233 145 47 cordemur
1151 233 109 47 prout
1224 233 121 47 decet:
1308 233 85 47 Quo
1357 233 145 47 pertinet
1466 233 97 47 quod
1526 233 133 47 figitur
1623 233 97 47 Ecc.
1684 233 145 47 esiestae
1781 233 48 47 13

1052 268 65 49 1.
1085 268 65 49 1,
1117 268 54 49 2
1139 268 65 49 3.
1172 268 141 49 Recordare
1281 268 131 49 Creatoru
1378 268 76 49 tui
1422 268 87 49 die,
1476 268 65 49 us
1509 268 152 49 juventutis
1629 268 98 49 tuae;
1694 268 141 49 tantisper
1792 268 54 49 dum

1043 302 80 44 non
1088 302 69 44 ad
1123 302 126 44 veniunt
1215 302 92 44 dies
1272 302 115 44 ipsius
1353 302 92 44 mali
1410 302 57 44 &
1433 302 161 44 pertingunt
1559 302 103 44 anni,
1628 302 115 44 quibus
1709 302 115 44 dicas;
1778 302 57 44 non

1049 331 121 51 eci,ihi
1137 331 66 51 in
1170 331 99 51 istis
1237 331 166 51 delectatio:
1369 331 88 51 Tant
1424 331 88 51 sper
1480 331 77 51 dum
1524 331 77 51 non
1568 331 188 51 obtenebrescit
1723 331 77 51 Sol
1767 331 55 51 &
1778 331 66 51 lux;

1046 359 102 47 Tunaq
1114 359 68 47 ac
1147 359 124 47 stelle:
1238 359 102 47 neque
1306 359 147 47 recurrunt
1419 359 102 47 dinsa
1487 359 102 47 nubes
1554 359 90 47 post
1611 359 136 47 pluviam:
1713 359 79 47 Quo
1747 359 90 47 tempo-

1039 397 68 46 re
1073 397 192 46 commorobuntur
1231 397 135 46 cust:des
1332 397 90 46 clii
1389 397 113 46 domus,
1468 397 56 46 &
1490 397 158 46 pervertent
1614 397 90 46 sese
1671 397 135 46 valentes
1761 397 79 46 robo-

1045 431 83 59 re;
1092 431 59 59 &
1116 431 106 59 inter
1187 431 130 59 nittent
1281 431 165 59 molitrices
1411 431 94 59 illa
1470 431 94 59 quum
1529 431 142 59 mandent,
1635 431 59 59 &
1647 431 189 59 obtenebrescent

1043 460 87 47 illi,
1102 460 68 47 qui
1140 460 117 47 spectant
1228 460 68 47 per
1257 460 107 47 speculas.

1234 496 140 54 Tantum
1332 496 84 54 de
1374 496 168 54 potentia
1487 496 168 54 sensitiva.

1082 533 138 50 Potentia
1186 533 185 50 intellectiva
1336 533 115 50 animae
1417 533 138 50 humanae,
1521 533 81 50 est
1567 533 127 50 suprema
1659 533 115 50 animae
1728 533 104 50 humana;

1047 566 149 53 facultas
1159 566 149 53 rationem
1271 566 199 53 complectens,
1433 566 100 53 quam
1495 566 100 53 homo
1557 566 137 53 proprie
1657 566 87 53 est
1706 566 100 53 homo
1769 566 62 53 &
1781 566 50 53 ab

1048 606 97 45 aliis
1113 606 151 45 animalibus
1232 606 173 45 distinguitur
1373 606 119 45 Vocatur
1459 606 97 45 etiam
1524 606 65 45 in
1557 606 108 45 facris
1632 606 119 45 literis
1719 606 87 45 runs
1762 606 65 45 meni

1050 637 92 47 Rom.
1108 637 69 47 7.
1143 637 81 47 25.
1189 637 58 47 &
1212 637 81 47 12.
1258 637 69 47 1.
1293 637 115 47 πεῇμα,
1374 637 69 47 id
1408 637 92 47 est,
1466 637 150 47 spiritus,
1581 637 69 47 oo
1616 637 173 47 substantiam
1743 637 92 47 incor-

1042 673 114 44 poream
1121 673 57 44 &
1144 673 182 44 spiritualem.
1291 673 68 44 I.
1325 673 114 44 Thess.
1405 673 68 44 5.
1439 673 79 44 23.
1484 673 91 44 Heb.
1541 673 68 44 4.
1575 673 79 44 13.
1621 673 125 44 Dicitur
1711 673 57 44 a
1723 673 102 44 Platone

1045 700 60 46 &
1069 700 179 46 ἡγιμονικον.
1212 700 143 46 Quanquam
1319 700 83 46 nae
1367 700 202 46 appellationes
1533 700 143 46 interdum
1640 700 143 46 proprie,
1736 700 95 46 inter-

1037 740 82 43 dum
1084 740 141 43 figurate
1190 740 188 43 accipiantur.
1343 740 82 43 Nos
1390 740 106 43 enim,
1461 740 129 43 exempli
1555 740 129 43 gratia,
1649 740 141 43 interdum
1743 740 94 43 signi-

1046 768 97 49 ficat
1111 768 141 49 universum
1219 768 54 49 &
1241 768 119 49 λαγκον,
1328 768 65 49 id
1360 768 76 49 est
1404 768 54 49 &
1425 768 173 49 δναγοηλτιτον
1566 768 54 49 &
1588 768 141 49 θελητκον,
1696 768 108 49 veluti
1761 768 65 49 Rom.

1046 805 66 45 7.
1079 805 77 45 25.
1123 805 66 45 τῶ
1156 805 77 45 μξυ
1200 805 77 45 νοι
1244 805 99 45 δελόυ
1310 805 88 45 γόμῳ
1365 805 88 45 θεό,
1420 805 99 45 mente
1485 805 110 45 quidem
1562 805 110 45 servio
1639 805 88 45 legi
1694 805 88 45 Dei.
1749 805 66 45 Et
1771 805 66 45 cap.

1051 836 78 39 12.
1095 836 66 39 2.
1128 836 177 39 transformate
1272 836 78 39 vis
1317 836 78 39 per
1361 836 66 39 r:
1394 836 155 39 novationem
1516 836 55 39 φ
1538 836 89 39 νοός
1593 836 100 39 ημῶν,
1660 836 111 39 mentis
1726 836 100 39 vestrae

1036 867 131 47 interdum
1134 867 185 47 synecdochice,
1287 867 174 47 intellectum,
1428 867 65 47 ut
1461 867 87 47 Phil
1515 867 65 47 4.
1548 867 65 47 v.
1581 867 65 47 7.
1613 867 76 47 pax
1657 867 87 47 illa
1711 867 87 47 quae
1755 867 76 47 exsus

1043 907 98 34 perat
1108 907 98 34 τανζα
1174 907 87 34 νον,
1228 907 98 34 omnem
1293 907 174 34 intellectum;
1435 907 98 34 Apot.
1500 907 76 34 13.
1543 907 65 34 v.
1576 907 76 34 18.
1620 907 54 34 δ
1641 907 87 34 ἔχον
1696 907 76 34 τὸν
1739 907 87 34 νον,
1783 907 54 34 ψn-

1036 941 106 35 φισάτο
1111 941 74 35 τον
1153 941 117 35 δξιδμον
1238 941 117 35 γθεριν,
1322 941 74 35 qui
1365 941 95 35 habet
1428 941 170 35 intellectum,
1566 941 127 35 supputet
1661 941 117 35 numeris
1736 941 95 35 bestiae

1039 969 149 52 Interdum
1150 969 174 52 metonymice
1287 969 174 52 significat
1423 969 161 52 sermonem,
1547 969 99 52 quem
1609 969 161 52 audientes
1720 969 112 52 assequi

1042 998 186 35 intelligentia
1195 998 77 35 seu
1239 998 164 35 intelligere
1371 998 131 35 possint,
1469 998 66 35 ut
1502 998 66 35 1.
1535 998 88 35 Cor.
1590 998 66 35 14
1623 998 66 35 v.
1656 998 77 35 15.
1689 998 142 35 πξεσσυζομα,

1039 1033 91 45 γοi,
1095 1033 136 45 precabor
1197 1033 102 45 autem
1265 1033 57 45 &
1288 1033 102 45 mente
1356 1033 79 45 seu
1401 1033 204 45 intelligentia:
1571 1033 102 45 ψαλῶι
1639 1033 68 45 κι
1673 1033 68 45 τῶ
1707 1033 91 45 τοι,
1753 1033 79 45 psal.

1045 1069 78 46 lam
1089 1069 89 46 vero
1145 1069 100 46 etiam
1211 1069 100 46 mente
1278 1069 78 46 seu
1322 1069 200 46 intelligentia,
1488 1069 67 46 id
1522 1069 89 46 est,
1577 1069 122 46 sermone
1666 1069 78 46 qui
1710 1069 67 46 ab
1732 1069 100 46 audien:

1040 1098 88 47 tibus
1099 1098 127 47 intelligi
1197 1098 108 47 possit.

1073 1125 104 46 Mentis
1146 1125 146 46 facultates
1260 1125 156 46 essentiales
1385 1125 83 46 duae
1438 1125 94 46 sunt:
1500 1125 156 46 intellectus
1625 1125 52 46 &
1646 1125 125 46 volsitas
1730 1125 104 46 hominis.

1069 1166 167 36 Intellectus
1202 1166 133 36 hominis,
1302 1166 78 36 est
1347 1166 167 36 essentialis
1480 1166 133 36 facultas
1580 1166 111 36 mentis
1658 1166 133 36 humanae,
1758 1166 78 36 res
1791 1166 56 36 in-

1048 1201 175 43 telligibiles
1191 1201 164 43 cognoscens,
1322 1201 164 43 intelligens
1453 1201 55 43 &
1475 1201 164 43 dijudicans,
1607 1201 99 43 atque
1673 1201 99 43 actum
1727 1201 121 43 reflexum:

1035 1232 129 44 habens,
1129 1232 71 44 id
1165 1232 94 44 est,
1223 1232 94 44 suam
1282 1232 118 44 ipsius
1365 1232 141 44 actionem
1471 1232 165 44 cognoscens
1600 1232 59 44 &
1623 1232 153 44 judicans,
1741 1232 94 44 toti
1788 1232 59 44 ho-

1052 1268 91 36 mini
1109 1268 126 36 regendo
1200 1268 57 36 &
1223 1268 149 36 moderando
1337 1268 160 36 inservies,
1463 1268 57 36 &
1486 1268 91 36 ideo
1543 1268 69 36 in
1577 1268 103 36 anima
1646 1268 149 36 rationali
1760 1268 91 36 col¬

1054 1303 114 39 ocata,
1133 1303 68 39 ut
1167 1303 79 39 sit
1213 1303 125 39 tanquam
1303 1303 114 39 auriga
1383 1303 68 39 in
1417 1303 114 39 curru.
1496 1303 182 39 Synecdochice
1644 1303 148 39 nominatur
1746 1303 91 39 ratio-

1042 1331 136 43 hominis.
1144 1331 102 43 Actio
1212 1331 91 43 ejus
1268 1331 79 43 est
1314 1331 181 43 intelligete;
1461 1331 91 43 quam
1518 1331 57 43 a
1540 1331 147 43 fidelibus
1654 1331 91 43 Deus
1710 1331 147 43 requirit,

1048 1366 102 41 Psal.
1116 1366 68 41 2.
1150 1366 68 41 v.
1184 1366 79 41 10.
1229 1366 102 41 Math.
1297 1366 68 41 3.
1331 1366 68 41 51
1365 1366 136 41 Objectum
1467 1366 91 41 ejus
1524 1366 79 41 est
1569 1366 79 41 Ens
1614 1366 204 41 intelligibile,
1773 1366 68 41 quam

1047 1395 88 48 late
1102 1395 110 48 paret,
1179 1395 143 48 singulare
1288 1395 55 48 &
1299 1395 121 48 universal

1080 1430 119 44 Estque
1164 1430 179 44 intellectus
1307 1430 72 44 re
1343 1430 107 44 unus,
1414 1430 84 44 sed
1462 1430 60 44 e
1486 1430 95 44 modo
1546 1430 60 44 &
1569 1430 155 44 facultate
1677 1430 167 44 intelligendi

1055 1463 119 44 duplex,
1142 1463 119 44 patiens
1228 1463 54 44 &
1239 1463 76 44 agens

1088 1494 159 43 Intellectus
1216 1494 128 43 patiens,
1312 1494 74 43 est
1354 1494 74 43 qui
1397 1494 106 43 suapte
1471 1494 106 43 natura
1546 1494 96 43 capax
1609 1494 74 43 est
1652 1494 96 43 rerum
1705 1494 117 43 intelligi

1042 1521 121 53 bilium
1126 1521 121 53 omnium
1211 1521 60 53 &
1235 1521 109 53 earum
1307 1521 121 53 formas
1392 1521 72 53 in
1428 1521 72 53 se
1464 1521 145 53 recipit.
1573 1521 133 53 Vocatur
1669 1521 109 53 etiam
1729 1521 109 53 intude-

1055 1562 78 43 ctus
1104 1562 137 43 materialis
1212 1562 147 43 possibilis,
1330 1562 157 43 potentialis,
1447 1562 108 43 passivus.

1081 1589 158 51 Intellectus
1208 1589 105 51 agens,
1281 1589 74 51 est
1323 1589 74 51 qui
1365 1589 74 51 res
1407 1589 126 51 potentia
1502 1589 189 51 intelligibiles
1660 1589 63 51 ut
1691 1589 84 51 actu
1733 1589 95 51 intelli

1047 1632 109 51 gantur
1123 1632 131 51 efficit.
1222 1632 120 51 Dicitur
1309 1632 55 51 &
1331 1632 164 51 intellectus
1451 1632 98 51 activus

1076 1654 67 45 Ex
1109 1654 89 45 fine
1165 1654 100 45 etiam
1232 1654 111 45 duplex
1310 1654 89 45 est,
1365 1654 145 45 theoricus
1476 1654 56 45 &
1488 1654 122 45 practicus

1081 1696 161 44 Intellectus
1210 1696 140 44 theoricus
1318 1696 75 44 seu
1361 1696 183 44 speculativus,
1511 1696 75 44 est
1554 1696 75 44 qui
1597 1696 97 44 solam
1661 1696 97 44 rerum
1715 1696 129 44 contempla-

1042 1730 104 36 tione
1112 1730 151 36 contentus
1228 1730 116 36 tantum
1309 1730 162 36 intelligit
1437 1730 58 36 &
1460 1730 186 36 ratiocinatur
1611 1730 128 36 propter
1692 1730 151 36 cognitione,

1042 1763 147 35 videlicet
1155 1763 68 35 ut
1188 1763 79 35 res
1234 1763 102 35 recte
1301 1763 158 35 cognoscat,
1425 1763 90 35 quid
1482 1763 124 35 nimirum
1572 1763 79 35 sit
1617 1763 113 35 verum,
1696 1763 90 35 quid
1741 1763 102 35 falsum;

1045 1796 89 32 Unde
1101 1796 89 32 eius
1156 1796 100 32 finis
1223 1796 78 32 est
1268 1796 111 32 tantum
1346 1796 111 32 scire.
1424 1796 100 32 Ratio
1490 1796 123 32 hominis
1580 1796 134 32 theorica
1680 1796 78 32 seu
1713 1796 134 32 speculati-

1050 1823 71 48 va
1086 1823 165 48 appellatur
1204 1823 177 48 Synecdochice-

1079 1861 154 38 Intelectus
1200 1861 154 38 practicus,
1320 1861 77 38 est
1364 1861 77 38 qui
1408 1861 154 38 intelligit
1529 1861 55 38 &
1551 1861 176 38 ratiocinatur
1693 1861 121 38 propter
1770 1861 77 38 opus,

1042 1894 68 37 ut
1076 1894 125 37 nimirum
1167 1894 91 37 agat
1224 1894 57 37 &
1246 1894 137 37 efficiat
1349 1894 80 37 id,
1394 1894 91 37 quod
1451 1894 102 37 bonum
1519 1894 91 37 esse
1576 1894 171 37 intelligit.
1713 1894 68 37 Hi
1747 1894 91 37 enim
1792 1894 46 37 in

1054 1925 99 37 ebus
1115 1925 136 37 agendis
1214 1925 86 37 vim
1264 1925 99 37 suam
1325 1925 136 37 exercet
1424 1925 198 37 consultando,
1585 1925 185 37 deliberando
1733 1925 74 37 de
1758 1925 86 37 expe-

1042 1959 109 33 tendis
1119 1959 77 33 aut
1162 1959 142 33 fugiendis
1272 1959 88 33 iis:
1327 1959 88 33 Unde
1381 1959 88 33 ejus
1436 1959 99 33 finis
1502 1959 77 33 est
1546 1959 109 33 agere.
1622 1959 99 33 Ratio
1688 1959 120 33 hominis
1764 1959 77 33 prae-

1052 1991 91 44 tica
1108 1991 159 44 nuncupatur
1233 1991 193 44 Synecdochice.
1393 1991 80 44 Ita
1438 1991 170 44 intellectus
1574 1991 136 44 practici
1677 1991 136 44 proprius
1767 1991 80 44 actus

1037 2028 79 40 est
1082 2028 124 40 precari
1172 2028 102 40 Deum,
1240 2028 124 40 gratias
1331 2028 102 40 agere
1387 2028 57 40 Deo

1083 2051 155 46 Theoricus
1202 2051 179 46 intellectus
1346 2051 107 46 verum
1417 2051 60 46 &
1441 2051 119 46 falsum
1525 2051 84 46 pro
1572 2051 131 46 objecto
1668 2051 119 46 habet:
1740 2051 107 46 practi-

1036 2093 88 43 cus
1087 2093 189 43 intellectus
1238 2093 76 43 in
1276 2093 227 43 consideratione
1465 2093 126 43 omnium
1554 2093 215 43 particularium
1718 2093 126 43 actionum

1034 2125 168 41 occupatur,
1166 2125 108 41 bonae
1238 2125 72 41 ne
1273 2125 96 41 sint
1333 2125 72 41 an
1357 2125 84 41 malae

1075 2148 71 47 Ex
1111 2148 166 47 actionibus
1241 2148 83 47 seu
1288 2148 201 47 operationibus
1454 2148 177 47 intellectus
1596 2148 83 47 est
1643 2148 83 47 vel
1690 2148 142 47 simplex,
1785 2148 59 47 vel

1039 2190 171 34 compositus.
1176 2190 137 34 Simplex,
1278 2190 80 34 qui
1324 2190 148 34 simplices
1438 2190 103 34 rerum
1507 2190 160 34 singularum
1632 2190 137 34 species,
1724 2190 114 34 imagines

1052 2225 57 35 &
1074 2225 138 35 notiones
1178 2225 172 35 apprehendit
1316 2225 57 35 &
1338 2225 161 35 cognoscit:
1465 2225 172 35 Compositus,
1602 2225 80 35 qui
1648 2225 80 35 res
1694 2225 115 35 plures
1763 2225 69 35 con-

1042 2254 119 40 junctas
1129 2254 141 40 colligit.
1238 2254 152 40 Compositus
1357 2254 163 40 intellectus
1487 2254 76 40 vel
1531 2254 130 40 noiticus
1629 2254 87 40 est,
1683 2254 76 40 vel
1716 2254 119 40 dianoeti-

1036 2288 91 40 cus.
1093 2288 148 40 Noeticus,
1207 2288 80 40 est
1253 2288 80 40 qui
1298 2288 80 40 res
1344 2288 148 40 simplices
1458 2288 148 40 disponit,
1572 2288 80 40 eas
1618 2288 114 40 partim
1687 2288 148 40 componendo-

1051 2321 115 36 partim
1132 2321 161 36 dividendo:
1259 2321 92 36 unde
1316 2321 150 36 veritatis
1432 2321 58 36 &
1455 2321 161 36 falsitatis
1582 2321 138 36 judicium
1685 2321 173 36 consequitur

1037 2357 184 31 Dianoeticus,
1186 2357 80 31 est
1232 2357 80 31 qui
1278 2357 69 31 ab
1312 2357 80 31 uno
1358 2357 69 31 ad
1393 2357 103 31 aliud
1461 2357 69 31 ex
1496 2357 161 31 collatione
1622 2357 161 31 diversarum
1737 2357 92 31 rerum-

1044 2383 156 39 discurrit
1164 2383 84 39 vel
1212 2383 192 39 ratiocinando
1367 2383 84 39 vel
1415 2383 156 39 ordinando
1535 2383 108 39 plura
1607 2383 108 39 certa
1678 2383 144 39 methodo:
1774 2383 72 39 unde

1042 2418 156 36 discurius
1162 2418 84 36 tum
1210 2418 217 36 ratiocinativus
1391 2418 84 36 est
1439 2418 72 36 in
1475 2418 180 36 Syllogismo,
1619 2418 84 36 tum
1668 2418 180 36 ordinativus
1800 2418 48 36 in

1024 2452 136 39 Methodo

1070 2486 105 44 Porro
1140 2486 175 44 intellectui
1280 2486 128 44 hominis
1373 2486 58 44 a
1396 2486 81 44 Deo
1443 2486 93 44 ipso
1501 2486 116 44 insita
1582 2486 81 44 est
1629 2486 105 44 recta
1699 2486 105 44 ratio
1769 2486 58 44 &
1780 2486 70 44 con

1041 2517 95 45 cientia.

1077 2541 120 46 RECTA
1157 2541 120 46 RATIO
1237 2541 161 46 hominis,
1358 2541 94 46 est
1411 2541 107 46 vera
1478 2541 147 46 notitia
1585 2541 187 46 voluntatis
1733 2541 67 46 &
1746 2541 107 46 operum

1055 2579 87 41 Dei,
1110 2579 66 41 ut
1143 2579 55 41 &
1164 2579 120 41 ordinis
1252 2579 153 41 judiciique
1372 2579 120 41 divini,
1460 2579 55 41 a
1481 2579 77 41 Deo
1525 2579 98 41 menti
1591 2579 120 41 humanae
1678 2579 153 41 inscripta,
1787 2579 66 41 quae

1045 2611 109 41 magis
1117 2611 145 41 magisque
1226 2611 169 41 accenditur
1359 2611 60 41 &
1383 2611 193 41 illustratur,
1539 2611 84 41 tum
1588 2611 145 41 opificii
1696 2611 60 41 &
1708 2611 133 41 providen-

1048 2650 96 37 tiae
1108 2650 84 37 Dei
1156 2650 229 37 contemplatione,
1349 2650 84 37 tum
1398 2650 157 37 exercitio
1518 2650 145 37 virtutum
1627 2650 229 37 intellectualium
1808 2650 36 37 &

1042 2682 159 41 moralium,
1164 2682 74 41 ut
1201 2682 123 41 homini
1287 2682 159 41 inserviat
1409 2682 61 41 &
1434 2682 74 41 in
1471 2682 135 41 censura
1569 2682 184 41 creaturarum
1703 2682 135 41 operumque

1054 2719 91 35 Dei,
1110 2719 57 35 &
1133 2719 68 35 in
1167 2719 136 35 officiis
1269 2719 215 35 Ecclesiasticis,
1450 2719 159 35 Politicis,
1575 2719 170 35 Oeconomicis
1710 2719 136 35 Ethicis.
1801 2719 34 35 A

1056 2744 99 43 Paulo
1122 2744 121 43 vocatur
1211 2744 121 43 natura,
1299 2744 88 43 Rom.
1354 2744 66 43 2.
1387 2744 66 43 v.
1420 2744 66 43 14
1454 2744 110 43 Gentes
1531 2744 121 43 natura,
1619 2744 66 43 id
1652 2744 88 43 est,
1708 2744 66 43 ex
1730 2744 99 43 dictami

1045 2775 68 43 ne
1079 2775 113 43 rectae
1157 2775 146 43 rationis,
1270 2775 90 43 quae
1326 2775 101 43 legis
1394 2775 90 43 sunt
1450 2775 135 43 faciunt,
1551 2775 56 43 &
1574 2775 68 43 1.
1608 2775 135 43 Corinth.
1709 2775 79 43 11.
1743 2775 101 43 versio.

1052 2820 76 42 14.
1085 2820 54 42 15.

1091 2827 92 59 Autor
1152 2827 103 59 rectae
1224 2827 123 59 rationis
1317 2827 62 59 in
1347 2827 92 59 mente
1409 2827 123 59 hominis,
1501 2827 72 59 est
1542 2827 92 59 λόγος
1604 2827 82 59 ille
1655 2827 133 59 aeternus,
1758 2827 62 59 id
1778 2827 62 59 est;

1057 2873 108 50 Filius
1133 2873 86 50 Dei,
1187 2873 65 50 ut
1219 2873 130 50 testatur
1316 2873 130 50 Johannes
1413 2873 162 50 Evangelista
1543 2873 86 50 cap.
1597 2873 65 50 1.
1629 2873 97 50 vers.
1694 2873 65 50 9.
1726 2873 76 50 Hic
1759 2873 86 50 Sermo-

1049 2911 141 40 aeternus
1155 2911 94 40 erat
1214 2911 82 40 Lux
1261 2911 94 40 illa
1320 2911 94 40 vera
1378 2911 94 40 quae
1437 2911 153 40 illuminat
1555 2911 106 40 omnem
1625 2911 129 40 hominem
1708 2911 129 40 venientem

1063 2939 67 45 in
1096 2939 90 45 hunc
1153 2939 124 45 mandum.
1243 2939 79 45 His
1288 2939 90 45 enim
1344 2939 112 45 verbis
1423 2939 157 45 necessario
1546 2939 135 45 rationis
1648 2939 67 45 ac
1681 2939 157 45 sapientiae
1794 2939 56 45 ha-

1053 2973 106 44 manae
1124 2973 165 44 largitorem
1253 2973 118 44 Filium
1336 2973 153 44 ostendit,
1453 2973 71 44 ut
1489 2973 118 44 optime
1571 2973 200 44 interpretatur
1724 2973 118 44 Cyrillus

1053 3009 110 43 libro
1126 3009 110 43 primo
1199 3009 73 43 I1
1235 3009 146 43 Jhannem,
1345 3009 122 43 capite
1430 3009 146 43 septimo:
1540 3009 85 43 Ubi
1588 3009 85 43 mox
1637 3009 122 43 addit;
1722 3009 97 43 Vita
1771 3009 73 43 erat

1069 3036 70 51 ux
1104 3036 139 51 hominum:
1209 3036 81 51 Ita
1255 3036 81 51 qui
1302 3036 139 51 universa
1406 3036 151 51 vivificat
1522 3036 81 51 Dei
1569 3036 128 51 Filius,
1662 3036 81 51 qui
1708 3036 70 51 in
1731 3036 105 51 omnibus

1069 3070 83 51 vita
1121 3070 83 51 est,
1173 3070 73 51 hic
1215 3070 83 51 ipse
1267 3070 136 51 rationale
1371 3070 104 51 quoque
1444 3070 136 51 illuminat
1538 3070 83 51 animal

1103 3093 102 51 Sorma
1170 3093 68 51 ac
1204 3093 102 51 norma
1272 3093 90 51 ejus
1328 3093 90 51 sunt
1385 3093 147 51 principia
1498 3093 158 51 naturalia,
1622 3093 90 51 quae
1678 3093 102 51 sunt,
1735 3093 124 51 definito-

1058 3134 75 50 re
1096 3134 150 50 Philippo
1209 3134 213 50 Melanchthone,
1384 3134 150 50 notitiae
1496 3134 63 50 a
1521 3134 88 50 Deo
1571 3134 138 50 naturae
1671 3134 125 50 mentis
1746 3134 113 50 humanae

1055 3176 126 36 insitae,
1149 3176 105 36 veluti
1222 3176 94 36 radii
1285 3176 94 36 lucis
1347 3176 52 36 &
1368 3176 146 36 sapientiae
1483 3176 126 36 divinae,
1578 3176 63 36 ut
1609 3176 84 36 sint
1661 3176 146 36 testimonia
1776 3176 63 36 de
1797 3176 63 36 Deo.

1068 3208 58 49 &
1092 3208 93 49 ejus
1150 3208 163 49 voluntate,
1278 3208 58 49 &
1301 3208 163 49 discernant
1429 3208 81 49 nos
1476 3208 58 49 a
1499 3208 140 49 bestiis,
1604 3208 58 49 &
1627 3208 116 49 regant
1709 3208 105 49 vitam
1779 3208 58 49 &
1790 3208 70 49 gig
