2063 3523
213 177 131 55 volucres
311 177 109 55 coeli:
388 177 76 55 non
431 177 87 55 enim
486 177 120 55 serunt,
573 177 98 55 neque
639 177 120 55 metunt,
726 177 98 55 neque
792 177 109 55 cogunt
868 177 66 55 in
901 177 120 55 horrea,
988 177 76 55 sed

211 205 87 61 Pater
270 205 78 61 ille
318 205 97 61 vester
386 205 126 61 coelestis
483 205 78 61 alit
532 205 78 61 eas:
581 205 58 61 Et
610 205 78 61 cap.
658 205 68 61 10.
697 205 58 61 2.
726 205 68 61 29,
765 205 68 61 30.
804 205 87 61 Nonne
862 205 68 61 duo
892 205 126 61 passerculis

216 243 126 55 assario
307 243 138 55 vaneunt,
411 243 57 55 &
434 243 92 55 unus
491 243 69 55 ex
525 243 80 55 eis
571 243 80 55 non
617 243 103 55 cadit
686 243 69 55 in
721 243 115 55 terram
801 243 92 55 sine
858 243 103 55 Patre
916 243 103 55 vestro?

222 274 110 55 Vestri
299 274 88 55 vero
354 274 99 55 etiam
420 274 121 55 capilli
508 274 121 55 capitis
596 274 99 55 omnes
661 274 132 55 numerati
760 274 99 55 sunt.
826 274 99 55 Plura
881 274 132 55 testimonis

218 321 139 52 deinceps
323 321 70 52 in
357 321 151 52 progressu
473 321 197 52 allegabuntur.

254 355 157 53 Argumenta
375 355 97 53 alia
435 355 97 53 haec
483 355 85 53 sunt:

254 379 142 51 PRIMUM:
357 379 77 51 Si
396 379 103 51 Deus
461 379 103 51 est,
525 379 194 51 providentia
680 379 103 51 est.
745 379 129 51 Quibus
835 379 103 51 enim
887 379 129 51 argumen-

216 412 85 54 tis
265 412 207 54 demonstratur,
435 412 98 54 esse
496 412 110 54 Deum:
569 412 122 54 iisdem
655 412 158 54 evincitur
776 412 195 54 providentiam
923 412 85 54 esse.

217 449 109 56 Deinde
294 449 77 56 non
337 449 109 56 aliter
414 449 109 56 potest
491 449 66 56 ei
524 449 142 56 divinitas
633 449 142 56 attribui,
742 449 88 56 nisi
797 449 55 56 &
819 449 153 56 praeterita
928 449 88 56 teneat

220 481 158 57 praesentia
344 481 113 57 sciat,
423 481 57 57 &
446 481 113 57 futura
525 481 158 57 provideat.
649 481 90 57 Unde
706 481 113 57 Jehova
785 481 79 57 per
830 481 147 57 Prophetas
943 481 68 57 se
966 481 45 57 es

211 513 67 51 se
244 513 89 51 Deum
300 513 122 51 asserit
389 513 67 51 ex
422 513 133 51 operibus
522 513 189 51 providentiae,
678 513 67 51 ut
711 513 78 51 Jes
755 513 78 51 42.
800 513 100 51 vers.
866 513 67 51 8.
900 513 67 51 9.
933 513 78 51 Ego
966 513 56 51 sum

224 551 126 47 lehova,
315 551 103 47 illud
384 551 80 47 est
430 551 103 47 nomen
498 551 103 47 meum,
567 551 57 47 &
590 551 126 47 gloriam
681 551 92 47 meam
738 551 114 47 alteri
819 551 80 47 non
864 551 103 47 dabo,
933 551 57 47 &
944 551 69 47 lau-

212 579 87 53 dem
261 579 100 53 meam
324 579 212 53 sculptilibus.
498 579 125 53 Pripra
585 579 100 53 ecce
648 579 174 53 evenerunt:
785 579 62 53 &
810 579 100 53 nova
872 579 87 53 ego
909 579 100 53 indico

225 619 99 48 quum
287 619 124 48 nondum
374 619 186 48 exoriuntur,
523 619 162 48 pronuncio
647 619 124 48 vobis.
734 619 112 48 Eodem
809 619 162 48 argumento
921 619 99 48 idolis

217 654 131 48 deitatem
315 654 109 48 inesse
392 654 109 48 negat,
468 654 87 48 Jes.
522 654 76 48 41.
566 654 65 48 v.
599 654 76 48 22,
642 654 76 48 23.
686 654 142 48 Proponant
795 654 55 48 &
817 654 131 48 indicent
915 654 98 48 nobis
969 654 44 48 eo

222 684 91 55 quae
279 684 149 55 obventura
393 684 103 55 sunt:
462 684 114 55 priora
542 684 91 55 quae
599 684 80 55 nam
645 684 91 55 sunt
702 684 149 55 indicate,
816 684 69 55 ut
850 684 149 55 apponamus
953 684 69 55 ani-

212 720 89 44 mum
263 720 152 44 nostrum,
377 720 63 44 &
402 720 190 44 cognoscamus
554 720 114 44 finem
630 720 127 44 eorum,
719 720 89 44 aut
769 720 152 44 euentura
871 720 139 44 pronuncia

215 756 65 44 te
248 756 108 44 nobis.
323 756 129 44 Indicate
420 756 86 44 quae
474 756 129 44 eventura
571 756 86 44 sunt
624 756 65 44 in
657 756 140 44 posterum,
764 756 65 44 ut
797 756 162 44 cognescamus
926 756 75 44 vos
958 756 54 44 es-

223 796 66 41 se
256 796 99 41 deos;
322 796 99 41 etiam
389 796 155 41 benefacite
510 796 77 41 aut
554 796 166 41 malefacite,
687 796 66 41 ut
720 796 188 41 obstupescamus
874 796 133 41 videntes
963 796 55 41 pa-

222 821 111 47 riter.
300 821 134 47 Quisquis
400 821 111 47 igitur
478 821 123 47 credit,
567 821 89 47 esse
623 821 100 47 Deum;
690 821 78 47 cum
734 821 100 47 etiam
801 821 123 47 necesse
890 821 78 47 est
924 821 89 47 crede-

222 855 85 47 re,
271 855 97 47 esse
331 855 195 47 providentiam
490 855 97 47 Dei.
550 855 97 47 Quod
611 855 73 47 si
648 855 195 47 providentiam
806 855 85 47 Dei
855 855 97 47 quis
903 855 110 47 negave-

214 891 94 48 rit,
273 891 117 48 reipsa
355 891 106 48 etiam
425 891 94 48 Deum
484 891 94 48 esse
543 891 117 48 negat,
625 891 129 48 etiamsi
719 891 141 48 Deitatem
824 891 117 48 verbis
895 891 117 48 asserere

219 929 133 39 maxime,
316 929 97 39 quod
376 929 109 39 facit
449 929 97 39 homo
510 929 145 39 ,
619 929 133 39 ratione
716 929 133 39 abutens
813 929 73 39 ad
849 929 158 39 insaniam,
958 929 61 39 te-

225 965 73 37 ste
266 965 105 37 Davide
340 965 73 37 Ps.
381 965 73 37 14.
423 965 63 37 v.
455 965 63 37 1,
486 965 94 37 Dicit
549 965 115 37 stultus
632 965 63 37 in
664 965 94 37 corde
727 965 84 37 suo,
779 965 73 37 non
821 965 73 37 est
863 965 94 37 Deus:
915 965 94 37 corrum.

211 998 114 47 punt,
287 998 190 47 abominandam
439 998 139 47 quamque
540 998 152 47 actionem
641 998 152 47 perpetrant

248 1028 167 44 SECUNDUM
373 1028 194 44 argumentum
526 1028 194 44 suppeditat
679 1028 139 44 natura
776 1028 97 44 Dei
831 1028 69 44 &
845 1028 167 44 proprieta.

214 1064 75 38 tes
257 1064 86 38 ejus
311 1064 172 38 essentiales.
450 1064 75 38 Qui
493 1064 75 38 est
536 1064 204 38 sapientissimus,
708 1064 129 38 optimus,
804 1064 172 38 justissimus,
944 1064 64 38 ad
965 1064 54 38 mi-

212 1096 185 41 sericordiam
360 1096 234 41 propensissimus,
557 1096 185 41 omnipotens;
705 1096 74 41 is
742 1096 148 41 profecto
853 1096 111 41 rebus
914 1096 99 41 omnibu

224 1138 148 40 providet,
338 1138 103 40 omnia
406 1138 57 40 &
429 1138 125 40 singula
520 1138 103 40 curat
589 1138 57 40 &
611 1138 137 40 dirigit,
714 1138 68 40 ne
748 1138 91 40 quid
805 1138 114 40 temere
885 1138 103 40 fiat.
942 1138 80 40 Atqui

226 1166 88 44 Deus
281 1166 77 44 est
325 1166 110 44 talis,
401 1166 66 44 ut
434 1166 99 44 libro
500 1166 121 44 secundo
588 1166 110 44 abunde
665 1166 132 44 probatum
752 1166 66 44 est,

260 1202 156 41 TERTIUM
373 1202 198 41 argumentum
529 1202 241 41 subministrant
727 1202 128 41 opera
812 1202 113 41 Dei,
883 1202 85 41 in
912 1202 113 41 quibus

222 1231 219 45 evidentissime
403 1231 194 45 providentia
558 1231 90 45 Dei
609 1231 142 45 elucet,
712 1231 103 45 quod
777 1231 181 45 argumentum
906 1231 116 45 copiose

215 1267 140 44 tractat
317 1267 191 44 Theodoretus
470 1267 77 44 in
509 1267 179 44 Sermonibus
649 1267 115 44 decem
726 1267 77 44 de
764 1267 204 44 Providentia.
917 1267 102 44 Inpri-

212 1302 90 41 mis
264 1302 116 41 autem
341 1302 116 41 opera
418 1302 90 41 Dei
469 1302 77 41 in
507 1302 128 41 homine
597 1302 64 41 &
623 1302 116 41 rebus
700 1302 141 41 humanis
803 1302 167 41 testantur
918 1302 103 41 provi-

216 1335 138 42 dentiam
317 1335 138 42 divinam
418 1335 201 42 apertissime,
581 1335 113 42 nempe
657 1335 138 42 notitia
758 1335 113 42 Legis
833 1335 151 42 mentibus
934 1335 88 42 huma-

213 1366 88 41 nis
264 1366 63 41 a
289 1366 88 41 Deo
339 1366 138 41 insita:
439 1366 100 41 mens
502 1366 138 41 hominis
602 1366 125 41 regens
690 1366 125 41 corpus
777 1366 63 41 &
802 1366 113 41 vitam
878 1366 150 41 omnesque
978 1366 50 41 a-

213 1406 127 41 ctiones
306 1406 139 41 hominis,
410 1406 81 41 Ps.
457 1406 69 41 94
491 1406 69 41 8,
526 1406 69 41 9,
561 1406 69 41 10
596 1406 208 41 Animadvertite,
769 1406 58 41 o
792 1406 162 41 brutissimi
920 1406 69 41 in
943 1406 81 41 popu-

227 1439 80 36 lo:
272 1439 57 36 &
295 1439 171 36 stultissimi
432 1439 114 36 quando
512 1439 194 36 intelligentes
671 1439 125 36 eritis?
763 1439 68 36 An
797 1439 148 36 plantator
911 1439 103 36 auris
968 1439 57 36 non

222 1476 132 32 audiat?
318 1476 84 32 aut
366 1476 144 32 formator
473 1476 108 32 oculi
545 1476 72 32 an
581 1476 84 32 non
629 1476 168 32 intueatur?
761 1476 72 32 An
797 1476 168 32 castigator
916 1476 108 32 Gentium

220 1500 80 43 non
265 1500 184 43 reprehendat?
415 1500 80 43 qui
461 1500 103 43 docet
530 1500 126 43 homines
622 1500 161 43 scientiam:
748 1500 92 43 Item
806 1500 149 43 beneficia
921 1500 80 43 tot
955 1500 69 43 cor-

226 1542 129 37 poralia
320 1542 58 37 &
343 1542 175 37 spiritualia
484 1542 117 37 quibus
565 1542 129 37 homines
659 1542 140 37 continuo
764 1542 140 37 afficit,
870 1542 70 37 ut
905 1542 117 37 Paulus
975 1542 70 37 con-

229 1573 130 34 cionatur
327 1573 119 34 Lystrae
413 1573 87 34 Act.
468 1573 76 34 14.
511 1573 65 34 v.
543 1573 76 34 17.
587 1573 76 34 Non
630 1573 108 34 passus
706 1573 76 34 est
749 1573 65 34 se
782 1573 87 34 esse
836 1573 130 34 expertem
923 1573 108 34 testimo-

222 1609 89 35 nii,
278 1609 89 35 bona
334 1609 157 35 tribuendo,
457 1609 89 35 dans
513 1609 101 35 nobis
580 1609 134 35 coelitus
680 1609 123 35 pluvias
770 1609 67 35 ac
803 1609 168 35 praestituta
926 1609 101 35 tempora

224 1638 143 43 fructibus
334 1638 176 43 proferendis,
477 1638 121 43 implens
565 1638 88 43 cibo
620 1638 55 43 &
642 1638 176 43 delectatione
785 1638 99 43 corda
851 1638 121 43 nostra.
939 1638 66 43 Et
961 1638 66 43 cap.

238 1679 79 39 17.
283 1679 67 39 v.
316 1679 79 39 26.
361 1679 79 39 17.
406 1679 168 39 conscientia
541 1679 191 39 uniuscujusque
698 1679 90 39 bona
754 1679 79 39 vel
799 1679 101 39 mala:
867 1679 124 39 praemia
945 1679 90 39 quibus

226 1708 90 41 Deus
282 1708 101 41 recte
349 1708 101 41 facta
417 1708 112 41 ornat:
495 1708 112 41 poenae
574 1708 90 41 quas
630 1708 90 41 Deus
686 1708 168 41 peccantibus
821 1708 146 41 infligit:
922 1708 112 41 politiae

228 1740 116 45 quarum
310 1740 174 45 constitutio
449 1740 58 45 &
472 1740 185 45 conservatio,
622 1740 81 45 aut
669 1740 139 45 mutatio,
773 1740 81 45 aut
819 1740 162 45 translatio
947 1740 81 45 est
982 1740 46 45 o-

228 1776 84 41 pus
276 1776 96 41 Dei:
336 1776 109 41 motus
409 1776 133 41 heroici
505 1776 96 41 quos
566 1776 96 41 Deus
626 1776 217 41 gubernatoribus
807 1776 60 41 &
831 1776 109 41 aliis
903 1776 109 41 indit
964 1776 60 41 quo

228 1813 86 36 rum
277 1813 172 36 ministerio
412 1813 86 36 uti
461 1813 147 36 dignatur
571 1813 74 36 ad
608 1813 184 36 defensionem
755 1813 159 36 Ecclesiae
878 1813 110 36 suae,
939 1813 98 36 quales

230 1845 117 37 motus
308 1845 143 37 heroici
412 1845 65 37 &
437 1845 156 37 virtutes
554 1845 182 37 superantes
697 1845 156 37 communem
814 1845 130 37 captum
904 1845 143 37 hominur

221 1878 138 36 fuerunt
322 1878 75 36 in
359 1878 113 36 Mose,
435 1878 125 36 Josua.
523 1878 151 36 Samgare,
636 1878 151 36 Simsone,
748 1878 138 36 Davide.
849 1878 163 36 Confirmat
962 1878 75 36 pro-

234 1915 160 33 videntiam
357 1915 135 33 divinam
455 1915 111 33 etiam
529 1915 98 33 erdo
590 1915 221 33 sapientissimus
775 1915 74 33 in
812 1915 135 33 natura,
910 1915 98 33 quem
959 1915 74 33 Deus

238 1947 150 33 conservat
354 1947 58 33 &
377 1947 162 33 moderatur,
504 1947 69 33 ut
539 1947 127 33 docetur
631 1947 81 33 Ps.
677 1947 92 33 147.
735 1947 69 33 4.
770 1947 139 33 Supputat
874 1947 127 33 numerum
955 1947 69 33 stel

230 1977 112 42 larum,
308 1977 135 42 quotquot
409 1977 90 42 sunt
465 1977 146 42 nominibus
577 1977 112 42 vocat.
656 1977 56 42 &
678 1977 67 42 v.
712 1977 67 42 8.
746 1977 78 42 Qui
790 1977 123 42 obtegit
880 1977 112 42 coelos
947 1977 90 42 densit

235 2017 130 38 nubibus,
333 2017 76 38 qui
376 2017 130 38 comparat
473 2017 108 38 terrae
549 2017 130 38 pluviam,
646 2017 76 38 qui
690 2017 97 38 facit
755 2017 65 38 ut
787 2017 141 38 proferant
895 2017 108 38 montes
960 2017 65 38 foe-

237 2050 99 42 num.
298 2050 172 42 Stabiliunt
434 2050 123 42 eandem
520 2050 62 42 &
545 2050 111 42 fines
619 2050 74 42 ad
655 2050 99 42 quos
717 2050 111 42 omnia
791 2050 135 42 tendunt
890 2050 62 42 &
902 2050 123 42 perveni-

240 2081 78 40 unt
285 2081 67 40 in
318 2081 112 40 mundo,
396 2081 156 40 sapientia,
519 2081 134 40 bonitate
620 2081 56 40 &
642 2081 134 40 potentia
743 2081 156 40 Creatoris,
865 2081 101 40 Deut.
932 2081 67 40 8.
966 2081 67 40 v.
988 2081 45 40 3.

237 2114 59 36 &
261 2114 140 36 Matth.4.
366 2114 70 36 v.
401 2114 70 36 4.
436 2114 82 36 Non
483 2114 94 36 solo
542 2114 94 36 pane
600 2114 105 36 vivit
670 2114 105 36 homo,
740 2114 82 36 sed
787 2114 94 36 omni
846 2114 105 36 verbo
904 2114 129 36 prodeunte

232 2150 66 38 ex
265 2150 77 38 ore
309 2150 88 38 Dei.
364 2150 77 38 Sed
408 2150 77 38 tam
453 2150 99 38 clara
519 2150 77 38 est
563 2150 165 38 providentia
695 2150 88 38 Dei,
750 2150 66 38 ut
783 2150 88 38 ipsa
839 2150 110 38 quoque
916 2150 99 38 bruta
971 2150 66 38 ani-

229 2181 137 46 mantia
325 2181 69 46 &
353 2181 165 46 elementa
477 2181 137 46 eandem
573 2181 137 46 docere
669 2181 165 46 valeant,
793 2181 206 46 quemadmodum
944 2181 96 46 Jobus

235 2214 132 41 ostendit
334 2214 88 41 cap.
389 2214 77 41 12.
433 2214 66 41 v.
467 2214 66 41 7.
500 2214 66 41 8,
533 2214 66 41 9,
566 2214 77 41 10.
610 2214 132 41 Enimvero
709 2214 154 41 interroga,
830 2214 121 41 quaeso,
919 2214 132 41 jumenta,
1007 2214 33 41 &

241 2248 124 42 docebit
331 2248 68 42 te
365 2248 124 42 illorum
455 2248 135 42 quodque;
556 2248 79 42 aut
601 2248 135 42 volucrem
703 2248 113 42 coeli,
782 2248 56 42 &
804 2248 147 42 indicabit
917 2248 101 42 tibi:
973 2248 68 42 Aut.

245 2282 168 37 confabulare
380 2282 79 37 cum
424 2282 112 37 terra,
503 2282 56 37 &
526 2282 124 37 docebit
615 2282 79 37 te:
660 2282 101 37 etiam
728 2282 157 37 enarrabunt
851 2282 90 37 tibi
907 2282 112 37 pisces
975 2282 56 37 mu-

238 2315 88 39 ris.
293 2315 88 39 Quis
349 2315 77 39 non
393 2315 133 39 cognovit
492 2315 66 39 ex
525 2315 122 39 omnibus
614 2315 111 39 istis,
691 2315 100 39 manum
758 2315 122 39 Iehovae
846 2315 111 39 facere
923 2315 111 39 illud?
990 2315 44 39 In

242 2347 105 47 cujus
312 2347 93 47 manu
370 2347 81 47 est
417 2347 105 47 anima
487 2347 105 47 omnis
557 2347 151 47 viventis,
673 2347 58 47 &
696 2347 140 47 spiritus
801 2347 116 47 totius
883 2347 116 47 carnis
953 2347 81 47 huma

224 2380 60 30 nae-

273 2410 83 44 Nec
321 2410 107 44 minus
392 2410 190 44 providentiam
547 2410 83 44 Dei
594 2410 143 44 testatam
701 2410 131 44 faciunt
796 2410 202 44 praedictiones
951 2410 83 44 divi-

244 2441 82 51 nae
291 2441 118 51 eventu
374 2441 94 51 ipso
432 2441 188 51 comprobatae:
585 2441 153 51 miracula,
703 2441 94 51 quae
762 2441 94 51 Deus
821 2441 141 51 exhibuit
926 2441 59 51 &
938 2441 106 51 exhibet

242 2477 102 50 supra
310 2477 113 50 totius
389 2477 125 50 naturae
480 2477 113 50 vires:
559 2477 102 50 signa
627 2477 147 50 temporum:
740 2477 125 50 eventus
831 2477 147 50 insignes:
933 2477 113 50 horribi-

246 2510 82 53 les
293 2510 187 53 tempestates,
445 2510 128 53 ostenta
538 2510 58 53 &
561 2510 152 53 prodigia:
678 2510 140 53 martyrum
783 2510 128 53 Christi
877 2510 163 53 constantia
993 2510 47 53 in

251 2546 172 52 perferendis
388 2546 172 52 cruciatibus
526 2546 218 52 exquisitissimis
710 2546 57 52 &
733 2546 138 52 mortibus
837 2546 207 52 crudelissimis.
998 2546 57 52 Hoc

258 2578 111 54 ipsum
332 2578 123 54 quoque
418 2578 135 54 maximum
516 2578 86 54 est
566 2578 197 54 providentiae
726 2578 135 54 divinae
824 2578 185 54 documentum,
972 2578 99 54 quod

249 2615 110 49 rerum
322 2615 170 49 plurimarum
456 2615 146 49 rationes
565 2615 110 49 nobis
638 2615 134 49 arcanae
736 2615 97 49 sunt
797 2615 61 49 &
809 2615 231 49 imperscrutabiles.

248 2640 128 49 humano
325 2640 128 49 ingenio-

278 2674 96 50 Ista
338 2674 108 50 omnia
410 2674 156 50 perspicue
530 2674 192 50 demonstrant,
687 2674 192 50 Providentiam
843 2674 84 50 Dei
879 2674 72 50 esse

286 2708 129 55 Proinde
380 2708 105 55 nihil
450 2708 152 55 contingit
567 2708 117 55 temere
649 2708 82 55 aut
696 2708 152 55 fortuito,
813 2708 105 55 nihil
883 2708 140 55 secundum
977 2708 70 55 car-

258 2741 109 54 nales
331 2741 194 54 cogitationes
488 2741 145 54 hominum;
597 2741 85 54 sed
645 2741 109 54 omnia
718 2741 109 54 fiunt
791 2741 182 54 providentia
936 2741 97 54 Dei,
985 2741 48 54 se

243 2778 123 49 cundum
329 2778 148 49 aeternum
440 2778 99 49 ejus
502 2778 161 49 consilium
625 2778 62 49 &
650 2778 185 49 voluntatem,
798 2778 74 49 ut
835 2778 136 49 dicitur
922 2778 111 49 Proverb

249 2809 74 53 19.
292 2809 63 53 v.
323 2809 74 53 21.
365 2809 105 53 Multae
439 2809 168 53 cogitationes
575 2809 105 53 insunt
649 2809 95 53 animo
712 2809 137 53 cujusque,
817 2809 74 53 sed
859 2809 137 53 consilium
954 2809 84 53 Iehovi

250 2840 97 60 ipsum
315 2840 119 60 flabit.
402 2840 87 60 Job.
456 2840 76 60 22.
499 2840 76 60 13.
542 2840 65 60 Si
575 2840 87 60 ipse
629 2840 108 60 contra
705 2840 108 60 animum
780 2840 97 60 agit,
845 2840 87 60 quis
899 2840 119 60 revocet
975 2840 65 60 eum?

255 2882 82 56 quod
306 2882 103 56 animus
378 2882 82 56 ejus
430 2882 103 56 cupit,
502 2882 62 56 id
533 2882 124 56 efficit:
625 2882 72 56 Nam
666 2882 124 56 perficit
759 2882 124 56 statutum
852 2882 62 56 de
883 2882 82 56 ore.
934 2882 62 56 Ps
955 2882 82 56 115.3.

286 2909 110 62 Neque
359 2909 85 62 sit
408 2909 122 62 absque
493 2909 85 62 Dei
542 2909 171 62 voluntate,
676 2909 73 62 id
713 2909 122 62 quoque
798 2909 98 62 quod
859 2909 85 62 sit
908 2909 122 62 contra
981 2909 49 62 DE

238 2932 169 54 voluntatem.

309 2985 96 61 Sic
364 2985 165 61 probatum
488 2985 110 61 est,
556 2985 220 61 providentiam
735 2985 96 61 Dei
790 2985 165 61 actualem
900 2985 96 61 esse.

293 3036 104 70 Hanc
358 3036 117 70 autem
436 3036 182 70 verissimam
579 3036 169 70 doctrinam
710 3036 169 70 oppugnant
840 3036 130 70 vesani
918 3036 117 70 homines

252 3071 86 74 qui
301 3071 110 74 omnem
374 3071 196 74 providentiam
534 3071 86 74 Dei
583 3071 147 74 tollunt,
693 3071 74 74 ut
730 3071 135 74 faciunt
828 3071 135 74 Epicuri
927 3071 74 74 de
951 3071 86 74 grego

249 3111 119 66 porci,
332 3111 95 66 quos
392 3111 143 66 Gentiles
499 3111 107 66 etiam
570 3111 95 66 ipsi
630 3111 178 66 refutarunt,
772 3111 59 66 &
796 3111 143 66 tonitrua
891 3111 143 66 fulminaque

243 3150 118 59 coelo,
326 3150 71 59 ut
361 3150 71 59 de
396 3150 71 59 se
431 3150 141 59 testatur
537 3150 141 59 Horatias
643 3150 141 59 Carminum
749 3150 106 59 libro
819 3150 118 59 primo,
902 3150 94 59 Odam
949 3150 82 59 trige

248 3168 214 67 sima:-quarta:
425 3168 63 67 &
450 3168 139 67 exempla
551 3168 76 67 C.
589 3168 164 67 Caligulae
715 3168 63 67 &
740 3168 151 67 Neronis,
853 3168 126 67 quibus
929 3168 126 67 tonitrua

241 3214 126 54 tantum
329 3214 113 54 metum
405 3214 201 54 incusserunt,
569 3214 75 54 ut
606 3214 201 54 agnoscerent,
770 3214 101 54 Deum
833 3214 88 54 res
883 3214 138 54 humanas
971 3214 63 54 cu

228 3237 81 44 rare.

1086 159 168 51 Oppugnant
1215 159 129 51 eandem
1305 159 77 51 ex
1344 159 116 51 parte
1422 159 181 51 Philosophi
1563 159 155 51 Ethnici,
1680 159 90 51 qui
1731 159 90 51 sub
1770 159 116 51 lunaria

1056 201 84 41 Deo
1104 201 108 41 curae
1176 201 96 41 esse
1236 201 132 41 negant,
1332 201 84 41 qui
1380 201 108 41 curam
1452 201 84 41 Dei
1499 201 72 41 ad
1535 201 72 41 ea
1571 201 96 41 quae
1631 201 84 41 sub
1679 201 96 41 Luna
1739 201 96 41 sunt
1799 201 60 41 &
1811 201 84 41 fiunt

1064 238 84 37 ese
1112 238 84 37 non
1160 238 156 37 extendere
1281 238 168 37 contendunt
1401 238 36 37 .

1090 267 97 48 Quin
1150 267 109 48 etiam
1223 267 97 48 caro
1284 267 73 48 in
1320 267 182 48 regeneratis
1465 267 145 48 adversus
1574 267 145 48 spiritum
1683 267 145 48 pugnans,
1780 267 97 48 provi-

1060 301 132 42 dentiam
1156 301 84 42 Dei
1204 301 72 42 in
1240 301 120 42 dubium
1324 301 120 42 vocare
1408 301 120 42 solet,
1493 301 72 42 ut
1529 301 168 42 regenerati
1661 301 72 42 in
1697 301 132 42 seipsis
1781 301 108 42 experi-

1061 340 113 41 untur
1137 340 63 41 &
1162 340 176 41 agnoscunt,
1300 340 189 41 quemadmodum
1451 340 126 41 videre
1539 340 88 41 est
1590 340 126 41 Psalmo
1678 340 88 41 73.
1728 340 75 41 v.
1766 340 75 41 2.
1804 340 63 41 &
1816 340 63 41 se-

1068 374 171 49 quentibus:
1202 374 134 49 Equidem
1299 374 98 49 quod
1360 374 73 49 ad
1397 374 85 49 me,
1446 374 98 49 pene
1507 374 207 49 declinaverant
1678 374 110 49 pedes
1751 374 98 49 mei,
1812 374 110 49 nihil

1063 412 96 38 fere
1123 412 120 38 aberat
1207 412 96 38 quin
1267 412 204 38 effunderentur
1434 412 132 38 gressus
1530 412 96 38 mei:
1590 412 96 38 Quum
1650 412 156 38 inviderem
1757 412 132 38 insanten-

1071 443 108 42 ibus,
1143 443 205 42 prosperitatem
1312 443 168 42 improborum
1444 443 168 42 aspicerem.
1576 443 84 42 Nam
1624 443 84 42 non
1672 443 96 42 sunt
1733 443 108 42 nexus
1805 443 108 42 usque

1058 475 72 36 ad
1094 475 121 36 mortem
1179 475 121 36 eorum,
1263 475 84 36 sed
1311 475 121 36 pingue
1396 475 84 36 est
1444 475 109 36 robur
1516 475 121 36 eorum.
1601 475 72 36 In
1637 475 121 36 labore
1721 475 157 36 mortalium
1830 475 60 36 non

1063 508 100 45 sunt,
1130 508 56 45 &
1152 508 78 45 cum
1196 508 133 45 reliquis
1296 508 145 45 hominibus
1408 508 78 45 non
1452 508 167 45 afficiuntur
1586 508 122 45 plagis,
1675 508 122 45 Idcirco
1764 508 111 45 cingit
1830 508 56 45 eo-

1072 552 129 32 corques
1166 552 164 32 superbiae,
1295 552 117 32 operit
1377 552 106 32 velut
1448 552 164 32 ornamentum
1577 552 153 32 violentia
1694 552 94 32 eos.
1753 552 117 32 Emicat
1823 552 59 32 pro

1071 580 162 38 binguedine
1199 580 127 38 uterque
1291 580 116 38 oculus
1372 580 116 38 eorum,
1453 580 139 38 superant
1557 580 185 38 cogitationes
1707 580 116 38 animi.
1776 580 116 38 Tabifici

1063 619 109 37 sunt,
1136 619 61 37 &
1160 619 158 37 loquuntur
1282 619 134 37 maligne
1379 619 207 37 oppressionem:
1549 619 61 37 &
1573 619 61 37 e
1598 619 134 37 sublimi
1695 619 170 37 loquuntur.
1816 619 61 37 Os-

1060 652 114 42 ponunt
1140 652 114 42 coelis
1220 652 69 42 os
1254 652 103 42 suum,
1323 652 57 42 &
1346 652 114 42 lingua
1426 652 103 42 eorum
1494 652 137 42 pervadit
1597 652 126 42 terram.
1689 652 126 42 Ideoque
1781 652 103 42 redit
1838 652 57 42 po-

1075 680 95 37 ulus
1135 680 95 37 ejus
1194 680 95 37 huc,
1254 680 95 37 quum
1314 680 107 37 aquae
1385 680 107 37 pleni
1457 680 119 37 poculi
1540 680 179 37 exprimuntur
1683 680 119 37 ipsis,
1767 680 72 37 Vt
1791 680 95 37 dicant

1057 725 124 32 quomodo
1147 725 169 32 cognosceret
1282 725 90 32 Deus
1339 725 124 32 fortis?
1429 725 79 32 aut
1474 725 101 32 esset
1542 725 124 32 notitia
1632 725 68 32 in
1666 725 135 32 excelso?
1767 725 90 32 Ecce
1812 725 79 32 istos

1072 748 128 40 mprobos,
1169 748 64 40 ut
1201 748 150 40 tranquilli
1319 748 64 40 in
1351 748 107 40 saculo
1426 748 118 40 augeant
1511 748 107 40 vires.
1586 748 107 40 Utique
1661 748 128 40 inaniter
1758 748 128 40 purifico
1843 748 43 40 a-

1060 781 129 46 nimum
1145 781 129 46 meum,
1231 781 71 46 &
1260 781 114 46 lavo
1331 781 86 46 in
1374 781 172 46 munditia
1503 781 129 46 manus
1589 781 129 46 meas:
1675 781 114 46 Quum
1746 781 100 46 sim
1789 781 100 46 plagi

1069 818 129 56 affectus
1166 818 140 56 quotidie,
1273 818 54 56 &
1295 818 150 56 castigatio
1413 818 75 56 mea
1456 818 118 56 praesto
1541 818 75 56 sit
1584 818 140 56 matutinis
1681 818 118 56 singulis.

1120 868 91 60 Sic
1172 868 91 60 est
1224 868 78 60 de
1263 868 182 60 quaestione
1406 868 78 60 an
1445 868 91 60 sit
1497 868 156 60 actualis
1614 868 195 60 providentia
1757 868 78 60 Dei:

1342 917 169 54 sequitur
1468 917 112 54 quid
1525 917 84 54 sit?

1087 972 257 52 PROVIDENTIA
1292 972 274 52 DEIACTUALIS,
1515 972 120 52 est
1583 972 154 52 actio
1686 972 120 52 Dei
1737 972 154 52 transi-

1065 1018 87 40 ens
1114 1018 99 40 quam
1176 1018 124 40 mundum
1262 1018 62 40 a
1287 1018 74 40 se
1324 1018 136 40 creatum
1423 1018 62 40 &
1448 1018 111 40 omnia
1522 1018 99 40 quae
1584 1018 74 40 in
1621 1018 74 40 eo
1658 1018 99 40 sunt
1720 1018 74 40 ac
1757 1018 124 40 fiunt,
1831 1018 62 40 se-

1074 1056 116 34 undum
1151 1056 103 34 suam
1216 1056 180 34 voluntatem
1358 1056 116 34 curat
1435 1056 77 34 ac
1474 1056 168 34 dispensat
1602 1056 77 34 ad
1641 1056 103 34 suam
1706 1056 142 34 gloriam
1809 1056 64 34 &
1822 1056 64 34 ele

1077 1084 124 37 ctorum
1164 1084 149 37 salutem.
1275 1084 112 37 Alias
1350 1084 174 37 gubernatio
1487 1084 137 37 divina,
1586 1084 99 37 item
1648 1084 149 37 imperium
1760 1084 87 37 seu
1798 1084 99 37 regnum

1075 1115 86 44 Dei,
1129 1115 97 44 Psal.
1193 1115 75 44 93.
1236 1115 64 44 v.
1269 1115 64 44 1.
1301 1115 54 44 &
1322 1115 75 44 97.
1365 1115 64 44 v.
1398 1115 64 44 1.
1430 1115 54 44 &
1451 1115 75 44 99.
1494 1115 64 44 1.
1527 1115 54 44 &
1548 1115 86 44 103.
1602 1115 75 44 19.
1645 1115 75 44 Via
1688 1115 75 44 Dei
1731 1115 107 44 Psalm.
1806 1115 75 44 77.
1838 1115 54 44 14.

1072 1152 161 35 Oeconomia
1196 1152 136 35 divina,
1295 1152 99 35 sine
1357 1152 124 35 labore
1444 1152 136 35 regens,
1543 1152 62 35 &
1568 1152 99 35 sine
1630 1152 112 35 onere
1704 1152 161 35 continens
1816 1152 74 35 mun-

1068 1186 98 36 dum.
1129 1186 86 36 Sis
1178 1186 160 36 definitur
1301 1186 61 36 a
1326 1186 160 36 Damasceno
1449 1186 111 36 libro
1522 1186 135 36 secundo
1621 1186 172 36 Orthodoxae
1756 1186 123 36 fidei,
1830 1186 61 36 ca-

1075 1218 95 46 pit.
1134 1218 83 46 28.
1182 1218 71 46 ex
1217 1218 142 46 Gregorii
1324 1218 130 46 Nysseni
1419 1218 107 46 libro
1490 1218 71 46 de
1525 1218 189 46 Providentia:

1349 1254 167 44 .
1480 1254 179 44 Providentia
1623 1254 84 44 est
1671 1254 84 44 Dei
1719 1254 72 44 in
1755 1254 72 44 ea
1791 1254 96 44 quae
1838 1254 72 44 sunt

1065 1289 83 42 cura.

1319 1375 283 59 CAPUT
1476 1375 157 59 II.

1318 1445 89 68 In
1363 1445 103 68 quo
1422 1445 89 68 de
1466 1445 118 68 bono
1525 1445 133 68 creato.

1105 1517 172 55 UBJECTUM
1234 1517 229 55 providentiae
1420 1517 158 55 divinae
1534 1517 172 55 deinceps
1663 1517 215 55 exrponendum
1821 1517 86 55 est,

1080 1545 84 65 Put
1128 1545 132 65 sciatur
1224 1545 96 65 quid
1284 1545 60 65 a
1308 1545 180 65 providentia
1453 1545 96 65 illa
1501 1545 156 65 gubernetur?

1157 1595 230 46 Aprovidentia
1343 1595 101 46 Dei
1401 1595 201 46 gubernatur
1559 1595 101 46 tum
1617 1595 129 46 bonum
1703 1595 115 46 omne
1760 1595 144 46 creatum,

1070 1625 99 41 tum
1112 1625 113 41 malum,

1097 1653 124 47 BONUM
1180 1653 165 47 creatum,
1304 1653 96 47 est
1359 1653 165 47 quicquid
1483 1653 69 47 a
1511 1653 96 47 Deo
1566 1653 138 47 factum
1662 1653 96 47 est
1717 1653 69 47 &
1731 1653 179 47 approbatur:

1074 1697 75 41 ut
1111 1697 112 41 omnes
1186 1697 187 41 substantiae
1335 1697 125 41 rerum,
1423 1697 62 41 &
1448 1697 187 41 quantitates
1597 1697 62 41 &
1622 1697 175 41 qualitates
1759 1697 112 41 earum
1822 1697 87 41 crea-

1071 1730 102 32 tae,
1135 1730 64 32 &
1160 1730 114 32 motus
1236 1730 76 32 ac
1275 1730 191 32 mutationes,
1427 1730 152 32 actiones
1541 1730 64 32 &
1567 1730 152 32 eventus,
1681 1730 152 32 quatenus
1796 1730 102 32 sunt
1846 1730 64 32 mo-

1071 1763 97 44 tus,
1132 1763 61 44 &
1156 1763 146 44 quatenus
1265 1763 134 44 naturae
1363 1763 73 44 ac
1399 1763 158 44 voluntati
1521 1763 134 44 divinae
1618 1763 73 44 in
1655 1763 109 44 verbo
1728 1763 85 44 Dei
1764 1763 146 44 expressae,

1075 1798 154 40 congruunt
1182 1798 35 40 .

1108 1830 146 43 Quicquid
1217 1830 122 43 igitur
1303 1830 61 43 &
1327 1830 73 43 in
1363 1830 146 43 diabolis
1473 1830 61 43 &
1497 1830 73 43 in
1534 1830 158 43 hominibus
1655 1830 73 43 ex
1692 1830 158 43 creatione
1814 1830 85 43 est
1850 1830 61 43 re-

1070 1861 142 46 liquum,
1173 1861 77 46 id
1212 1861 116 46 bonum
1277 1861 65 46 est

1110 1892 114 46 Bonum
1186 1892 89 46 vel
1237 1892 152 46 absolute
1351 1892 114 46 bonum
1427 1892 101 46 est,
1490 1892 89 46 vel
1540 1892 152 46 secundum
1641 1892 89 46 quid.

1109 1933 152 37 Absolute
1223 1933 114 37 bonum
1299 1933 89 37 vel
1350 1933 152 37 naturale
1464 1933 101 37 est,
1528 1933 89 37 vel
1566 1933 101 37 morale

1113 1962 118 41 Bonum
1191 1962 170 41 naturale,
1322 1962 91 41 est
1374 1962 105 41 omne
1440 1962 118 41 bonum
1518 1962 105 41 quod
1583 1962 78 41 in
1623 1962 131 41 natura
1714 1962 65 41 a
1740 1962 91 41 Deo
1792 1962 144 41 creatum

1072 1996 75 42 est
1115 1996 64 42 ad
1147 1996 85 42 usus
1200 1996 85 42 ipsi
1243 1996 117 42 placentes

1118 2028 107 44 Estque
1193 2028 75 44 vel
1236 2028 160 44 essentiale,
1364 2028 75 44 vel
1396 2028 150 44 accidentale.

1111 2069 103 43 Bonum
1179 2069 172 43 essentiale,
1317 2069 80 43 est
1363 2069 92 43 quod
1420 2069 80 43 vel
1466 2069 92 43 ipsa
1523 2069 138 43 essentia
1626 2069 80 43 est
1672 2069 115 43 rerum,
1753 2069 80 43 vel
1787 2069 126 43 insepara-

1082 2093 100 45 bile
1145 2093 75 45 ab
1183 2093 100 45 ipsa
1245 2093 163 45 essentia:
1371 2093 113 45 quale
1446 2093 113 45 bonum
1521 2093 88 45 est
1571 2093 113 45 omnis
1647 2093 188 45 substantia,
1785 2093 125 45 quatenus

1087 2135 166 36 substantia
1217 2135 95 36 est;
1277 2135 59 36 &
1300 2135 107 36 omnis
1371 2135 166 36 proprietas
1502 2135 189 36 essentialis.
1656 2135 166 36 Quapropter
1786 2135 107 36 nulla
1845 2135 71 36 sub-

1082 2168 128 38 stantia,
1178 2168 96 38 nulla
1242 2168 149 38 proprietas
1359 2168 160 38 essentialis
1487 2168 106 38 ullius
1562 2168 160 38 substantiae
1689 2168 75 38 per
1732 2168 64 38 se
1764 2168 85 38 mala
1817 2168 85 38 est,
1870 2168 64 38 ut

1087 2208 124 38 coelum,
1177 2208 113 38 terra,
1256 2208 102 38 mare,
1324 2208 90 38 aer,
1381 2208 90 38 Sol,
1437 2208 102 38 Luna,
1505 2208 113 38 cibus,
1584 2208 113 38 potus,
1663 2208 124 38 vestis,
1754 2208 170 38 quantitates
1878 2208 34 38 &

1085 2239 174 41 qualitates
1222 2239 112 41 rerum
1296 2239 199 41 essentiales.
1458 2239 87 41 Hoc
1508 2239 112 41 bonum
1583 2239 112 41 nulli
1658 2239 100 41 malo
1720 2239 87 41 est
1757 2239 150 41 contrarium

1081 2271 83 39 sed
1128 2271 71 39 in
1164 2271 71 39 eo
1199 2271 83 39 per
1246 2271 142 39 accidens
1353 2271 106 39 malum
1424 2271 94 39 esse
1471 2271 106 39 potest.

1114 2300 107 54 Bonum
1185 2300 178 54 accidentale
1328 2300 154 54 naturale,
1447 2300 83 54 est
1494 2300 95 54 quod
1554 2300 214 54 accidentaliter
1732 2300 131 54 naturae
1815 2300 95 54 cufus-

1085 2339 78 50 que
1130 2339 168 50 substantiae
1264 2339 101 50 adest
1331 2339 56 50 &
1354 2339 67 50 ab
1387 2339 67 50 ea
1421 2339 134 50 separati
1510 2339 90 50 potes.

1121 2370 113 50 Bonum
1197 2370 138 50 morale,
1297 2370 88 50 est
1347 2370 100 50 quum
1409 2370 113 50 animi
1484 2370 150 50 affectio
1597 2370 225 50 inclinatioque,
1785 2370 88 50 tum
1822 2370 88 50 actic

1083 2403 167 48 congruens
1212 2403 90 48 cum
1263 2403 141 48 aeterna
1366 2403 64 48 &
1392 2403 129 48 immota
1482 2403 167 48 sapientia
1610 2403 103 48 Dei,
1675 2403 167 48 patefacta
1803 2403 77 48 in
1829 2403 77 48 Lego

1076 2444 139 32 divina,
1177 2444 101 32 quae
1240 2444 63 32 &
1266 2444 76 32 in
1303 2444 164 32 creatione
1430 2444 126 32 insita
1518 2444 88 32 est
1568 2444 151 32 mentibus
1682 2444 151 32 hominum,
1795 2444 63 32 &
1808 2444 101 32 postes

1080 2476 102 41 voce
1144 2476 128 41 divina
1233 2476 191 41 promulgata.
1387 2476 102 41 Vel:
1450 2476 115 41 Bonum
1527 2476 140 41 morale,
1629 2476 89 41 est
1680 2476 115 41 omnis
1757 2476 102 41 bona
1808 2476 102 41 incli-

1082 2511 118 42 natio
1161 2511 66 42 &
1187 2511 118 42 actio
1266 2511 92 42 cum
1318 2511 171 42 voluntate
1450 2511 92 42 Dei
1503 2511 184 42 congruens.
1647 2511 145 42 Dicitur
1752 2511 118 42 etiam
1818 2511 92 42 bonum

1077 2542 115 44 electionis,

1123 2566 91 55 Idque
1184 2566 71 55 vel
1224 2566 112 55 naturae
1305 2566 81 55 est,
1356 2566 71 55 vel
1387 2566 101 55 gratiae,

1114 2611 109 41 Bonum
1187 2611 121 41 morale
1272 2611 146 41 naturae,
1381 2611 85 41 est
1429 2611 97 41 quod
1490 2611 61 41 a
1514 2611 97 41 luce
1575 2611 146 41 naturali
1684 2611 218 41 proficiscitur.
1854 2611 61 41 Hoc

1074 2645 73 42 ab
1110 2645 110 42 aliis
1183 2645 183 42 simpliciter
1330 2645 110 42 bonum
1403 2645 122 42 morale
1488 2645 146 42 vocatur,
1597 2645 73 42 ut
1634 2645 97 42 sunt
1695 2645 110 42 opera
1768 2645 134 42 moralia
1853 2645 61 42 seu

1089 2679 155 39 virtutes
1205 2679 142 39 morales
1308 2679 168 39 Gentilium
1438 2679 90 39 seu
1489 2679 181 39 infidelium
1631 2679 65 39 &
1657 2679 129 39 nondum
1747 2679 194 39 regenerato

1058 2714 96 40 rum.

1113 2745 107 49 Bonum
1184 2745 119 49 morale
1268 2745 143 49 gratiae,
1375 2745 83 49 est
1422 2745 95 49 quod
1482 2745 71 49 ex
1518 2745 119 49 gratia
1601 2745 214 49 regenerationis
1767 2745 155 49 spiritualis

1094 2786 164 32 promanat.
1221 2786 88 32 Hoc
1271 2786 114 32 etiam
1347 2786 114 32 bonum
1423 2786 177 32 spirituale
1562 2786 139 32 vocant.
1663 2786 88 32 Hoc
1714 2786 101 32 alii
1777 2786 63 32 a
1802 2786 101 32 bono
1853 2786 63 32 mo-

1082 2820 103 40 rali
1146 2820 205 40 distinguunt,
1313 2820 64 40 &
1338 2820 141 40 divinum
1441 2820 115 40 bonum
1518 2820 179 40 appellant:
1659 2820 115 40 quale
1736 2820 90 40 est
1787 2820 103 40 omne
1838 2820 77 40 opus

1083 2848 115 50 bonum
1160 2848 89 50 seu
1211 2848 127 50 virtus
1300 2848 102 50 vere
1363 2848 153 50 fidelium
1478 2848 64 50 &
1490 2848 204 50 regeneratorum.

1119 2884 119 52 Bonum
1198 2884 159 52 secundum
1318 2884 119 52 quid,
1397 2884 93 52 est
1451 2884 106 52 quod
1517 2884 133 52 alicui
1610 2884 119 52 bonum
1689 2884 106 52 est:
1756 2884 119 52 idque
1822 2884 93 52 bonum

1096 2917 107 42 utile
1167 2917 178 42 appellatur,
1310 2917 71 42 id
1345 2917 95 42 est,
1405 2917 142 42 commodum
1512 2917 59 42 &
1535 2917 154 42 expediens
1654 2917 131 42 homini:
1820 2917 95 42 .

1082 2949 106 49 Tale
1148 2949 119 49 bonum
1227 2949 92 49 est
1280 2949 106 49 viro
1346 2949 92 49 non
1399 2949 145 49 tangere
1505 2949 159 49 mulierem
1623 2949 145 49 propter
1729 2949 172 49 instantem
1848 2949 66 49 ne-

1087 2986 173 38 cessitatem,
1225 2986 58 38 1
1248 2986 92 38 Cor.
1305 2986 69 38 7.
1340 2986 69 38 v.
1374 2986 69 38 1,
1409 2986 81 38 35.
1455 2986 81 38 Hoc
1501 2986 104 38 bonum
1570 2986 81 38 non
1616 2986 150 38 opponitur
1731 2986 104 38 vitio
1800 2986 81 38 aut
1834 2986 69 38 pec-

1082 3019 123 39 cato,
1164 3019 96 39 sed
1219 3019 178 39 incommodo
1356 3019 68 39 &
1383 3019 164 39 molesto.
1507 3019 96 39 Hoc
1561 3019 123 39 bonum
1643 3019 151 39 vocatur
1753 3019 123 39 etiam
1821 3019 96 39 bonum

1077 3051 199 44 conditionis:
1238 3051 112 44 sicut
1313 3051 112 44 bonum
1387 3051 124 44 morale
1474 3051 174 44 appellatur
1611 3051 112 44 bonum
1685 3051 149 44 virtutis
1797 3051 62 44 &
1810 3051 99 44 justi

1080 3079 56 39 tiae;

1122 3116 92 45 Crux
1180 3116 58 45 &
1203 3116 150 45 afflictio
1319 3116 81 45 qua
1365 3116 81 45 pii
1411 3116 81 45 vel
1457 3116 173 45 castigantur
1595 3116 81 45 vel
1642 3116 173 45 explorantur
1780 3116 81 45 vel
1815 3116 92 45 testi-

1086 3149 118 45 monium
1169 3149 142 45 veritati
1276 3149 142 45 coelesti
1382 3149 166 45 perhibent,
1512 3149 107 45 etiam
1583 3149 107 45 bonum
1654 3149 95 45 est.
1713 3149 83 45 Ps.
1749 3149 71 45 119.

1247 3204 148 64 Tantum
1351 3204 89 64 de
1395 3204 133 64 bono:
1483 3204 177 64 sequitur
1616 3204 89 64 de
1646 3204 103 64 malo.
