2063 3491
407 180 370 87 CAPUTII

498 267 81 55 In
538 267 94 55 quo
592 267 81 55 de
619 267 134 55 peccato.

275 323 123 51 ATALUM
361 323 86 51 est
410 323 74 51 in
446 323 110 51 rerum
520 323 135 51 natura;
618 323 86 51 non
667 323 110 51 tamen
740 323 86 51 est
789 323 86 51 res
838 323 86 51 seu
875 323 135 51 essentia.

205 326 130 83 Jmulto
296 326 117 83 minus
374 326 182 83 substantia
517 326 143 83 aliqua:
622 326 91 83 sed
674 326 221 83 essentialiter
856 326 65 83 &
882 326 91 83 sua
921 326 104 83 natura

320 391 78 51 seu
364 391 78 51 per
409 391 67 51 se
442 391 100 51 nihil
509 391 89 51 est:
564 391 111 51 Nihil,
642 391 122 51 inquam,
730 391 78 51 non
775 391 155 51 negativum,
897 391 78 51 sed
930 391 89 51 priva-

216 421 132 43 rivum:
308 421 212 43 definiturque
480 421 79 43 in
520 421 106 43 hunc
573 421 106 43 modum:

256 459 116 47 Malum,
338 459 81 47 est
384 459 139 47 privatio
488 459 104 47 boni,
558 459 93 47 quod
616 459 70 47 ad
651 459 151 47 creaturae
767 459 174 47 felicitatem
906 459 58 47 &
917 459 93 47 perfe-

219 485 128 54 ctionem
312 485 174 54 requititur.
452 485 128 54 Dicitur
545 485 105 54 etiam
615 485 140 54 miseria,
719 485 93 54 quod
777 485 128 54 miseram
870 485 116 54 reddat
940 485 70 54 cre

210 533 114 31 aturam.

259 560 79 50 Est
304 560 68 50 in
338 560 113 50 aliquo
416 560 101 50 bono,
484 560 101 50 nempe
551 560 79 50 vel
596 560 68 50 in
630 560 169 50 substantia,
765 560 79 50 vel
810 560 68 50 in
844 560 146 50 accidente
945 560 68 50 sub

200 587 115 44 stantiae

255 621 107 48 Caret
327 621 167 48 efficiente
458 621 107 48 causa
530 621 131 48 proprie
625 621 119 48 dicta.
709 621 84 48 Est
756 621 119 48 quidem
840 621 107 48 ortum
912 621 72 48 ex
935 621 72 48 bono

224 661 102 45 verum
292 661 79 45 non
337 661 79 45 per
382 661 79 45 se,
428 661 79 45 sed
473 661 79 45 per
518 661 147 45 accidens.
632 661 91 45 Mali
689 661 113 45 igitur
768 661 102 45 causa
836 661 79 45 est
881 661 113 45 bonum,
949 661 57 45 non

219 692 80 47 per
264 692 80 47 se,
310 692 80 47 sed
356 692 80 47 per
401 692 149 47 accidens:
516 692 91 47 ideo
573 692 80 47 non
607 692 103 47 proprie

254 724 99 37 Caret
320 724 55 37 &
342 724 99 37 fine,
408 724 110 37 utpote
485 724 121 37 ἀσκoπον
573 724 55 37 &
595 724 143 37 ἀδριστον.

256 760 136 45 Nunquam
354 760 148 45 operatur
465 760 74 45 ut
502 760 136 45 proprie
588 760 136 45 efficiens

258 795 168 53 Quantavis
387 795 90 53 est
439 795 103 53 ejus
503 795 181 53 magnitudo:
645 795 116 53 tamen
723 795 142 53 nunquam
826 795 129 53 bonum,
917 795 77 53 in
942 795 65 53 quo

217 828 91 43 est,
274 828 148 43 destruit.
387 828 125 43 Nunquam
479 828 148 43 appetitur
592 828 91 43 nisi
649 828 80 43 sub
695 828 125 43 ratione
775 828 68 43 boni

248 861 102 33 Omne
312 861 128 33 malum,
402 861 115 33 nullo
479 861 154 33 excepto,
594 861 115 33 habet
670 861 166 33 oppositum
798 861 102 33 sibi
862 861 141 33 aliquod
952 861 64 33 bo-

218 896 98 41 num:
279 896 98 41 etsi
341 896 135 41 aliquod
439 896 111 41 bonum
512 896 98 41 est,
574 896 98 41 quod
635 896 123 41 nullum
721 896 111 41 malum
795 896 160 41 oppositum
918 896 123 41 habet.

249 929 118 41 Malum
328 929 144 41 aliquod
433 929 131 41 summum
524 929 92 41 non
577 929 131 41 potest
669 929 118 41 esse:
748 929 105 41 quod
813 929 131 41 contra
892 929 118 41 Marcios

204 960 113 41 nitas
280 960 63 41 &
305 960 176 41 Manichaeos
431 960 126 41 dicimus.

244 989 103 45 Porro
312 989 103 45 malum
381 989 80 45 est
427 989 126 45 duplex:
518 989 114 45 culpae
598 989 57 45 &
609 989 172 45 afflictionis.

245 1027 107 46 Malum
316 1027 131 46 culpae,
412 1027 83 46 est
459 1027 143 46 peccatum

249 1061 154 39 Peccatum,
368 1061 83 39 est
415 1061 107 39 malum
486 1061 95 39 quod
545 1061 95 39 Legi
604 1061 83 39 Dei
652 1061 154 39 repugnat,
770 1061 59 39 a
794 1061 154 39 voluntate
912 1061 130 39 creatu¬

210 1097 84 36 rae
258 1097 168 36 rationalis
390 1097 120 36 ortum.
475 1097 132 36 Vocatur
571 1097 108 36 etiam
643 1097 108 36 malum
715 1097 144 36 delicti:
824 1097 96 36 item
884 1097 108 36 malum
944 1097 60 36 mo-

216 1128 111 42 rale,
289 1128 172 42 contrarium
425 1128 98 42 bono
474 1128 98 42 morali

251 1156 97 47 Forma
316 1156 75 47 seu
359 1156 129 47 formalis
456 1156 97 47 ratio
521 1156 129 47 peccati,
617 1156 75 47 est
661 1156 162 47 deformitas,
790 1156 65 47 id
822 1156 86 47 est,
876 1156 140 47 aberratio
973 1156 43 47 a-

214 1194 92 40 Lege
272 1194 127 40 divina,
364 1194 127 40 ανομια.
457 1194 127 40 Proinde
549 1194 138 40 peccatum
653 1194 81 40 non
699 1194 81 40 est
745 1194 92 40 nisi
802 1194 92 40 quod
860 1194 138 40 adversus
952 1194 58 40 le-

210 1227 85 47 gem
259 1227 85 47 Dei
307 1227 195 47 committitur.
466 1227 98 47 Quod
527 1227 159 47 statuimus
649 1227 122 47 contra
735 1227 159 47 Papistas,
857 1227 85 47 qui
905 1227 85 47 pro
942 1227 61 47 pec

204 1269 109 38 catis
276 1269 133 38 habent,
373 1269 181 38 traditionum
518 1269 60 38 &
542 1269 109 38 legum
614 1269 241 38 ecclesiasticarum
807 1269 205 38 transgressionem

211 1295 66 43 in
244 1295 132 43 jejuniis
343 1295 132 43 certorum
442 1295 121 43 dierum,
530 1295 121 43 feriis,
618 1295 110 43 votis,
694 1295 231 43 peregrinationibus
881 1295 132 43 religiosis

207 1328 62 37 &
231 1328 175 37 ceremoniis
369 1328 112 37 aliis
443 1328 125 37 humana
531 1328 137 37 audacia
630 1328 162 37 invectis:
755 1328 87 37 imo
805 1328 87 37 qui
855 1328 87 37 pro
892 1328 125 37 peccatis

206 1361 114 36 habent
285 1361 103 36 opera
354 1361 57 36 a
377 1361 80 36 Deo
422 1361 160 36 praecepta,
548 1361 68 36 ut
582 1361 68 36 si
616 1361 103 36 Laici
685 1361 160 36 Scripturam
810 1361 57 36 S
833 1361 125 36 legant,
924 1361 68 36 si
947 1361 57 36 pre

202 1402 80 29 ces
247 1402 137 29 publicae
350 1402 69 29 in
384 1402 126 29 templis
476 1402 149 29 vernacula
590 1402 114 29 lingua
670 1402 194 29 concipiantur,
830 1402 69 29 si
864 1402 137 29 officium
956 1402 57 29 Ec-

201 1428 197 38 clesiasticum
361 1428 160 38 vernaculo
483 1428 135 38 sermone
582 1428 184 38 celebretur,
729 1428 74 38 si
766 1428 98 38 quis
828 1428 86 38 non
877 1428 111 38 adeat
938 1428 74 38 Mis-

211 1465 91 41 sam,
267 1465 68 41 si
301 1465 91 41 quis
358 1465 136 41 imagines
460 1465 193 41 idololatricas
619 1465 136 41 frangat,
710 1465 57 41 &c.

237 1491 83 47 Non
285 1491 119 47 igitur
368 1491 83 47 est
415 1491 95 47 mera
475 1491 155 47 privatio,
594 1491 83 47 sed
641 1491 107 47 etiam
713 1491 95 47 mala
772 1491 143 47 qualitas
879 1491 119 47 animae
951 1491 59 47 in-

204 1523 135 42 haerens
302 1523 160 42 contraria
425 1523 111 42 bonae
499 1523 160 42 qualitati
622 1523 148 42 conformi
732 1523 86 42 cum
781 1523 98 42 Lege
843 1523 98 42 Dei.
904 1523 98 42 Unde
954 1523 61 42 vi-

207 1566 83 44 tia
255 1566 166 44 virtutibus
385 1566 83 44 non
432 1566 166 44 opponuntur
562 1566 118 44 tantum
645 1566 166 44 privative,
775 1566 83 44 sed
823 1566 166 44 contrariae
941 1566 71 44 qua-

203 1597 116 45 litates
288 1597 95 45 sunt.

241 1610 108 55 Causa
313 1610 156 55 efficiens
433 1610 96 55 ejus
493 1610 108 55 neque
565 1610 96 55 Deus
625 1610 84 55 est
674 1610 96 55 ullo
734 1610 108 55 modo,
806 1610 108 55 neque
878 1610 132 55 natura.
962 1610 60 55 Nam

207 1663 117 37 causae
289 1663 105 37 bonae
360 1663 82 37 per
407 1663 70 37 se
442 1663 141 37 effectus
547 1663 82 37 est
594 1663 117 37 bonus.
676 1663 94 37 Quid
735 1663 105 37 autem
805 1663 82 37 Deo
852 1663 129 37 melius?
946 1663 94 37 quic

201 1695 135 37 natura
296 1695 135 37 melius
391 1695 162 37 secundum
513 1695 122 37 Deum?
594 1695 162 37 Doctores
715 1695 122 37 etiam
797 1695 203 37 Ecclesiarum
945 1695 68 37 Re-

214 1731 170 33 formatarum
348 1731 158 33 nequaquam
469 1731 158 33 statuunt,
591 1731 134 33 peccati
688 1731 122 33 causam
773 1731 182 33 efficientem
919 1731 85 33 seu
955 1731 61 33 au-

206 1765 115 40 eorem
283 1765 102 40 esse
347 1765 115 40 Deum:
424 1765 154 40 quicquid
539 1765 154 40 Papistae
654 1765 64 40 &
680 1765 192 40 Ubiquitarii
834 1765 90 40 per
872 1765 141 40 calumniam

208 1797 107 44 ipsis
279 1797 154 44 impingant

245 1819 78 47 Sed
289 1819 100 47 causa
356 1819 89 47 ejus
412 1819 145 47 efficiens
524 1819 78 47 est
569 1819 78 47 res
613 1819 112 47 aliqua
691 1819 134 47 naturae,
792 1819 134 47 nimirum,
892 1819 78 47 aut
926 1819 78 47 diabo

208 1852 93 51 lus,
266 1852 81 51 aut
313 1852 104 51 homo.
382 1852 81 51 Nam
429 1852 139 51 caeterae
533 1852 151 51 creaturae
649 1852 81 51 non
696 1852 162 51 peccarunt,
824 1852 81 51 nec
870 1852 139 51 peccant.

237 1897 144 31 Peccatum
345 1897 120 31 igitur
429 1897 84 31 vel
477 1897 144 31 diaboli,
586 1897 84 31 vel
622 1897 108 31 hominum

238 1916 137 51 Peccatum
340 1916 137 51 diaboli,
443 1916 80 51 est
489 1916 69 51 in
523 1916 91 51 quod
581 1916 137 51 Diabolus
683 1916 126 51 incidit
775 1916 57 51 a
798 1916 69 51 se
832 1916 57 51 &
855 1916 80 51 per
901 1916 80 51 se,
935 1916 80 51 motus

207 1950 139 52 interno
308 1950 101 52 motu
359 1950 63 52 suo

241 1987 114 47 Estque
320 1987 125 47 duplex,
411 1987 114 47 lapsus
491 1987 102 47 ejus,
559 1987 57 47 &
582 1987 125 47 malitia
673 1987 114 47 lapsum
742 1987 102 47 sequute

243 2015 110 49 Lapsus
320 2015 132 49 diaboli,
419 2015 77 49 est
463 2015 88 49 ejus
518 2015 55 49 a
540 2015 77 49 Deo
584 2015 143 49 defectio,
695 2015 77 49 dum
739 2015 66 49 in
772 2015 132 49 veritate
871 2015 77 49 non
904 2015 99 49 persti-

211 2055 92 45 tit,
268 2055 80 45 sed
314 2055 138 45 propriam
417 2055 149 45 stationem
532 2055 69 45 in
566 2055 115 45 coelis
646 2055 69 45 ad
681 2055 172 45 ministerium
818 2055 160 45 adsignatam
933 2055 80 45 reli-

208 2085 95 46 quit.
272 2085 84 46 Joh.
325 2085 63 46 8.
356 2085 74 46 44.
398 2085 74 46 Vos
441 2085 63 46 ex
472 2085 95 46 patre
536 2085 84 46 illo
588 2085 116 46 diabolo
673 2085 106 46 estis,
747 2085 53 46 &
768 2085 148 46 desiderium
884 2085 106 46 patris
947 2085 53 46 vo-

214 2115 83 48 stri
265 2115 103 48 vultis
338 2115 114 48 facere,
420 2115 83 48 quia
472 2115 52 48 a
493 2115 134 48 principio
596 2115 124 48 homicida
689 2115 83 48 est,
740 2115 52 48 &
761 2115 62 48 in
792 2115 124 48 veritate
885 2115 72 48 non
916 2115 93 48 stetit,

212 2158 84 43 quia
264 2158 115 43 veritas
348 2158 73 43 non
390 2158 73 43 est
432 2158 63 43 in
463 2158 73 43 eo.
505 2158 105 43 Epist.
579 2158 94 43 Judae
642 2158 63 43 v.
673 2158 63 43 6.
705 2158 63 43 Et
736 2158 115 43 angelos
820 2158 73 43 qui
862 2158 73 43 non
894 2158 115 43 conserva-

201 2192 94 41 runt
260 2192 94 41 suam
319 2192 153 41 originem,
437 2192 83 41 sed
484 2192 177 41 reliquerunt
626 2192 94 41 suum
673 2192 153 41 domicilium.

247 2205 131 56 Malitia
342 2205 131 56 diaboli
438 2205 119 56 lapsum
521 2205 143 56 sequuta,
629 2205 83 56 est
676 2205 83 56 qua
724 2205 72 56 in
760 2205 155 56 perpetuum
879 2205 119 56 hostis
950 2205 48 56 DE

204 2249 120 49 factus
288 2249 60 49 &
312 2249 96 49 odio
372 2249 239 49 irreconciliabili
575 2249 72 49 in
611 2249 96 49 Deum
671 2249 192 49 infiammatus,
826 2249 84 49 tum
874 2249 120 49 multos
946 2249 60 49 ad-

210 2283 109 49 modum
283 2283 133 49 angelos
380 2283 97 49 sibi
440 2283 158 49 adjunxit,
561 2283 61 49 &
586 2283 73 49 ad
622 2283 182 49 rebellandum
768 2283 109 49 Filio
840 2283 85 49 Dei
889 2283 145 49 induxit,

203 2316 99 48 unde
265 2316 62 48 &
290 2316 99 48 ipsi
352 2316 174 48 peccarunt,
488 2316 62 48 &
513 2316 87 48 non
563 2316 199 48 conservarunt
725 2316 99 48 suam
787 2316 162 48 originem,
911 2316 87 48 sed
948 2316 50 48 do

211 2349 132 48 micilium
310 2349 88 48 suum
365 2349 176 48 reliquerunt,
507 2349 66 48 2.
540 2349 88 48 Pet.
595 2349 66 48 2.
628 2349 99 48 vers.
694 2349 55 48 4
716 2349 110 48 Epist.
793 2349 99 48 Judae
858 2349 66 48 v.
891 2349 66 48 6.
924 2349 77 48 tum
957 2349 55 48 ho-

214 2383 101 47 minem
281 2383 101 47 etiam
348 2383 146 47 mendaciis
460 2383 90 47 suis
516 2383 134 47 seduxit,
617 2383 67 47 ut
651 2383 56 47 a
673 2383 101 47 Filio
740 2383 78 47 Dei
785 2383 90 47 vita
841 2383 78 47 sua
875 2383 134 47 deficeret.

203 2416 55 49 &
225 2416 66 49 in
258 2416 109 49 mortem
334 2416 131 49 aeternam
433 2416 66 49 se
466 2416 197 49 praecipitaret,
630 2416 88 49 Gen.
685 2416 66 49 3.
717 2416 88 49 Joh.
772 2416 66 49 8.
805 2416 77 49 44.
849 2416 66 49 2.
882 2416 88 49 Cor.
936 2416 77 49 11.
969 2416 44 49 3.

211 2449 95 49 atque
275 2449 84 49 inde
327 2449 53 49 a
348 2449 95 49 lapsu
411 2449 74 49 suo
453 2449 95 49 nihil
516 2449 95 49 aliud
579 2449 126 49 cogitat,
674 2449 147 49 desiderat,
790 2449 137 49 loquitur,
895 2449 116 49 conatur
968 2449 32 49 &

213 2482 98 48 agit
274 2482 134 48 adjutus
371 2482 61 48 a
396 2482 110 48 malis
469 2482 146 48 angelis,
579 2482 85 48 qui
628 2482 85 48 cum
677 2482 98 48 ipso
738 2482 183 48 defecerunt,
884 2482 98 48 quam
933 2482 73 48 quod

219 2514 76 48 Deo
263 2514 153 48 displicet,
383 2514 142 48 decipiens
492 2514 120 48 homines
579 2514 65 48 1.
612 2514 87 48 Reg.
666 2514 76 48 22.
710 2514 65 48 v.
742 2514 76 48 22,
786 2514 76 48 23.
830 2514 142 48 impellens
939 2514 76 48 eos
971 2514 44 48 ad

214 2546 150 61 peccandum,
332 2546 64 61 1.
364 2546 86 61 Sam.
418 2546 75 61 18.
461 2546 96 61 vers.
525 2546 64 61 9,
557 2546 75 61 10.
600 2546 64 61 2.
632 2546 86 61 Sam.
686 2546 75 61 24.
728 2546 64 61 1.
761 2546 107 61 Chron.
836 2546 75 61 21.
878 2546 64 61 1.
900 2546 107 61 saeviens

211 2581 65 47 in
244 2581 76 47 eos
287 2581 163 47 crudeliter,
417 2581 108 47 Job.1.
493 2581 54 47 &
515 2581 65 47 2.
547 2581 108 47 Matth.
623 2581 65 47 8.
655 2581 65 47 v.
688 2581 76 47 28.
731 2581 54 47 &
753 2581 65 47 9.
785 2581 76 47 32.
829 2581 54 47 &
850 2581 108 47 passim
926 2581 65 47 in
948 2581 54 47 hi-

218 2616 133 45 storia
311 2616 106 45 Novi
377 2616 200 45 Testamenti;
537 2616 67 45 &
564 2616 146 45 cupiens
670 2616 120 45 secum
750 2616 120 45 totum
830 2616 120 45 genus
896 2616 120 45 humanum

216 2653 56 46 in
244 2653 141 46 perditionem
357 2653 113 46 aeternam
441 2653 113 46 trahere,
526 2653 56 46 1.
554 2653 75 46 Joh.
601 2653 56 46 3.
630 2653 56 46 v.
658 2653 56 46 8,
686 2653 56 46 9.
714 2653 56 46 1.
743 2653 75 46 Pet.
790 2653 56 46 5.
818 2653 56 46 v.
846 2653 56 46 8.
874 2653 75 46 Eph.
921 2653 56 46 6.
950 2653 56 46 v.
968 2653 38 46 12

244 2693 97 45 Hec
300 2693 83 45 de
341 2693 153 45 peccato
452 2693 167 45 diaboli:
577 2693 167 45 sequitur
702 2693 83 45 de
744 2693 153 45 peccato
841 2693 139 45 hominum.

250 2717 148 55 Peccatum
361 2717 148 55 hominum,
472 2717 87 55 est
522 2717 74 55 in
559 2717 99 55 quod
620 2717 136 55 homines
719 2717 185 55 inciderunt,
868 2717 136 55 proprio
954 2717 62 55 mo-

216 2762 71 43 tu
252 2762 166 43 voluntatis
382 2762 107 43 suae,
453 2762 154 43 promerens
572 2762 59 43 &
595 2762 142 43 afferens
702 2762 118 43 mortem
785 2762 154 43 aeternam,
903 2762 95 43 nisi
951 2762 59 43 fia

218 2796 155 46 remissio
335 2796 142 46 propter
438 2796 155 46 Christum
542 2796 168 46 Mediatorem.

246 2805 107 68 Omne
312 2805 107 68 enim
379 2805 160 68 peccatum
499 2805 120 68 etiam
579 2805 160 68 minimum,
699 2805 93 68 sua
753 2805 133 68 natura
846 2805 93 68 est
886 2805 120 68 mortale

212 2854 83 53 hoc
259 2854 95 53 est,
319 2854 118 53 mortem
401 2854 142 53 aeternam
508 2854 142 53 meretur,
614 2854 118 53 Ezech.
697 2854 83 53 18.
744 2854 71 53 v.
780 2854 83 53 20.
827 2854 106 53 Anima
898 2854 95 53 quae
945 2854 71 53 pec-

223 2891 133 48 caverit,
323 2891 89 48 ipsa
378 2891 144 48 morietur.
490 2891 89 48 Rom.
545 2891 67 48 6.
579 2891 78 48 23.
623 2891 156 48 Stipendium
745 2891 122 48 peccati
834 2891 100 48 mors.
901 2891 56 48 &
923 2891 89 48 cap.
968 2891 44 48 7.

213 2920 68 46 v.
247 2920 79 46 13.
292 2920 79 46 Fit
337 2920 102 46 autem
405 2920 135 46 veniale,
506 2920 68 46 id
540 2920 90 46 est,
596 2920 113 46 veniam
675 2920 56 46 &
698 2920 169 46 remissionem
833 2920 181 46 consequitur,
980 2920 68 46 ut

213 2954 84 49 non
261 2954 144 49 accersat
369 2954 120 49 mortem
453 2954 144 49 aeternam
561 2954 132 49 renato,
657 2954 72 49 ex
693 2954 120 49 gratia
777 2954 60 49 &
801 2954 192 49 misericordia
945 2954 72 49 Dei,

217 3000 149 50 propter
311 3000 135 50 Christum

254 3008 71 60 Si
290 3008 119 60 causas
373 3008 143 60 proximas
480 3008 60 60 &
504 3008 143 60 subjecta
611 3008 131 60 peccati
707 3008 131 60 hominum
802 3008 167 60 intuearis,
933 3008 83 60 est
968 3008 60 60 il-

218 3055 84 51 lud
266 3055 84 51 vel
314 3055 144 51 primorum
422 3055 156 51 nostrorum
542 3055 156 51 parentum,
661 3055 84 51 vel
709 3055 168 51 posterorum
829 3055 108 51 ipsorum

246 3085 159 48 Peccatum
365 3085 159 48 primorum
484 3085 172 48 nostrorum
617 3085 172 48 parentum,
749 3085 93 48 est
802 3085 159 48 peccatum
921 3085 119 48 Adami
987 3085 40 48 &

210 3126 77 46 Evae-

250 3157 125 55 Estque
338 3157 138 55 duplex;
439 3157 151 55 naturale
551 3157 63 55 &
564 3157 138 55 personale

248 3179 171 64 Naturale,
380 3179 105 64 quod
445 3179 132 64 totius
538 3179 145 64 naturae
643 3179 158 64 humanae,
762 3179 66 64 &
788 3179 105 64 ideo
854 3179 132 64 omnium
933 3179 92 64 homi-

215 3232 98 45 num
271 3232 155 45 commune
370 3232 84 45 est.

1084 190 121 69 Primum
1168 190 133 69 persona
1265 190 133 69 infecit
1361 190 145 69 naturam,
1470 190 84 69 sed
1518 190 97 69 post
1579 190 121 69 natura
1663 190 133 69 infecit
1747 190 97 69 perso-

1057 244 96 55 nam.
1117 244 145 55 Peccatum
1226 244 109 55 Adami
1298 244 133 55 naturae
1395 244 121 55 ipsius
1479 244 145 55 peccatum
1588 244 109 55 fuit,
1660 244 169 55 caeterorum
1781 244 72 55 pec-

1070 277 87 47 cata
1125 277 153 47 personalia
1245 277 98 47 sunt;
1311 277 87 47 ideo
1365 277 109 47 illius
1442 277 77 47 cum
1485 277 109 47 natura
1562 277 153 47 transfusum
1682 277 87 47 est,
1737 277 77 47 non
1770 277 77 47 alios

1062 312 101 42 rum.
1126 312 88 42 Sed
1176 312 114 42 quare
1252 312 126 42 Adamus
1340 312 152 42 peccando
1454 312 88 42 non
1505 312 152 42 personam
1618 312 114 42 modo,
1694 312 88 42 sed
1732 312 114 42 naturam

1064 347 172 44 perdiderit,
1201 347 92 44 quum
1259 347 92 44 alii
1316 347 126 44 homines
1408 347 138 44 personas
1511 347 92 44 suas
1568 347 138 44 laedant,
1671 347 126 44 naturam
1763 347 80 44 non
1798 347 57 44 fa-

1069 372 103 50 ciant
1137 372 138 50 pejorem,
1241 372 103 50 causa
1310 372 149 50 assignati
1425 372 80 50 non
1471 372 115 50 potest
1551 372 103 50 alia,
1620 372 92 50 quam
1678 372 80 50 Dei
1712 372 138 50 justissima

1070 411 149 49 voluntas.
1184 411 92 49 Quam
1241 411 115 49 Adamus
1322 411 195 49 infelicitatem
1482 411 115 49 volens
1562 411 160 49 accersivit
1689 411 103 49 sibi,
1757 411 80 49 eam
1792 411 57 49 ej-

1058 442 131 49 posteris
1156 442 141 49 universis
1265 442 87 49 jure
1319 442 87 49 Deus
1374 442 141 49 inflixit.
1482 442 76 49 Sed
1526 442 109 49 quare?
1602 442 87 49 quia
1656 442 76 49 sic
1700 442 87 49 fert
1743 442 109 49 voluntas

1064 482 100 40 ejus,
1131 482 89 40 quae
1186 482 78 40 est
1231 482 100 40 juris
1298 482 56 40 &
1320 482 145 40 justitiae
1432 482 111 40 norma.
1510 482 123 40 Nunquam
1599 482 111 40 aliter
1677 482 167 40 intelliges,
1799 482 56 40 ju-

1062 509 100 47 stum
1124 509 137 47 fuisse,
1224 509 87 47 nos
1273 509 112 47 omnes
1348 509 112 47 nasci
1423 509 137 47 miferos
1523 509 137 47 propter
1623 509 137 47 hominis
1722 509 150 47 peccatum

1060 542 81 52 Nam
1107 542 92 52 quod
1164 542 115 52 illius
1245 542 138 52 voluntas
1349 542 92 52 fuit
1406 542 127 52 nostra,
1499 542 58 52 &
1522 542 81 52 nos
1568 542 69 52 in
1602 542 92 52 illo
1660 542 150 52 voluimus.
1764 542 92 52 verum.

1060 576 88 47 est,
1115 576 77 47 sed
1159 576 99 47 ratio
1224 576 99 47 hujus
1290 576 142 47 veritatis
1400 576 99 47 nulla
1465 576 88 47 est,
1520 576 164 47 praeterquam
1652 576 131 47 voluntas
1750 576 121 47 Creato¬

1062 604 104 56 tis.
1127 604 142 56 Proinde
1230 604 65 56 &
1256 604 142 56 peccato
1360 604 155 56 primorum
1476 604 155 56 parentum
1593 604 117 56 omnes
1671 604 142 56 homines
1761 604 91 56 facti

1059 641 91 48 sunt
1115 641 125 48 obnoxii
1206 641 102 48 morti
1274 641 147 48 aeternae,
1387 641 79 48 non
1433 641 181 48 naturaliter,
1580 641 79 48 sed
1626 641 147 48 voluntate
1739 641 91 48 Dei.
1784 641 57 48 Na-

1053 677 155 42 turaliter
1172 677 95 42 enim
1232 677 83 42 hoc
1280 677 119 42 factum
1363 677 83 42 non
1411 677 95 42 est,
1470 677 72 42 ut
1506 677 131 42 nimirum
1602 677 72 42 ob
1637 677 119 42 culpam
1721 677 107 42 unius
1780 677 60 42 ho-

1053 708 108 51 minis
1125 708 84 51 tot
1173 708 132 51 hominum
1268 708 120 51 millia
1352 708 60 51 a
1376 708 120 51 salute
1460 708 215 51 excluderentur.
1640 708 156 51 Voluntate
1759 708 120 51 igitur

1060 740 90 40 Dei,
1116 740 68 40 de
1150 740 79 40 qua
1195 740 135 40 Christus
1297 740 113 40 Matth.
1376 740 79 40 10.
1410 740 56 40 29.

1088 772 126 54 Lapsus
1177 772 151 54 primorum
1290 772 164 54 parentum,
1416 772 88 54 est
1466 772 201 54 inobedientia
1630 772 63 54 &
1655 772 151 54 defectio
1768 772 63 54 a
1781 772 76 54 DEO,

1053 806 85 52 qua
1102 806 73 52 se
1138 806 134 52 suosque
1235 806 146 52 posteros
1345 806 73 52 in
1381 806 122 52 mortem
1467 806 183 52 sempiternam
1613 806 231 52 praecipitatunt,
1795 806 61 52 Ge-

1061 838 78 43 nes.
1110 838 58 43 3.
1139 838 78 43 Rom.
1178 838 39 43 7.

1080 869 204 50 Inobedientia
1246 869 115 50 autem
1322 869 102 50 haec
1386 869 115 50 Adami
1462 869 89 50 non
1513 869 102 50 fuit
1577 869 115 50 unica
1653 869 165 50 solummodo
1768 869 76 50 illa

1057 907 119 44 externa
1144 907 130 44 comestio
1242 907 109 44 vetiti
1318 907 130 44 fructus,
1416 907 76 44 sed
1459 907 174 44 transgressio
1600 907 76 44 seu
1644 907 130 44 violatio
1742 907 109 44 legis,
1818 907 65 44 ut

1057 936 122 44 dicitur
1146 936 66 44 I.
1179 936 111 44 Timot.
1256 936 66 44 2.
1289 936 66 44 v.
1323 936 78 44 14.
1367 936 66 44 in
1400 936 78 44 qua
1444 936 100 44 multa
1511 936 133 44 hortenda
1611 936 122 44 peccata
1699 936 122 44 interna
1777 936 66 44 con-

1061 976 136 42 currunt:
1163 976 125 42 nimirum
1254 976 170 42 infidelitas
1390 976 79 42 seu
1435 976 193 42 incredulitas,
1594 976 79 42 cum
1640 976 79 42 non
1685 976 136 42 credidit
1776 976 68 42 Dei.

1057 1008 135 37 minanti
1155 1008 123 37 mortem
1241 1008 208 37 transgressori
1412 1008 147 37 mandati,
1522 1008 86 37 nec
1571 1008 147 37 confidit
1682 1008 74 37 in
1718 1008 86 37 Deo
1755 1008 86 37 solo-

1057 1048 97 34 quae
1117 1048 97 34 fuit
1178 1048 109 34 radix
1250 1048 60 34 &
1274 1048 97 34 fons
1334 1048 133 34 malorum
1431 1048 133 34 omnium;
1527 1048 121 34 (sicut
1612 1048 121 34 contra
1696 1048 109 34 fides
1757 1048 84 34 bono-

1057 1078 87 37 rum
1106 1078 124 37 omnium
1193 1078 174 37 principium
1330 1078 62 37 &
1355 1078 112 37 mater
1429 1078 112 37 est;)
1504 1078 199 37 idololatria,
1666 1078 87 37 cum
1715 1078 149 37 credidit
1815 1078 37 37 &

1054 1109 197 34 obtemperavit
1213 1109 98 34 voci
1275 1109 123 34 uxoris
1361 1109 98 34 suae
1422 1109 123 34 potius
1508 1109 98 34 quam
1570 1109 98 34 DEI.
1631 1109 111 34 Genes
1705 1109 74 34 3.
1742 1109 86 34 17.
1779 1109 61 34 cum

1060 1143 136 34 credidit
1162 1143 125 34 Satanae
1253 1143 159 34 mentienti.
1378 1143 148 34 Superbia,
1491 1143 79 34 cum
1536 1143 79 34 Deo
1582 1143 136 34 aequalis
1684 1143 102 34 fieri
1741 1143 102 34 voluit-

1062 1169 97 43 Gen.
1123 1169 73 43 5.
1159 1169 73 43 3.
1196 1169 158 43 Contemtus
1317 1169 97 43 DEI,
1378 1169 85 43 cum
1427 1169 85 43 non
1475 1169 122 43 timuit
1560 1169 109 43 Deum,
1633 1169 73 43 ut
1670 1169 134 43 debuit,
1767 1169 61 43 &
1779 1169 73 43 man-

1057 1201 105 44 datum
1127 1201 93 44 ejus
1186 1201 164 44 contemsit,
1314 1201 187 44 violavitque.
1466 1201 175 44 Prophanatio
1607 1201 129 44 nominis
1700 1201 140 44 diuvini,
1794 1201 58 44 cum

1068 1238 114 40 assus
1144 1238 89 40 est
1195 1238 102 40 Evam
1259 1238 76 40 de
1297 1238 114 40 verbo
1373 1238 89 40 Dei
1424 1238 190 40 communicare
1576 1238 89 40 cum
1627 1238 165 40 serpente,
1753 1238 89 40 cum
1792 1238 63 40 quo

1054 1270 87 38 non
1103 1270 150 38 debebat:
1216 1270 87 38 cum
1266 1270 112 38 zelum
1340 1270 87 38 pro
1390 1270 125 38 gloria
1478 1270 87 38 Dei
1528 1270 150 38 adversus
1640 1270 100 38 Evam
1702 1270 100 38 quae
1752 1270 100 38 pecca-

1062 1306 116 36 verat,
1144 1306 128 36 fructum
1237 1306 128 36 vetitum
1329 1306 163 36 decerpendo
1457 1306 58 36 &
1480 1306 128 36 edendo,
1573 1306 81 36 non
1620 1306 174 36 declaravit,
1759 1306 81 36 sed
1794 1306 58 36 in-

1052 1340 105 37 ejus
1118 1340 144 37 gratiam
1223 1340 92 37 una
1275 1340 171 37 peccavit;
1406 1340 92 37 cum
1459 1340 92 37 non
1512 1340 171 37 invocavit
1643 1340 105 37 Deum
1709 1340 79 37 ut
1748 1340 118 37 ipsum
1814 1340 39 37 a

1054 1374 209 35 tranigressione
1228 1374 104 35 Legis
1298 1374 151 35 servaret:
1414 1374 174 35 Homicidium,
1553 1374 81 35 cum
1600 1374 70 35 se
1635 1374 58 35 &
1658 1374 139 35 posteros
1762 1374 93 35 suos
1809 1374 46 35 in

1054 1403 122 39 mortem
1139 1403 86 39 cum
1188 1403 135 39 animae,
1286 1403 86 39 tum
1335 1403 147 39 corporis
1445 1403 220 39 praecipitavit:
1629 1403 159 39 Avaritia,
1751 1403 86 39 cum
1788 1403 61 39 non

1050 1434 151 40 contentus
1167 1434 81 40 iis
1213 1434 105 40 bonis
1283 1434 93 40 quae
1341 1434 58 40 a
1364 1434 81 40 Deo
1411 1434 163 40 acceperat,
1539 1434 140 40 inhiavit
1643 1434 151 40 pluribus.
1748 1434 93 40 Furtum

1056 1471 85 37 cum
1104 1471 145 37 abstulit
1213 1471 97 37 quod
1273 1471 97 37 suum
1334 1471 85 37 non
1382 1471 109 37 erat,
1454 1471 85 37 sed
1503 1471 133 37 alienum
1599 1471 133 37 ipsique
1684 1471 169 37 interdictum:

1060 1504 222 35 Concupiscentia
1245 1504 123 35 prava,
1331 1504 86 35 cum
1380 1504 173 35 concupivit
1516 1504 136 35 majorem
1615 1504 185 35 altioremque
1750 1504 99 35 scien-

1059 1534 109 49 tiam,
1131 1534 97 49 quam
1192 1534 97 49 Deus
1252 1534 133 49 dederat
1349 1534 60 49 &
1373 1534 97 49 dare
1434 1534 157 49 volucrat:
1555 1534 85 49 cum
1603 1534 169 49 concupivit
1736 1534 133 49 aequali

1062 1570 111 39 tatem
1136 1570 86 39 cum
1185 1570 99 39 Deo,
1247 1570 62 39 &
1272 1570 185 39 sublimiorem
1420 1570 210 39 felicioremque
1593 1570 136 39 statum,
1691 1570 99 39 quam
1753 1570 74 39 in
1778 1570 74 39 quem

1053 1598 62 43 a
1077 1598 87 43 Deo
1127 1598 124 43 fuerat
1213 1598 185 43 collocatus;
1362 1598 87 43 cum
1411 1598 173 43 concupivit
1547 1598 136 43 fructum
1646 1598 185 43 prohibitum.
1782 1598 74 43 Ista

1069 1637 60 37 &
1093 1637 96 37 alia
1153 1637 132 37 peccata
1249 1637 204 37 concurrerunt,
1417 1637 144 37 antequam
1525 1637 72 37 ad
1561 1637 132 37 fructum
1657 1637 132 37 veritae
1741 1637 108 37 arboris

1059 1666 114 37 manum
1135 1666 152 37 admovit,
1249 1666 101 37 quae
1312 1666 164 37 enumerare
1439 1666 88 37 hoc
1489 1666 101 37 loco
1552 1666 164 37 prolixum.
1679 1666 76 37 At
1717 1666 101 37 unus
1767 1666 76 37 tan-

1063 1701 79 39 tum
1108 1701 146 39 praecepti
1220 1701 146 39 accusator
1332 1701 135 39 violati.
1433 1701 101 39 Unius
1501 1701 112 39 quidem
1579 1701 124 39 numero,
1669 1701 79 39 sed
1703 1701 146 39 universalis

1059 1735 73 35 re
1095 1735 61 35 &
1119 1735 182 35 substantia.
1265 1735 85 35 Nam
1313 1735 109 35 etiam
1386 1735 97 35 tota
1446 1735 85 35 lex
1495 1735 85 35 una
1543 1735 85 35 est
1592 1735 133 35 numero:
1689 1735 61 35 &
1713 1735 85 35 ita
1749 1735 97 35 quidem

1057 1769 89 43 una,
1113 1769 67 43 ut
1146 1769 78 43 qui
1191 1769 67 43 in
1224 1769 78 43 uno
1269 1769 167 43 offenderit,
1403 1769 112 43 omnium
1481 1769 78 43 sit
1525 1769 100 43 reus,
1592 1769 112 43 Jacob.
1670 1769 67 43 2.
1704 1769 78 43 10.
1749 1769 78 43 Uno
1782 1769 67 43 igi-

1055 1800 76 37 tur
1098 1800 76 37 hoc
1142 1800 141 37 praecepto
1250 1800 130 37 violato,
1347 1800 141 37 generalis
1455 1800 86 37 fuit
1509 1800 141 37 rebellio,
1617 1800 86 37 quia
1671 1800 97 37 simul
1736 1800 65 37 in
1769 1800 65 37 se
1790 1800 65 37 con-

1058 1833 139 38 tinebat
1147 1833 88 38 omnia

1081 1859 112 46 Lapsi
1155 1859 100 46 sunt
1217 1859 112 46 autem
1292 1859 112 46 primi
1367 1859 162 46 parentes,
1491 1859 124 46 divina
1578 1859 124 46 quidem
1665 1859 199 46 providentia,
1815 1859 37 46 &

1059 1894 127 45 deserti
1152 1894 58 45 a
1175 1894 92 45 Deo:
1232 1894 58 45 &
1255 1894 173 45 necessario,
1394 1894 81 45 sed
1440 1894 104 45 tamen
1509 1894 150 45 spontanea
1624 1894 150 45 voluntate
1740 1894 92 45 sua,
1786 1894 69 45 etsi

1047 1932 171 38 consultore
1181 1932 61 38 &
1206 1932 159 38 impulsore
1328 1932 147 38 diabolo:
1439 1932 98 38 quia
1500 1932 147 38 praediti
1610 1932 110 38 erant
1684 1932 135 38 proprio
1769 1932 86 38 arbi-

1056 1970 108 38 trio,
1128 1970 96 38 quod
1188 1970 132 38 liberum
1284 1970 108 38 erat,
1356 1970 60 38 &
1380 1970 96 38 cogi
1440 1970 84 38 non
1489 1970 144 38 poterat.
1597 1970 156 38 Suasionem
1717 1970 60 38 &
1729 1970 120 38 impulsum

1055 1995 125 39 diaboli
1146 1995 125 39 sequuti
1236 1995 91 39 sunt
1293 1995 102 39 primi
1361 1995 136 39 parentes
1464 1995 125 39 nostri,
1555 1995 80 39 sed
1600 1995 159 39 inclinante
1725 1995 68 39 eo
1748 1995 102 39 proprio

1047 2030 103 37 motu
1112 2030 181 37 voluntatis
1254 2030 155 37 ipsorum.
1370 2030 103 37 Adam
1434 2030 129 37 quidem
1524 2030 65 37 a
1550 2030 155 37 serpente
1666 2030 103 37 ipso
1718 2030 129 37 seductus

1049 2063 77 39 non
1093 2063 99 39 fuit:
1159 2063 77 39 sed
1203 2063 110 39 mulier
1279 2063 132 39 seducta,
1378 2063 99 39 causa
1444 2063 208 39 transgressionis
1620 2063 99 39 fuit.
1685 2063 66 39 1.
1718 2063 88 39 Tim.
1773 2063 66 39 2.
1795 2063 55 39 14.

1081 2094 174 43 Providentia
1221 2094 116 43 divina
1302 2094 116 43 lapsos
1384 2094 93 43 esse
1442 2094 128 43 constat
1535 2094 70 43 ex
1570 2094 116 43 Matth.
1651 2094 81 43 10.
1698 2094 81 43 29.
1744 2094 93 43 Rom.
1791 2094 58 43 11.

1056 2122 68 48 32.
1095 2122 77 48 Gal.
1143 2122 58 48 3.
1163 2122 48 48 22.

1084 2158 103 37 Lapsi
1152 2158 92 37 sunt
1209 2158 103 37 primi
1278 2158 114 37 nostri
1358 2158 137 37 parentes
1461 2158 126 37 deserti
1553 2158 57 37 a
1575 2158 80 37 Deo
1621 2158 160 37 desertione
1736 2158 114 37 explora-

1046 2192 123 36 tionis,
1135 2192 101 36 cujus
1203 2192 101 36 causa
1270 2192 101 36 fuit,
1337 2192 67 36 ut
1371 2192 90 36 ipsi
1427 2192 56 36 &
1449 2192 123 36 posteri
1539 2192 123 36 ipsorum
1629 2192 191 36 cognoscerent,
1775 2192 78 36 posse

1042 2223 69 43 se
1076 2223 92 43 labi
1133 2223 80 43 per
1179 2223 80 43 se:
1225 2223 80 43 non
1271 2223 103 43 autem
1339 2223 114 43 stare,
1419 2223 103 43 nedum
1488 2223 149 43 resurgere
1603 2223 80 43 per
1648 2223 80 43 se:
1694 2223 57 43 &
1717 2223 126 43 proinde
1797 2223 46 43 ex

1054 2254 82 39 Dei
1101 2254 117 39 gratia
1183 2254 59 39 &
1207 2254 188 39 misericordia
1359 2254 94 39 toti
1406 2254 141 39 penderent.

1078 2281 100 45 Lapsi
1145 2281 89 45 sunt
1200 2281 167 45 necessario,
1334 2281 134 45 diversis
1435 2281 167 45 rationibus:
1568 2281 111 45 Primo,
1646 2281 89 45 quia
1691 2281 156 45 infallibili-

1059 2323 83 36 at,
1106 2323 71 36 si
1142 2323 71 36 ad
1177 2323 201 36 praescientiam
1342 2323 83 36 Dei
1390 2323 177 36 respexeris:
1531 2323 83 36 nam
1578 2323 94 36 quia
1637 2323 94 36 Deus
1685 2323 153 36 praescivera

1051 2356 74 46 seu
1094 2356 168 46 praeviderat,
1230 2356 95 46 ipsos
1293 2356 137 46 lapsuros;
1398 2356 74 46 non
1440 2356 105 46 potuit
1514 2356 168 46 praescientia
1650 2356 84 46 illa
1703 2356 74 46 Dei
1745 2356 95 46 falli
1797 2356 53 46 fa-

1051 2385 89 39 cto
1102 2385 89 39 aut
1153 2385 153 39 consilio
1255 2385 114 39 hominum

1081 2413 144 41 Secundo,
1189 2413 132 41 ratione
1284 2413 203 41 consequentiae
1452 2413 60 41 &
1476 2413 132 41 eventus
1572 2413 120 41 facti:
1656 2413 84 41 nam
1703 2413 72 41 ex
1739 2413 84 41 quo
1775 2413 72 41 pec-

1058 2454 123 42 carunt,
1147 2454 168 42 necessarium
1282 2454 78 42 est
1326 2454 78 42 nec
1371 2454 112 42 aliter
1449 2454 90 42 esse
1505 2454 112 42 potest
1584 2454 90 42 quin
1640 2454 179 42 peccaverint:
1774 2454 67 42 quia

1057 2488 89 35 omne
1112 2488 89 35 quod
1168 2488 89 35 est,
1224 2488 122 35 necesse
1313 2488 78 35 est
1357 2488 100 35 esse,
1424 2488 111 35 quando
1502 2488 89 35 est:
1557 2488 89 35 omne
1613 2488 111 35 certum
1690 2488 78 35 est
1724 2488 111 35 necessa-

1039 2519 95 35 rium
1098 2519 59 35 &
1122 2519 202 35 propositiones
1288 2519 71 35 de
1324 2519 71 35 eo
1359 2519 95 35 sunt
1419 2519 190 35 necessariae.
1573 2519 166 35 Necessario
1704 2519 95 35 ergo
1751 2519 83 35 lapsi

1052 2552 92 43 sunt,
1113 2552 72 43 tum
1154 2552 154 43 necessitate
1277 2552 205 43 infallibilitatis
1451 2552 174 43 praescientiae
1594 2552 72 43 Dei
1635 2552 61 43 ut
1666 2552 164 43 praescientia
1789 2552 61 43 est,

1045 2583 79 43 non
1090 2583 102 43 causa
1158 2583 147 43 efficiens
1271 2583 113 43 rerum:
1350 2583 79 43 tum
1395 2583 170 43 necessitate
1520 2583 90 43 facti-

1093 2615 100 37 sidem
1159 2615 100 37 tamen
1226 2615 111 37 sponte
1303 2615 100 37 lapsi
1359 2615 77 37 sunt,

1082 2644 145 44 Libertas
1190 2644 72 44 in
1227 2644 108 44 Adamo
1299 2644 60 44 &
1323 2644 84 44 Eva
1371 2644 96 44 fuit
1431 2644 96 44 sine
1492 2644 96 44 ulla
1552 2644 181 44 necessitate
1696 2644 108 44 ipsum
1757 2644 96 44 impel

1035 2677 101 53 lente.

1085 2699 108 55 Itaque
1161 2699 108 55 factum
1237 2699 87 55 est,
1291 2699 65 55 ut
1324 2699 119 55 objecta
1410 2699 108 55 specie
1486 2699 98 55 boni,
1551 2699 141 55 videlicet
1660 2699 163 55 divinitatis
1779 2699 65 55 con-

1051 2741 164 46 sequendae,
1180 2741 164 46 laberentur
1309 2741 70 46 ac
1344 2741 164 46 peccarent,
1473 2741 105 46 mente
1543 2741 141 46 objectum
1649 2741 105 46 illud
1707 2741 129 46 approban-

1054 2786 82 34 te,
1101 2786 59 34 &
1125 2786 153 34 voluntate
1242 2786 70 34 ad
1277 2786 141 34 objectum
1383 2786 106 34 illud
1454 2786 188 34 amplectendum
1606 2786 94 34 sese
1665 2786 176 34 inclinante.
1794 2786 47 34 Ac

1065 2815 127 37 proinde
1158 2815 69 37 si
1193 2815 162 37 principium
1320 2815 139 37 internum
1424 2815 139 37 ipsorum,
1528 2815 69 37 id
1563 2815 92 37 est,
1620 2815 127 37 liberam
1701 2815 139 37 voluntatem

1061 2850 125 45 spectes,
1155 2850 94 45 lapsi
1217 2850 84 45 sunt
1259 2850 146 45 contingenter

1088 2875 115 44 Primo
1165 2875 115 44 lapsu
1242 2875 115 44 Adami
1318 2875 128 44 nullum
1408 2875 166 44 peccatum,
1535 2875 77 44 si
1574 2875 153 44 peccatum
1689 2875 153 44 excipias
1791 2875 51 44 in

1063 2911 135 42 Spiritum
1164 2911 135 42 Sanctum,
1265 2911 112 42 potest
1344 2911 135 42 atrocius
1445 2911 79 42 aut
1490 2911 146 42 funestius
1602 2911 79 42 aut
1647 2911 135 42 committi
1748 2911 79 42 aut
1782 2911 56 42 co-

1063 2943 133 52 gitari.
1160 2943 133 52 Hominem
1257 2943 121 52 recens
1342 2943 109 52 natum
1415 2943 85 52 sic
1463 2943 85 52 Dei
1512 2943 109 52 ausum
1584 2943 97 52 esse
1645 2943 170 52 majestatem
1766 2943 73 52 con-

1057 2980 144 44 temnere,
1165 2980 168 44 voluntatem
1297 2980 168 44 offendere,
1429 2980 180 44 interdictum
1574 2980 180 44 transgredi,
1718 2980 72 44 ut
1754 2980 84 44 Deo
1790 2980 60 44 si-

1061 3014 80 46 dem
1106 3014 172 46 detraxerit,
1244 3014 69 46 ut
1279 3014 126 46 Satanae
1371 3014 161 46 mendaciis,
1497 3014 161 46 calumniis,
1623 3014 172 46 blasphemiis
1750 3014 103 46 auscul-

1069 3044 117 38 tarit,
1151 3044 129 38 denique
1245 3044 70 38 ut
1280 3044 175 38 divinitatem
1420 3044 117 38 invito
1502 3044 82 38 Deo
1549 3044 140 38 rapuerit
1654 3044 105 38 Idque
1724 3044 82 38 tum
1759 3044 94 38 quando

1074 3075 57 48 &
1096 3075 126 48 maximis
1188 3075 57 48 a
1211 3075 80 48 Deo
1257 3075 160 48 beneficiis
1382 3075 149 48 cumulatus
1497 3075 103 48 fuit,
1565 3075 57 48 &
1588 3075 80 48 iis
1634 3075 103 48 etiam
1703 3075 126 48 naturae
1783 3075 57 48 or-

1061 3117 136 36 namentis
1163 3117 159 36 praeditus,
1288 3117 68 36 ut
1322 3117 114 36 nullis
1402 3117 102 36 intus
1470 3117 68 36 ad
1504 3117 148 36 peccandum
1617 3117 159 36 illecebris
1731 3117 125 36 pravisque

1060 3148 166 36 desideriis
1190 3148 189 36 urgereretur,
1344 3148 95 36 quae
1403 3148 83 36 nos
1451 3148 142 36 quotidie
1557 3148 71 36 ad
1593 3148 154 36 peccandum
1711 3148 166 36 solicitant

1074 3174 82 39 Nam
1121 3174 70 39 ut
1156 3174 163 39 Augustinus
1284 3174 105 39 monet
1354 3174 93 39 lib.
1413 3174 82 39 14.
1459 3174 70 39 de
1494 3174 140 39 Civitate
1599 3174 82 39 Dei
1646 3174 70 39 c.
1681 3174 82 39 15.
1716 3174 140 39 existimare

1079 3212 131 55 oportet,
1178 3212 109 55 quanta
1254 3212 109 55 fuerit
1331 3212 142 55 iniquitas
1440 3212 66 55 in
1473 3212 142 55 peccando,
1582 3212 77 55 ubi
1626 3212 98 55 tanta
1692 3212 88 55 erat
1747 3212 77 55 non
1779 3212 66 55 pec
