2063 3458
211 180 144 38 Externum,
322 180 78 38 est
366 180 133 38 cujusvis
466 180 100 38 dicti
533 180 78 38 vel
577 180 100 38 facti
644 180 78 38 vel
688 180 111 38 gestus
766 180 144 38 defectus,
877 180 78 38 vel
910 180 89 38 pravi-

184 222 82 45 tas
231 222 152 45 repugnans
348 222 93 45 Legi
406 222 58 45 &
430 222 152 45 voluntati
546 222 93 45 Dei.
605 222 128 45 Dicitur
698 222 140 45 percatum
803 222 105 45 oris,
873 222 93 45 item
920 222 70 45 pec-

176 242 92 47 catum
237 242 112 47 aperis,
318 242 92 47 iliud
379 242 61 47 si
410 242 112 47 dictis,
491 242 71 47 hoc
532 242 61 47 si
562 242 102 47 factis
634 242 163 47 perpetratur.

220 283 143 36 Externum
327 283 83 36 vel
375 283 143 36 occultum
481 283 95 36 est,
541 283 83 36 vel
576 283 143 36 manifestum

213 311 156 46 Oecuitum,
333 311 84 46 est
381 311 108 46 cujus
453 311 84 46 vel
501 311 108 46 inter
573 311 132 46 homines
670 311 96 46 nemo
730 311 144 46 conscius
838 311 96 46 est,
886 311 96 46 praete

193 356 81 44 cum
240 356 81 44 qui
286 356 69 44 id
321 356 116 44 fecit;
401 356 81 44 vel
448 356 92 44 quod
505 356 104 44 licet
575 356 116 44 testes
655 356 127 44 habeat,
748 356 104 44 tamen
817 356 69 44 in
852 356 139 44 publicum
944 356 58 44 non

182 383 139 45 prodiit
284 383 89 45 cum
334 383 164 45 Ecclesiae
461 383 63 45 &
486 383 139 45 aliorum
587 383 139 45 hominum
676 383 126 45 scandalo

224 417 171 45 Minifestum,
361 417 80 45 est
406 417 103 45 cujus
475 417 114 45 plures
555 417 126 45 homines
646 417 126 45 conscii
738 417 103 45 sunt,
806 417 103 45 eoque
863 417 126 45 offendun-

190 452 81 36 tur
237 452 58 36 &
260 452 162 36 deteriores
388 452 162 36 redduntur;
515 452 93 36 ideo
573 452 93 36 tunc
631 452 151 36 speciatim
747 452 128 36 dicitur
828 452 128 36 scandalum

227 481 160 48 Scandalum,
352 481 80 48 est
398 481 114 48 dictum
478 481 80 48 vel
524 481 126 48 factum,
616 481 80 48 quo
661 481 103 48 alius
730 481 137 48 deterior
833 481 149 48 redditur.

229 515 148 37 Scandalum
343 515 80 37 vel
388 515 103 37 datum
457 515 91 37 est,
514 515 80 37 vel
560 515 137 37 acceptum

231 542 163 45 Scandalum
357 542 126 45 datum,
445 542 100 45 quod
508 542 63 45 &
533 542 163 45 scandalum
658 542 138 45 activum
759 542 138 45 vocant,
859 542 88 45 est
897 542 100 45 dictum

190 584 80 34 vel
235 584 115 34 factum
316 584 92 34 vere
373 584 115 34 malum,
454 584 80 34 aut
500 584 92 34 mali
557 584 126 34 speciem
649 584 126 34 habens,
741 584 80 34 quo
787 584 103 34 autor
856 584 103 34 aliis
913 584 69 34 pec-

183 617 114 34 candi
260 617 178 34 occasionem
399 617 153 34 praebet:
514 617 76 34 ut
552 617 89 34 est
603 617 114 34 impia
679 617 153 34 doctrina
794 617 89 34 aut
844 617 114 34 malum
908 617 89 34 morum

183 651 151 34 exemplum,
299 651 93 34 quod
357 651 104 34 nocet
427 651 104 34 aliis
496 651 93 34 sive
554 651 93 34 quia
612 651 162 34 imitantur,
740 651 93 34 sive
798 651 93 34 quia
844 651 151 34 deterrentur

181 682 130 38 homines
276 682 71 38 ab
311 682 165 38 Evangelio,
441 682 118 38 Matth.
523 682 71 38 18
559 682 71 38 v.
594 682 71 38 6,
629 682 71 38 7.
665 682 142 38 Quisquis
771 682 177 38 offendiculo
901 682 94 38 fuerit

191 717 74 36 uni
234 717 64 36 ex
266 717 106 36 parvis
340 717 96 36 istis
404 717 74 36 qui
447 717 64 36 in
479 717 64 36 me
510 717 128 36 credunt,
606 717 170 36 praestiterit
744 717 64 36 ei
776 717 64 36 ut
808 717 160 36 suspendatur
925 717 64 36 mola

197 746 128 46 nsinaria
293 746 64 46 de
325 746 96 46 collo
389 746 96 46 eius,
453 746 64 46 ac
485 746 149 46 demergatur
602 746 64 46 in
634 746 128 46 profundo
730 746 107 46 maris.
805 746 75 46 Vae
847 746 96 46 mundo
911 746 64 46 ab
933 746 53 46 of-

186 782 165 39 fendiculis,
318 782 121 39 necesse
407 782 77 39 est
451 782 88 39 enim
506 782 66 39 ut
539 782 132 39 eveniant
638 782 176 39 offendicula:
781 782 154 39 veruntamen
903 782 77 39 vae
936 782 55 39 ho-

188 822 86 36 mini
242 822 86 36 illi
296 822 75 36 per
338 822 86 36 quem
392 822 172 36 offendiculum
532 822 118 36 evenit.
617 822 64 36 1.
650 822 86 36 Cor.
703 822 75 36 10.
746 822 75 36 32.
789 822 107 36 Estote
864 822 86 36 sine
907 822 86 36 offen-

188 846 110 37 diculo
265 846 121 37 Iudaeis
353 846 55 37 &
375 846 132 37 Graecis,
473 846 55 37 &
495 846 132 37 Ecclesia
583 846 55 37 Dei

218 872 161 47 Scandalum
341 872 161 47 acceptum,
465 872 99 47 quod
527 872 111 47 etiam
602 872 161 47 scandalum
725 872 149 47 passivum
837 872 149 47 dicitur,
936 872 62 47 est

187 914 87 39 quum
241 914 87 39 quis
296 914 65 39 ex
328 914 130 39 alicujus
426 914 76 39 vel
469 914 98 39 statu
534 914 108 39 humili
610 914 76 39 aut
653 914 130 39 sublimi,
751 914 98 39 laeto
816 914 76 39 aut
859 914 119 39 tristi,
946 914 76 39 vel

184 947 68 37 ex
218 947 226 37 persequutionibus
410 947 68 37 ob
444 947 147 37 veritatem
557 947 159 37 caelestem,
682 947 79 37 vel
727 947 68 37 ex
761 947 102 37 dicto
829 947 79 37 aut
874 947 102 37 facto
931 947 68 37 ali-

186 981 110 36 cujus
259 981 122 36 temere
344 981 134 36 arripit
442 981 171 36 occasionem
576 981 159 36 peccandi:
698 981 73 36 ut
735 981 98 36 quum
796 981 134 36 Nazaret
893 981 98 36 hani
942 981 61 36 ob-

188 1014 135 41 statum
282 1014 148 41 humilem
390 1014 135 41 Domini
484 1014 121 41 Jesu,
565 1014 94 41 eum
619 1014 94 41 pro
673 1014 148 41 Christo
781 1014 121 41 Mundi
849 1014 148 41 Servatore

187 1045 81 44 non
234 1045 174 44 agnoverunt,
373 1045 116 44 Matth.
454 1045 81 44 13.
500 1045 69 44 v.
535 1045 81 44 55,
581 1045 81 44 56,
627 1045 81 44 57,
674 1045 81 44 58;
720 1045 93 44 quum
778 1045 81 44 vel
824 1045 104 44 recta
882 1045 116 44 doctrina

196 1083 83 40 vel
243 1083 165 40 necessario
373 1083 106 40 facto
444 1083 165 40 hypocritae
574 1083 189 40 offenduntur,
727 1083 59 40 &
750 1083 165 40 concipiunt
880 1083 106 40 odium
939 1083 59 40 Ev-

191 1114 112 35 angelii
273 1114 51 35 &
293 1114 123 35 Christi,
385 1114 61 35 ut
416 1114 123 35 fecerunt
508 1114 133 35 Pharisaei
610 1114 102 35 Matth.
681 1114 61 35 9.
712 1114 61 35 v.
743 1114 72 35 10,
784 1114 72 35 12.
824 1114 51 35 &
845 1114 61 35 c.
876 1114 72 35 15.
916 1114 61 35 v.
937 1114 51 35 11.

197 1147 100 40 Unde
260 1147 138 40 vocatur
360 1147 188 40 Pharifaicum
510 1147 175 40 scandalum.
648 1147 75 40 De
685 1147 150 40 scandalo
798 1147 138 40 accepto
885 1147 113 40 legitur

192 1181 102 37 Matth.
263 1181 71 37 11.
304 1181 112 37 versic.
386 1181 61 37 6.
416 1181 61 37 Et
447 1181 102 37 beatus
518 1181 71 37 est
559 1181 71 37 qui
600 1181 71 37 non
641 1181 102 37 fuerit
712 1181 122 37 offensus
804 1181 61 37 in
835 1181 71 37 me.
876 1181 61 37 Et
906 1181 82 37 cap.
947 1181 51 37 13:

199 1218 131 34 versicul
297 1218 76 34 21.
341 1218 76 34 Non
384 1218 98 34 habet
450 1218 98 34 autem
515 1218 120 34 radicem
602 1218 65 34 in
635 1218 98 34 sese,
700 1218 76 34 sed
744 1218 163 34 temporarius
874 1218 87 34 est:
918 1218 76 34 orta-

190 1244 79 42 que
235 1244 180 42 compressione
381 1244 79 42 vel
426 1244 191 42 persequutione
583 1244 123 42 propter
672 1244 146 42 sermonem,
785 1244 112 42 statim
852 1244 146 42 offenditur.

199 1279 65 38 Et
232 1279 87 38 cap.
286 1279 76 38 18.
329 1279 65 38 v.
362 1279 65 38 8,
395 1279 65 38 9.
427 1279 65 38 Si
460 1279 87 38 vero
514 1279 98 38 manus
579 1279 76 38 tua
623 1279 76 38 vel
666 1279 76 38 pes
710 1279 87 38 tuus
764 1279 98 38 facit
829 1279 65 38 ut
862 1279 65 38 tu
884 1279 119 38 offerdas,

203 1315 136 36 exscinde
305 1315 79 36 ea,
350 1315 57 36 &
373 1315 113 36 abiice
452 1315 79 36 abs
498 1315 79 36 te:
543 1315 102 36 Bonum
611 1315 79 36 est
657 1315 91 36 tibi
713 1315 68 36 ad
747 1315 102 36 vitam
815 1315 125 36 ingredi
895 1315 102 36 claudum

195 1341 85 42 aut
244 1341 122 42 mancum
329 1341 134 42 potius,
426 1341 97 42 quam
487 1341 97 42 duas
548 1341 110 42 manus
621 1341 85 42 vel
670 1341 97 42 duos
731 1341 110 42 pedes
804 1341 146 42 habentem
901 1341 110 42 coniici

189 1380 66 39 in
222 1380 98 39 ignem
287 1380 98 39 illum
353 1380 142 39 aeternum.
462 1380 66 39 Et
495 1380 66 39 si
528 1380 109 39 oculus
604 1380 87 39 tuus
659 1380 98 39 facit
724 1380 66 39 ut
757 1380 66 39 tu
790 1380 142 39 offendas,
899 1380 87 39 erue
942 1380 55 39 eum

201 1413 58 39 &
225 1413 116 39 abiice
306 1413 81 39 abs
353 1413 81 39 te:
399 1413 105 39 bonum
469 1413 81 39 est
515 1413 93 39 tibi
574 1413 116 39 luscum
655 1413 128 39 ingredi
748 1413 70 39 in
783 1413 105 39 vitam
853 1413 128 39 potius,
934 1413 70 39 quam

195 1444 93 40 duos
254 1444 117 40 oculos
335 1444 140 40 habentem
440 1444 128 40 coniici
533 1444 70 40 in
568 1444 140 40 gehennam
661 1444 82 40 ignis

222 1467 86 55 Ita
271 1467 159 55 scandalum
393 1467 135 55 activum
491 1467 86 55 est
540 1467 147 55 peccatum
650 1467 73 55 in
687 1467 73 55 eo
723 1467 86 55 qui
772 1467 110 55 illud
846 1467 98 55 dat;
894 1467 135 55 scandalum

202 1511 132 51 passivum
301 1511 77 51 est
345 1511 132 51 peccatum
444 1511 66 51 in
476 1511 66 51 eo
509 1511 77 51 qui
553 1511 99 51 illud
608 1511 110 51 accipit:

235 1541 160 43 Interdum
355 1541 120 43 autem
435 1541 187 43 concurrunt
582 1541 174 43 scandalum
715 1541 120 43 datum
795 1541 67 43 &
822 1541 174 43 acceptum:
942 1541 67 43 in-

195 1573 125 44 terdum
282 1573 112 44 datum
356 1573 87 44 est
406 1573 100 44 sine
469 1573 149 44 accepto:
581 1573 149 44 interdum
693 1573 149 44 acceptum
805 1573 100 44 sine
867 1573 112 44 dato.
942 1573 75 44 Ut
967 1573 37 44 s

195 1610 95 44 quis
255 1610 143 44 decantet
362 1610 155 44 cantionem
481 1610 155 44 lascivam,
600 1610 60 44 &
624 1610 71 44 is
660 1610 83 44 qui
707 1610 107 44 audit
779 1610 167 44 accendatur
910 1610 71 44 ad
934 1610 71 44 amo-

204 1643 85 39 rem
252 1643 170 39 impudicum,
386 1643 133 39 uterque
483 1643 133 39 peccat,
580 1643 109 39 prior
652 1643 145 39 scandalo
761 1643 109 39 dato,
834 1643 109 39 alter
895 1643 121 39 scandalo

189 1677 129 50 accepto
283 1677 71 50 De
319 1677 94 50 tali
377 1677 141 50 scandalo
483 1677 129 50 dicitur
577 1677 118 50 Matth.
659 1677 82 50 18.
706 1677 71 50 v.
742 1677 71 50 6.
777 1677 82 50 Qui
812 1677 200 50 scandalizaverit

196 1715 88 34 unum
251 1715 66 34 de
284 1715 143 34 pusillia,
394 1715 77 34 qui
437 1715 66 34 in
470 1715 66 34 me
503 1715 132 34 credunt,
591 1715 55 34 &c.

231 1740 73 41 Si
267 1740 97 41 quis
328 1740 133 41 conatur
425 1740 146 41 inducere
534 1740 146 41 proximum
643 1740 73 41 ad
680 1740 158 41 peccatum,
801 1740 85 41 sed
849 1740 73 41 is
874 1740 133 41 fundatusr

195 1772 75 43 in
232 1772 137 43 virtute
331 1772 174 43 Christiana
468 1772 87 43 non
518 1772 149 43 movetur,
630 1772 100 43 tunc
692 1772 162 43 scandalum
816 1772 112 43 datum
891 1772 87 43 est
928 1772 75 43 sint

195 1804 140 46 accepto:
300 1804 70 46 de
335 1804 93 46 tali
394 1804 140 46 scandalo
499 1804 128 46 dicitur
592 1804 117 46 Psalm.
674 1804 93 46 119.
732 1804 93 46 165.
791 1804 82 46 Pax
838 1804 105 46 multa
896 1804 140 46 diligenti-

197 1837 76 45 bus
241 1837 98 45 legem
306 1837 87 45 tuam
361 1837 55 45 &
382 1837 76 45 non
426 1837 76 45 est
470 1837 98 45 illis
535 1837 153 45 scandalum.
655 1837 65 45 Et
688 1837 65 45 I.
720 1837 87 45 Joh.
775 1837 65 45 2.
808 1837 76 45 10.
851 1837 76 45 Qui
895 1837 131 45 diligit.

189 1873 127 43 frotrem
282 1873 104 43 suum,
351 1873 69 43 in
386 1873 93 43 luce
444 1873 104 43 manet
514 1873 58 43 &
537 1873 150 43 scandalum
652 1873 69 43 in
687 1873 69 43 eo
722 1873 81 43 non
757 1873 69 43 est?

237 1903 79 47 Si
276 1903 106 47 quis
342 1903 158 47 loquatur
461 1903 66 47 &
488 1903 158 47 operetur
607 1903 119 47 bonum
686 1903 66 47 &
712 1903 92 47 cum
765 1903 185 47 intentione
910 1903 119 47 bona;
976 1903 40 47 &

190 1940 96 38 inde
250 1940 108 38 alius
322 1940 84 38 vel
369 1940 84 38 per
417 1940 143 38 malitiam
525 1940 84 38 vel
573 1940 84 38 per
620 1940 191 38 infirmitatem
776 1940 132 38 accepit
860 1940 155 38 occasionem:

199 1974 98 38 male
260 1974 123 38 agendi
346 1974 98 38 tunc
407 1974 160 38 reperitur
530 1974 160 38 scandalum
653 1974 147 38 acceptum
763 1974 98 38 sine
825 1974 110 38 dato.
899 1974 86 38 Sic
935 1974 74 38 Pha-

204 2004 117 36 risaei
286 2004 106 36 caeci
357 2004 59 36 &
380 2004 106 36 duces
451 2004 141 36 caecotum
557 2004 129 36 offensi
651 2004 129 36 fuerunt
745 2004 164 36 sermonibus
874 2004 59 36 &
886 2004 117 36 operibus

210 2033 129 42 Christi,
307 2033 107 42 Matth.
382 2033 64 42 15
414 2033 97 42 vers.
479 2033 75 42 12.
521 2033 150 42 accedentes
639 2033 139 42 discipuli
747 2033 86 42 Iesu
800 2033 129 42 dixerunt
897 2033 75 42 ei,
929 2033 86 42 Nosti-

214 2062 148 43 Pharisens
327 2062 114 43 cudito
407 2062 91 43 isto
464 2062 125 43 sermone
555 2062 136 43 offensos
657 2062 125 43 fuisse?
748 2062 91 43 Tale
804 2062 148 43 scandalum
918 2062 80 43 cum
952 2062 57 43 ab-

202 2094 141 52 improbis
308 2094 164 52 accipitur,
437 2094 117 52 susque
519 2094 106 52 deque
590 2094 153 52 habendum,
707 2094 70 52 ut
743 2094 141 52 Christus
848 2094 106 52 fecit
907 2094 94 52 Matth.

214 2137 67 50 15.
253 2137 86 50 vers.
310 2137 67 50 13,
338 2137 48 50 14.

237 2148 109 60 SEXTO
309 2148 145 60 peccatum
418 2148 133 60 actuale
515 2148 85 60 est
563 2148 85 60 vel
612 2148 181 60 spirituale,
757 2148 85 60 vel
793 2148 121 60 carnale.

244 2204 110 46 Spirit
321 2204 88 46 uale
376 2204 143 46 peccatum,
486 2204 77 46 est
530 2204 77 46 quo
574 2204 99 46 anima
640 2204 55 46 &
662 2204 132 46 spiritus
761 2204 121 46 proprie
849 2204 154 46 inficitur:
959 2204 44 46 ut

211 2233 129 48 haeresis,
300 2233 119 48 desperatio

244 2257 141 52 Carnale
347 2257 166 52 peccatum,
475 2257 90 52 est
526 2257 166 52 peccatum,
654 2257 90 52 quo
705 2257 128 52 corpus
794 2257 115 52 etiam
858 2257 154 52 contamina-

219 2294 85 47 tur,
273 2294 74 47 aut
315 2294 117 47 corpore
400 2294 96 47 etiam
464 2294 159 47 perficitur:
591 2294 74 47 ut,
634 2294 138 47 ebrietas,
740 2294 149 47 scortatio,
857 2294 159 47 adulterium,
974 2294 32 47 I

227 2334 126 45 Corinth
318 2334 69 45 6.
341 2334 57 45 18.

240 2355 135 55 SEPTIMO
338 2355 86 55 vel
387 2355 110 55 extra
460 2355 123 55 corpus
546 2355 98 55 est,
607 2355 86 55 vel
657 2355 74 55 in
693 2355 123 55 corpus
779 2355 147 55 proprium
877 2355 135 55 committi-

211 2398 75 44 tur
254 2398 64 44 I.
286 2398 86 44 Cot.
340 2398 64 44 6.
372 2398 64 44 v.
404 2398 75 44 18.
447 2398 107 44 Fugite
522 2398 182 44 scortationem:
672 2398 86 44 Omne
725 2398 129 44 peccatum
822 2398 86 44 quod
875 2398 118 44 fecerit
950 2398 54 44 ho-

214 2436 73 38 mo,
255 2436 94 38 extra
318 2436 104 38 corpus
391 2436 84 38 est:
443 2436 63 38 ud
475 2436 73 38 qui
516 2436 146 38 scortatur,
631 2436 63 38 in
662 2436 125 38 proprium
756 2436 104 38 corpus
819 2436 94 38 peccat.

245 2467 125 41 OCTAVO
333 2467 151 41 peccatum
446 2467 88 41 vel
496 2467 201 41 commissionis
660 2467 100 41 est,
722 2467 88 41 vel
760 2467 163 41 omissionis.

242 2489 154 55 Peccatum
358 2489 219 55 commissionis,
538 2489 90 55 est
589 2489 103 55 quum
654 2489 116 55 malum
731 2489 64 55 a
757 2489 90 55 Deo
808 2489 180 55 prohibitum
937 2489 77 55 per

200 2541 121 45 petratur.

252 2557 120 49 Estque
336 2557 84 49 vel
384 2557 120 49 contra
467 2557 108 49 Deum,
539 2557 84 49 vel
587 2557 120 49 contra
658 2557 108 49 hominem

244 2578 116 63 Contra
326 2578 128 63 hominem
419 2578 82 63 vel
466 2578 128 63 eipsum,
559 2578 70 63 ut
594 2578 175 63 ,
733 2578 151 63 ebrietas:
850 2578 82 63 vel
897 2578 116 63 alium,
966 2578 47 63 ut

217 2623 161 52 interfectio
346 2623 140 52 alterius:
454 2623 75 52 vel
497 2623 97 52 simul
561 2623 118 52 seipsum
647 2623 54 52 &
668 2623 107 52 alium,
744 2623 64 52 ut
776 2623 150 52 scortatio,
883 2623 140 52 adulterium.

245 2662 156 41 Peccatum
362 2662 194 41 omissionis,
517 2662 91 41 est
569 2662 104 41 quum
634 2662 117 41 bonum
712 2662 65 41 a
738 2662 91 41 Deo
790 2662 156 41 mandatum
906 2662 91 41 non
945 2662 78 41 per

213 2701 89 40 ficitur?

255 2721 147 46 Peccatum
365 2721 123 46 nullum
451 2721 98 46 sine
513 2721 160 46 omissione
635 2721 98 46 est:
697 2721 98 46 sine
758 2721 184 46 commissione
893 2721 123 46 exsistum

221 2754 109 50 multa:
297 2754 65 50 ut
330 2754 131 50 peccavit
428 2754 87 50 Heli
483 2754 142 50 omissione
592 2754 164 50 disciplinae
723 2754 65 50 in
755 2754 164 50 eastigandis
886 2754 87 50 suis
930 2754 87 50 filiis

207 2788 164 53 commissis
334 2788 114 53 malis
410 2788 126 53 contra
498 2788 190 53 disciplinam
650 2788 63 53 d
675 2788 114 53 vinae
751 2788 114 53 legis
827 2788 190 53 peccaverunt
966 2788 76 53 ejus

208 2832 59 50 fitis,

258 2852 101 54 NONO
322 2852 152 54 peccatum
436 2852 139 54 actuale
537 2852 89 54 vel
588 2852 139 54 gravius
689 2852 101 54 est,
753 2852 89 54 vel
803 2852 139 54 levius:
905 2852 89 54 Nec
943 2852 76 54 enim

218 2887 99 51 omnia
284 2887 121 51 peccata
372 2887 88 51 sunt
426 2887 110 51 paria,
503 2887 77 51 sed
547 2887 88 51 alia
602 2887 99 51 aliis
668 2887 143 51 giaviora:
778 2887 88 51 ideo
832 2887 99 51 etiam
898 2887 88 51 alia
953 2887 88 51 alii

225 2922 125 58 gravius
316 2922 159 58 punientur,
441 2922 114 58 Matth.
520 2922 80 58 11.
566 2922 68 58 v.
600 2922 80 58 25,
646 2922 57 58 &
668 2922 182 58 sequentibus.
816 2922 80 58 Vae
862 2922 91 58 tibi
907 2922 114 58 Chorazin

214 2954 65 48 va
247 2954 87 48 tibi
301 2954 152 48 Bethsaida:
420 2954 76 48 Nam
463 2954 65 48 si
496 2954 87 48 Tyri
550 2954 54 48 &
572 2954 108 48 Sidone
648 2954 108 48 editae
724 2954 130 48 suissent
821 2954 130 48 virtutes
919 2954 87 48 quae
962 2954 65 48 edi-

225 2988 76 45 tae
269 2988 87 45 sunt
323 2988 87 45 apud
377 2988 87 45 vos,
431 2988 87 45 olim
485 2988 76 45 cum
529 2988 98 45 sacco
594 2988 54 45 &
615 2988 108 45 cinere
691 2988 130 45 sedentes
789 2988 184 45 resipuissent:
929 2988 98 45 Quinet-

223 3021 77 48 iam
267 3021 88 48 dico
322 3021 109 48 vobis,
398 3021 88 48 Tyri
453 3021 55 48 &
475 3021 120 48 Sidonis
562 3021 175 48 tolerabilior
705 3021 88 48 erit
759 3021 131 48 conditio
858 3021 66 48 in
891 3021 77 48 die
924 3021 99 48 iudici.

216 3063 93 42 quam
274 3063 128 42 vestra.
367 3063 70 42 Et
402 3063 70 42 tu
437 3063 162 42 Capernaum,
564 3063 93 42 quae
622 3063 70 42 es
657 3063 104 42 usque
727 3063 70 42 ad
761 3063 116 42 caelum
842 3063 139 42 sublata,
935 3063 93 42 usque.

220 3090 67 45 ad
253 3090 123 45 inferos
343 3090 156 45 deprimeis:
465 3090 78 45 Nam
510 3090 67 45 si
543 3090 123 45 Sodomis
633 3090 112 45 cditae
711 3090 134 45 fuissent
811 3090 134 45 virtutes
912 3090 89 45 quae
956 3090 56 45 edu

220 3116 96 56 sunt
280 3116 96 56 apud
339 3116 84 56 te,
387 3116 167 56 mansissent
519 3116 107 56 usque
590 3116 72 56 ad
626 3116 143 56 hodienum
733 3116 107 56 diem.
805 3116 155 56 Quinetiam
925 3116 96 56 dico
972 3116 60 56 vo-

223 3161 88 44 bis,
278 3161 144 44 Sodomorum
389 3161 177 44 tolerabilior
533 3161 88 44 arit
588 3161 133 44 conditio
687 3161 66 44 in
720 3161 77 44 die
765 3161 133 44 iudicit,
864 3161 88 44 quam
919 3161 88 44 tua.
964 3161 66 44 Luc.

220 3185 80 50 12.
265 3185 68 50 v.
299 3185 80 50 47,
345 3185 80 50 48.
391 3185 91 50 Ille
448 3185 114 50 servus
528 3185 80 50 qui
573 3185 103 50 novit
642 3185 160 50 voluntatem
767 3185 114 50 Domini
847 3185 91 50 sui,
904 3185 57 50 &
927 3185 103 50 neque
984 3185 46 50 se

1012 190 161 52 comparavit,
1141 190 96 52 neque
1205 190 96 52 fecit
1269 190 64 52 ex
1301 190 86 52 eius
1355 190 150 52 voluntate,
1473 190 128 52 caedetur
1569 190 107 52 multis
1644 190 118 52 plagis:
1730 190 75 52 Qui
1762 190 64 52 vero

1025 226 74 40 non
1068 226 95 40 novit
1131 226 53 40 &
1152 226 95 40 fecit
1215 226 95 40 digna
1278 226 116 40 plagis,
1362 226 126 40 caedetur
1457 226 105 40 plagis
1520 226 95 40 paucis.

1065 254 129 55 Gravius
1159 254 106 55 autem
1230 254 82 55 vel
1277 254 118 55 levius
1359 254 141 55 peccatum
1465 254 153 55 censetur,
1583 254 82 55 vel
1630 254 59 55 a
1654 254 106 55 causa
1713 254 129 55 efficien-

1040 290 64 50 ce
1072 290 54 50 a
1094 290 75 50 qua
1137 290 171 50 committitur,
1276 290 75 50 vel
1319 290 54 50 a
1340 290 96 50 modo,
1405 290 75 50 vel
1448 290 64 50 ab
1480 290 139 50 effectis,
1587 290 75 50 vel
1630 290 54 50 a
1651 290 96 50 loco,
1715 290 75 50 vel
1758 290 64 50 ab
1790 290 75 50 ob

1038 333 117 51 jecto,
1120 333 82 51 vel
1167 333 59 51 a
1190 333 129 51 tempore
1284 333 82 51 quo
1331 333 187 51 committitur,
1483 333 82 51 vel
1530 333 59 51 a
1553 333 140 51 gradibus
1659 333 59 51 &
1682 333 105 51 aliis
1741 333 105 51 circum

1034 356 96 44 stantis,

1072 392 91 53 Quod
1129 392 69 53 ad
1163 392 114 53 causam
1243 392 171 53 efficientem
1380 392 137 53 attinet,
1483 392 80 53 est
1528 392 69 53 ea
1563 392 183 53 consideranda
1711 392 69 53 in
1734 392 114 53 personis

1046 423 198 51 peccantibus:
1206 423 99 51 quia
1268 423 111 51 prout
1342 423 111 51 donis
1416 423 62 51 &
1441 423 161 51 vocatione
1565 423 87 51 Dei
1614 423 136 51 homines
1701 423 148 51 instructi-

1032 461 105 45 sunt,
1102 461 82 45 ita
1149 461 152 45 atrociora
1266 461 140 45 graviora
1371 461 93 45 sunt
1429 461 128 45 peccata
1523 461 105 45 eorum
1593 461 82 45 aut
1640 461 128 45 leviora
1722 461 128 45 aestiman-

1029 493 85 49 da.
1078 493 134 49 Gravius
1175 493 85 49 est
1224 493 146 49 peccatum
1333 493 134 49 hominis
1430 493 146 49 integri,
1540 493 97 49 quam
1601 493 85 49 jam
1649 493 158 49 corrupti.
1759 493 73 49 Gra-

1043 525 92 36 vius
1101 525 81 36 est
1147 525 138 36 peccatum
1251 525 127 36 hominis
1343 525 69 36 in
1377 525 173 36 conscientia
1516 525 81 36 sua
1562 525 150 36 convicti,
1677 525 92 36 quod
1734 525 92 36 male
1780 525 58 36 fa-

1039 558 102 37 ciat,
1106 558 90 37 quam
1163 558 79 37 non
1208 558 147 37 convicti,
1321 558 102 37 sicut
1389 558 79 37 Joh
1434 558 79 37 19.
1479 558 68 37 v.
1513 558 79 37 11.
1558 558 124 37 dicebat
1648 558 124 37 Dominu:
1738 558 68 37 ad
1761 558 79 37 Pila-

1028 589 97 48 tum:
1088 589 85 48 Qui
1137 589 145 48 tradidit
1246 589 73 48 me
1282 589 109 48 tibi,
1354 589 109 48 maius
1427 589 145 48 peccatum
1536 589 121 48 habet.
1620 589 133 48 Gravius
1717 589 85 48 est
1753 589 73 48 mini

1028 621 113 51 strum
1104 621 113 51 verbi
1180 621 88 51 Dei
1230 621 151 51 peccare,
1343 621 101 51 quam
1406 621 126 51 coetum
1495 621 176 51 Ecclesiae;
1633 621 139 51 gravius
1722 621 113 51 coetum;

1039 660 100 38 quam
1101 660 174 38 Principem:
1238 660 137 38 gravius
1337 660 174 38 Principem,
1474 660 100 38 quam
1536 660 137 38 aliquem
1636 660 62 38 e
1661 660 112 38 vulge
1723 660 112 38 populis

1038 694 70 40 ac
1073 694 129 40 proinde
1167 694 105 40 etiam
1237 694 70 40 in
1272 694 117 40 veteri
1354 694 164 40 Testamento
1483 694 199 40 sacrificiorum
1647 694 105 40 ratio
1705 694 129 40 differens

1029 723 156 44 instituta
1149 723 96 44 fuit
1209 723 84 44 pro
1257 723 168 44 personarum
1389 723 96 44 quae
1448 723 156 44 peccarunt
1568 723 192 44 differentia,
1724 723 108 44 Levit
1784 723 48 44 4.

1037 754 153 47 Peccatum
1152 754 128 47 subiti
1241 754 64 47 &
1267 754 115 47 magni
1343 754 153 47 terroris
1458 754 140 47 impulsu
1560 754 166 47 commissum
1688 754 128 47 levius
1764 754 77 47 est;

1046 792 103 35 quam
1110 792 103 35 quod
1174 792 128 35 absque
1264 792 103 35 tali
1328 792 103 35 metu
1392 792 179 35 commissum.
1533 792 154 35 Peccatum
1649 792 64 35 a
1674 792 141 35 sciente
1764 792 64 35 vo-

1037 819 157 59 luntatem
1155 819 91 59 Dei
1207 819 209 59 perpetratum,
1377 819 91 59 est
1429 819 144 59 gravius
1533 819 105 59 quam
1599 819 170 59 commissum
1729 819 78 59 ab
1756 819 91 59 igno-

1040 853 107 39 rante
1100 853 59 39 eam

1069 882 70 52 Si
1104 882 105 52 modum
1174 882 198 52 consideremus,
1338 882 128 52 gravius
1431 882 82 52 est
1478 882 105 52 illud
1548 882 140 52 peccatum
1653 882 82 52 quo
1700 882 105 52 plura
1758 882 70 52 pre-

1040 917 120 49 cepta
1120 917 160 49 Decalogi
1240 917 187 49 violantur,
1387 917 107 49 quam
1454 917 93 49 quo
1507 917 120 49 unum:
1587 917 80 49 ut
1627 917 134 49 primum
1707 917 134 49 peccatum

1051 952 137 48 ictuale
1150 952 112 48 Adami
1225 952 62 48 &
1250 952 112 48 Evae,
1324 952 112 48 nempe
1399 952 199 48 inobedientia
1561 952 100 48 illa
1623 952 112 48 prima
1685 952 162 48 gravissimum

1042 982 89 45 fuit,
1101 982 79 45 quia
1151 982 79 45 tota
1200 982 69 45 lex
1239 982 59 45 eo
1269 982 108 45 violata
1338 982 59 45 fuit

1065 1015 68 41 Si
1099 1015 124 41 iffecta
1189 1015 158 41 intueamur,
1314 1015 124 41 gravius
1404 1015 79 41 est
1449 1015 102 41 illud
1517 1015 147 41 peccatum,
1630 1015 91 41 quod
1687 1015 136 41 pluribus
1777 1015 57 41 no-

1049 1047 110 43 cet,
1118 1047 110 43 quam
1187 1047 110 43 quod
1256 1047 110 43 uni:
1324 1047 83 43 ut
1366 1047 138 43 primum
1462 1047 165 43 peccatum
1586 1047 96 43 non
1641 1047 138 43 tantum
1737 1047 124 43 Adamo
1806 1047 41 43 &

1050 1082 105 41 Evae,
1120 1082 81 41 sed
1167 1082 105 41 etiam
1236 1082 128 41 omnibus
1329 1082 140 41 posteris
1434 1082 128 41 nocuit.
1527 1082 163 41 Adulterium
1655 1082 128 41 Davidis
1736 1082 105 41 nocuit,

1044 1119 83 35 non
1091 1119 118 35 tantum
1174 1119 130 35 Davidi,
1269 1119 83 35 sed
1316 1119 106 35 etiam
1387 1119 106 35 aliis
1457 1119 118 35 multis
1540 1119 83 35 tum
1587 1119 130 35 liberis
1682 1119 94 35 ejus
1741 1119 83 35 tum
1776 1119 71 35 sub-

1043 1149 118 53 ditic.
1126 1149 189 53 Tolerabilius
1280 1149 83 53 est
1327 1149 106 53 fidem
1398 1149 83 53 non
1445 1149 154 53 detulisse
1563 1149 142 53 Christo,
1670 1149 95 53 quam
1729 1149 106 53 manus
1788 1149 47 53 in

1039 1176 85 41 tulisse

1087 1202 97 64 Quod
1147 1202 73 64 ad
1184 1202 109 64 locum
1256 1202 145 64 attinet,
1366 1202 133 64 gravius
1462 1202 85 64 est
1511 1202 145 64 peccatum
1620 1202 157 64 commissum
1741 1202 73 64 in
1765 1202 73 64 pub-

1051 1245 106 42 dico,
1122 1245 94 42 quam
1180 1245 152 42 privatim;
1298 1245 70 42 in
1333 1245 117 42 templo
1415 1245 94 42 quam
1473 1245 94 42 domi
1520 1245 59 42 sua

1076 1277 139 43 Ratione
1177 1277 139 43 obiecti
1278 1277 139 43 gravius
1379 1277 88 43 est
1430 1277 151 43 peccatum
1543 1277 164 43 commissum
1669 1277 76 43 in
1707 1277 114 43 Deum,
1770 1277 76 43 quam

1052 1313 68 36 in
1086 1313 136 36 homines,
1188 1313 68 36 1.
1222 1313 91 36 Sam.
1279 1313 68 36 2.
1313 1313 68 36 v.
1347 1313 80 36 25.
1393 1313 125 36 Gravius
1483 1313 80 36 est
1529 1313 136 36 peccatum
1631 1313 148 36 conmissum
1745 1313 68 36 in
1767 1313 80 36 Prin-

1052 1343 124 44 cipem.
1138 1343 74 44 in
1175 1343 198 44 Magistratum,
1336 1343 99 44 quam
1398 1343 74 44 in
1435 1343 149 44 privatum
1547 1343 161 44 quempiam,
1671 1343 149 44 Graviora
1770 1343 74 44 sunt

1059 1380 136 39 peccata
1157 1380 148 39 adversus
1269 1380 124 39 primam
1355 1380 148 39 Decalogi
1466 1380 148 39 tabulam,
1578 1380 99 39 quam
1639 1380 148 39 adversus
1738 1380 99 39 secun-

1058 1407 86 47 lam,
1112 1407 151 47 Adulterium
1231 1407 119 47 gravius
1318 1407 76 47 est
1361 1407 130 47 peccatum
1458 1407 108 47 furto.
1534 1407 97 47 Prov.
1599 1407 65 47 6.
1631 1407 65 47 v.
1663 1407 76 47 30,
1696 1407 43 47 3.

1087 1444 120 53 Tempus
1171 1444 108 53 etiam
1243 1444 168 53 gravitatem
1375 1444 132 53 peccati
1472 1444 120 53 auget:
1556 1444 132 53 gravius
1652 1444 96 53 enim
1712 1444 84 53 est
1748 1444 96 53 pecca-

1048 1471 87 49 tum
1097 1471 87 49 die
1147 1471 150 49 Dominico
1260 1471 200 49 perpetratum,
1422 1471 100 49 quam
1472 1471 87 49 alios

1087 1508 120 47 Gravius
1174 1508 76 47 est
1218 1508 142 47 peccatum,
1327 1508 76 47 cui
1370 1508 87 47 alia
1425 1508 120 47 peccata
1512 1508 87 47 sunt
1567 1508 131 47 connexa,
1665 1508 87 47 quam
1719 1508 131 47 simplex.

1093 1540 131 45 Proinde
1188 1540 131 45 peccati
1284 1540 107 45 inter
1355 1540 71 45 se
1391 1540 155 45 comparata
1510 1540 83 45 non
1557 1540 95 45 sunt
1617 1540 107 45 omnia
1688 1540 119 45 paria,
1760 1540 83 45 neque

1065 1577 116 39 onnexa,
1150 1577 74 39 sed
1192 1577 84 39 alia
1245 1577 95 39 aliis
1308 1577 137 39 graviora,
1414 1577 53 39 &
1435 1577 84 39 alia
1488 1577 95 39 aliis
1551 1577 95 39 saepe
1615 1577 148 39 contraria:
1731 1577 84 39 etsi
1773 1577 74 39 omnia

1049 1609 90 41 sint
1105 1609 147 41 mortalia,
1218 1609 68 41 id
1252 1609 90 41 est,
1309 1609 113 41 mortem
1388 1609 136 41 aeternam
1489 1609 158 41 mereantur.

1084 1629 121 48 DECIMO
1169 1629 145 48 Peccatum
1277 1629 85 48 vel
1326 1629 181 48 remissibile
1471 1629 97 48 est,
1531 1629 85 48 vel
1568 1629 193 48 irremissibile.

1082 1666 134 41 Peccatum
1183 1666 179 41 remissibile,
1328 1666 78 41 est
1373 1666 134 41 peccatum
1474 1666 90 41 quod
1529 1666 157 41 remittitur
1653 1666 179 41 resipiscenti
1787 1666 67 41 pro-

1060 1707 93 43 pter
1119 1707 152 43 Christum,
1235 1707 70 43 in
1270 1707 82 43 hac
1317 1707 105 43 vita.
1387 1707 117 43 Qualia
1468 1707 93 43 sunt
1527 1707 128 43 peccata
1620 1707 117 43 omnia,
1701 1707 128 43 excepto
1783 1707 70 43 pec-

1062 1740 97 31 cato
1123 1740 73 31 in
1159 1740 146 31 Spiritum
1269 1740 146 31 Sanctum.
1378 1740 110 31 Nulla
1451 1740 110 31 autem
1524 1740 134 31 peccata
1622 1740 134 31 mortuis
1719 1740 85 31 aut
1756 1740 97 31 anima-

1059 1775 83 44 bus
1107 1775 72 44 in
1143 1775 167 44 purgatorio
1274 1775 155 44 Papistico
1393 1775 191 44 remittuntur:
1548 1775 107 44 nulla
1620 1775 72 44 in
1655 1775 119 44 futuro
1739 1775 107 44 demum
1798 1775 60 44 se-

1050 1805 93 46 culo
1097 1805 162 46 remittentur.

1091 1829 135 53 Peccatum
1192 1829 203 53 irremissibile,
1361 1829 79 53 est
1406 1829 146 53 peccatum,
1518 1829 90 53 quod
1575 1829 79 53 non
1620 1829 169 53 remittitur,
1755 1829 101 53 neque
1811 1829 45 53 in

1060 1870 89 37 noc,
1116 1870 100 37 neque
1182 1870 67 37 in
1216 1870 111 37 futuro
1294 1870 123 37 serulo.
1383 1870 78 37 non
1428 1870 123 37 propter
1517 1870 189 37 difficultatem
1673 1870 167 37 remissionis
1795 1870 56 37 ob-

1060 1902 148 35 tinendae,
1173 1902 79 35 nec
1219 1902 102 35 etiam
1287 1902 91 35 quod
1343 1902 79 35 sic
1389 1902 148 35 potentius
1502 1902 114 35 gratia
1582 1902 91 35 Dei,
1639 1902 79 35 sed
1684 1902 68 35 ob
1718 1902 102 35 semel
1775 1902 68 35 reje

1060 1936 90 33 ctam
1116 1936 147 33 destinata
1229 1936 124 33 malitia
1319 1936 124 33 hostiam
1409 1936 90 33 Jesu
1466 1936 135 33 Christi,
1567 1936 90 33 quam
1623 1936 79 33 sua
1669 1936 124 33 expiari
1748 1936 101 33 peccata

1060 1968 135 42 Spiritus
1161 1968 123 42 Sanctus
1250 1968 146 42 testatur,
1363 1968 56 42 &
1385 1968 179 42 conscientias
1531 1968 157 42 convincit:
1654 1968 56 42 &
1677 1968 67 42 ob
1699 1968 157 42 resipiscendi

1057 1998 240 44 impossibilitatem,
1262 1998 80 44 cum
1308 1998 91 44 illo
1365 1998 126 44 superbe
1456 1998 171 44 contemnatur
1593 1998 137 44 Spiritus
1696 1998 137 44 Sanctus,
1799 1998 80 44 qui

1051 2032 188 35 resipiscentiae
1207 2032 73 35 est
1249 2032 104 35 autor.
1322 2032 104 35 Matth.
1395 2032 63 35 12
1427 2032 63 35 v.
1458 2032 63 35 31
1489 2032 94 35 Marc.
1552 2032 63 35 3.
1583 2032 73 35 28,
1625 2032 73 35 29.
1667 2032 84 35 Luc.
1719 2032 73 35 12.
1761 2032 73 35 10.
1792 2032 63 35 Heba

1049 2063 62 41 6.
1080 2063 62 41 v.
1111 2063 62 41 4,
1142 2063 62 41 5,
1173 2063 62 41 6.
1205 2063 73 41 Nam
1246 2063 94 41 fieri
1309 2063 73 41 non
1350 2063 114 41 potest,
1434 2063 62 41 ut
1465 2063 73 41 qui
1507 2063 94 41 semel
1569 2063 114 41 fuerint
1652 2063 156 41 illuminati,
1767 2063 83 41 gusta-

1048 2093 138 43 verintque
1154 2093 95 43 donum
1218 2093 95 43 illud
1281 2093 138 43 caeleste,
1387 2093 53 43 &
1408 2093 148 43 participes
1525 2093 95 43 facti
1588 2093 116 43 fuerint
1673 2093 127 43 Spiritus
1758 2093 95 43 Sancti,

1050 2125 208 35 Gustaverintque
1224 2125 104 35 bonum
1294 2125 81 35 Dei
1340 2125 127 35 Verbum,
1433 2125 69 35 ac
1467 2125 139 35 virtutes
1572 2125 116 35 futuri
1653 2125 127 35 seculi.
1745 2125 69 35 Si
1768 2125 93 35 prola-

1047 2162 127 34 bantur,
1140 2162 104 34 denuo
1209 2162 161 34 renoventur
1335 2162 69 34 ad
1370 2162 219 34 resipiscentiam,
1554 2162 69 34 ut
1588 2162 81 34 qui
1634 2162 115 34 rursum
1703 2162 150 34 crucifigant

1057 2194 91 49 sibi
1114 2194 114 49 Filium
1193 2194 91 49 Dei,
1250 2194 57 49 &
1273 2194 159 49 ignominiae
1398 2194 148 49 exponant.
1512 2194 68 49 Et
1546 2194 91 49 cap.
1603 2194 80 49 10.
1648 2194 80 49 26.
1694 2194 148 49 Cujusmodi
1796 2194 57 49 est

1052 2230 153 40 peccatum
1167 2230 89 40 seu
1218 2230 178 40 blasphemia
1358 2230 76 40 in
1396 2230 153 40 Spiritum
1498 2230 114 40 Sanctum

1087 2255 145 35 Peccatum
1196 2255 85 35 seu
1244 2255 170 35 blasphemia
1378 2255 73 35 in
1414 2255 145 35 Spiritum
1523 2255 145 35 Sanctum,
1632 2255 85 35 est
1680 2255 157 35 peccatum,
1789 2255 73 35 quum

1044 2293 150 39 abnegatur
1160 2293 81 39 vel
1206 2293 161 39 oppugnatur
1333 2293 127 39 veritas
1425 2293 115 39 divina
1506 2293 150 39 destinato
1621 2293 150 39 consilio,
1736 2293 138 39 postquam
1828 2293 35 39 i

1047 2322 73 44 de
1083 2322 146 44 veritate
1193 2322 171 44 testimonio
1327 2322 146 44 Spiritus
1437 2322 122 44 Sancti
1522 2322 97 44 mens
1583 2322 122 44 edocta
1668 2322 61 44 &
1692 2322 146 44 convicta
1790 2322 73 44 est:

1060 2365 97 35 quod
1121 2365 158 35 peccatum,
1242 2365 85 35 qui
1291 2365 183 35 committunt,
1437 2365 158 35 caecitate
1559 2365 61 35 a
1583 2365 85 35 Deo
1632 2365 170 35 puniuntur,
1766 2365 85 35 ita
1802 2365 61 35 ut,

1047 2399 136 33 nunquam
1146 2399 198 33 resipiscant:
1307 2399 74 33 ac
1344 2399 136 33 proinde
1443 2399 87 33 nec
1492 2399 186 33 remissionem
1641 2399 173 33 peccatorum
1765 2399 99 33 conse-

1061 2421 130 46 quuntur,
1159 2421 108 46 Matth.
1235 2421 76 46 12.
1278 2421 76 46 31.
1322 2421 98 46 Hebr.
1387 2421 65 46 6.
1419 2421 65 46 4,
1452 2421 65 46 5.
1484 2421 65 46 6.
1517 2421 65 46 Et
1549 2421 87 46 cap.
1604 2421 76 46 10.
1647 2421 65 46 v.
1680 2421 76 46 26,
1723 2421 76 46 27.
1766 2421 87 46 Vide
1810 2421 54 46 Au-

1062 2457 136 42 justinum
1164 2457 113 42 quarto
1243 2457 102 42 tomo,
1311 2457 68 42 in
1345 2457 170 42 Expositione
1481 2457 136 42 inchoata
1583 2457 147 42 epistolae
1697 2457 102 42 Pauli
1765 2457 68 42 ad
1787 2457 57 42 Ro-

1053 2492 109 39 manos
1126 2492 97 39 pag.
1186 2492 194 39 octingentes.
1344 2492 242 39 trigesimaoctava,
1549 2492 109 39 usque
1622 2492 73 39 ad
1658 2492 133 39 paginam
1743 2492 97 39 octin-

1051 2523 190 50 gentesimam
1187 2523 326 50 quadragesimamsecundam.

1083 2548 130 41 Dicitur
1178 2548 142 41 peccatum
1284 2548 71 41 in
1319 2548 142 41 Spiritum
1425 2548 142 41 Sanctum,
1531 2548 83 41 non
1579 2548 142 41 respectu
1685 2548 153 41 essentiae
1791 2548 59 41 di-

1064 2585 102 39 vinae
1132 2585 91 39 quam
1189 2585 136 39 Spiritus
1291 2585 125 39 Sanctus
1382 2585 80 39 est
1427 2585 102 39 Deus;
1496 2585 80 39 nec
1541 2585 136 39 respectu
1643 2585 136 39 personae
1734 2585 114 39 Spiritus

1057 2613 120 48 Sancti,
1144 2613 76 48 nec
1188 2613 87 48 enim
1243 2613 98 48 major
1308 2613 76 48 est
1352 2613 131 48 dignitas
1450 2613 120 48 persone
1537 2613 109 48 ipsius
1614 2613 87 48 quam
1668 2613 109 48 Patris
1745 2613 55 48 &
1756 2613 98 48 Filii.,

1057 2652 76 38 nec
1101 2652 120 38 offendi
1188 2652 76 38 una
1232 2652 120 38 persona
1319 2652 131 38 Deitatis
1417 2652 120 38 possit,
1505 2652 87 38 quin
1559 2652 120 38 injuria
1647 2652 65 38 in
1679 2652 131 38 caeteras
1767 2652 76 38 quoqe

1071 2690 142 31 personas
1177 2690 153 31 redundet:
1295 2690 83 31 sed
1343 2690 142 31 respectu
1449 2690 153 31 beneficii
1567 2690 94 31 quod
1626 2690 153 31 immediate
1732 2690 118 31 Spiritus

1067 2715 127 40 Sanctus
1160 2715 150 40 praestat,
1275 2715 150 40 veritatem
1391 2715 115 40 docens
1472 2715 58 40 &
1495 2715 173 40 patefaciens
1633 2715 69 40 in
1668 2715 139 40 cordibus
1760 2715 81 40 homi-

1060 2749 84 39 num
1108 2749 120 39 eosque
1192 2749 168 39 convincens
1324 2749 72 39 in
1360 2749 180 39 conscientia
1505 2749 144 39 ipsorum,
1613 2749 108 39 Jesum
1685 2749 96 39 esse
1733 2749 120 39 Christum

1058 2782 109 44 illum
1131 2782 61 44 &
1155 2782 121 44 unicum
1240 2782 182 44 Servatorem,
1386 2782 85 44 per
1434 2782 97 44 quem
1495 2782 85 44 nos
1544 2782 146 44 oporteat
1641 2782 109 44 servari

1100 2810 119 54 Dicitur
1187 2810 97 54 etiam
1251 2810 130 54 peccatum
1349 2810 65 54 ad
1381 2810 119 54 mortem,
1467 2810 65 54 1.
1500 2810 86 54 Joh.
1554 2810 65 54 5.
1586 2810 97 54 v.16.
1651 2810 86 54 quia
1705 2810 86 54 sine
1759 2810 86 54 ulla
1802 2810 54 54 ve-

1058 2848 89 48 niae
1114 2848 78 48 spe
1158 2848 89 48 mors
1214 2848 123 48 aeterna
1303 2848 100 48 illud
1359 2848 134 48 consequitu

1099 2875 78 51 Non
1144 2875 101 51 cadit
1211 2875 67 51 in
1244 2875 123 51 electos
1334 2875 67 51 ad
1368 2875 101 51 vitam
1435 2875 134 51 aeternam
1535 2875 56 51 &
1558 2875 90 51 fide
1614 2875 146 51 salvifica
1715 2875 134 51 praeditos;

1068 2913 85 44 sed
1116 2913 181 44 committitur
1261 2913 121 44 tantum
1346 2913 60 44 a
1370 2913 157 44 reprobis,
1491 2913 85 44 non
1539 2913 145 44 omnibus,
1648 2913 85 44 sed
1696 2913 121 44 tantum
1768 2913 85 44 illis

1077 2947 83 47 qui
1125 2947 142 47 Christum
1231 2947 59 47 &
1255 2947 154 47 veritatem
1374 2947 95 47 ejus
1433 2947 190 47 cognoverunt,
1587 2947 95 47 sive
1646 2947 142 47 Christum
1741 2947 107 47 eiusque

1066 2981 134 45 veritatem
1169 2981 82 45 sint
1220 2981 134 45 professi,
1323 2981 82 45 sive
1375 2981 103 45 nondum
1447 2981 82 45 sint
1488 2981 103 45 professe

1105 2997 69 53 In
1140 2997 127 53 priorum
1232 2997 115 53 numero
1313 2997 92 53 sunt
1371 2997 162 53 apostatae,
1498 2997 81 53 non
1544 2997 127 53 quivis,
1637 2997 81 53 sed
1683 2997 81 53 qui
1717 2997 139 53 universali

1078 3042 136 48 postasia
1180 3042 91 48 toto
1237 3042 102 48 corde
1305 3042 57 48 a
1328 3042 125 48 Christo
1419 3042 57 48 &
1441 3042 57 48 a
1464 3042 91 48 fide
1521 3042 91 48 vera
1578 3042 102 48 antea
1646 3042 125 48 cognita
1737 3042 57 48 &
1748 3042 114 48 explora-

1078 3073 57 51 a
1100 3073 171 51 defecerunt,
1237 3073 80 51 ita
1282 3073 68 51 ut
1316 3073 125 51 Christo
1407 3073 114 51 bellum
1487 3073 148 51 indicant,
1601 3073 80 51 cum
1646 3073 136 51 hostibus
1749 3073 57 51 &
1760 3073 91 51 perse-

1071 3110 170 50 quutoribus
1205 3110 97 50 ejus
1266 3110 73 50 se
1302 3110 170 50 conjungant
1436 3110 61 50 &
1460 3110 158 50 doctrinam
1582 3110 97 50 ejus
1643 3110 134 50 damnent
1740 3110 61 50 &
1752 3110 110 50 blaspe-

1073 3140 103 42 ment,
1141 3140 92 42 quod
1198 3140 80 42 sit
1244 3140 160 42 haeretica,
1370 3140 160 42 diabolica,
1496 3140 114 42 impia,
1576 3140 160 42 blasphema:
1702 3140 114 42 eamque
1782 3140 57 42 &
1793 3140 69 42 con-

1070 3173 130 52 fessores
1168 3173 87 52 ejus
1222 3173 174 52 pertinacitet
1364 3173 185 52 persequantur:
1516 3173 65 52 ut
1549 3173 98 52 Judas
1614 3173 152 52 Iscariotes
1733 3173 109 52 Matth.
1799 3173 54 52 26.
