2063 3525
229 179 72 62 14,
270 179 103 62 15,16.
342 179 165 62 Antichristus
476 179 82 62 ille
527 179 113 62 magnus,
609 179 62 62 2.
640 179 103 62 Thess.
712 179 62 62 2,
743 179 62 62 v.
774 179 62 62 3.
805 179 113 62 Apocal.
887 179 62 62 9.
918 179 62 62 1.
939 179 82 62 Arius,

218 229 141 50 Julianus
312 229 129 50 apostata.

243 251 75 49 In
280 251 186 49 posteriorum
429 251 112 49 autem
504 251 124 49 numero
591 251 137 49 fuerunt
690 251 99 49 olim
752 251 162 49 Pharisaei
876 251 62 49 &
889 251 124 49 Scribae-

221 282 67 53 de
254 282 111 53 quibus
332 282 111 53 Matth.
410 282 78 53 12.
454 282 67 53 v.
488 282 78 53 24.
532 282 56 53 &
554 282 178 53 sequentibus.
699 282 100 53 Marc.
765 282 67 53 3.
799 282 78 53 22.
843 282 67 53 Et
877 282 100 53 multi
932 282 89 53 hodiet

218 324 105 43 inter
289 324 141 43 Papistas
394 324 59 43 &
417 324 141 43 Jesuitas
523 324 59 43 &
546 324 105 43 alios
617 324 82 43 qui
664 324 152 43 doctrinam
781 324 152 43 Ecclesiae
886 324 129 43 reformata

226 356 171 46 insectantur
362 356 125 46 malitia
453 356 159 46 destinata,
578 356 57 46 &
601 356 182 46 calumniantur
749 356 91 46 esse
805 356 171 46 haereticam,
930 356 80 46 diabo

216 388 121 45 licam,
301 388 134 45 impiam,
398 388 121 45 novam,
483 388 61 45 &
507 388 97 45 ante
568 388 109 45 annos
641 388 109 45 demum
714 388 182 45 septuaginta
859 388 121 45 natam,
932 388 85 45 quan-

222 420 118 46 tumvis
305 420 177 46 conscientia
446 420 130 46 ipsorum
541 420 83 46 sit
588 420 142 46 convicta
694 420 83 46 per
742 420 142 46 Spiritum
848 420 142 46 Sanctum,
942 420 71 46 quod

214 451 140 53 doctrina
319 451 105 53 illa,
389 451 93 53 quam
448 451 128 53 damnant
541 451 58 53 &
564 451 128 53 diabolo
657 451 175 53 adscribunt,
797 451 82 53 sit
844 451 58 53 a
867 451 128 53 Spiritu
949 451 70 53 San-

221 490 79 49 cto
266 490 68 49 in
300 490 169 49 Propheticis
435 490 56 49 &
458 490 169 49 Apostolicis
593 490 113 49 libris
661 490 101 49 tradita

255 510 140 57 Peccatum
360 510 82 57 hoc
407 510 152 57 distingui
524 510 105 57 debet
594 510 70 57 ab
629 510 175 57 abnegatione
768 510 128 57 Christi
862 510 82 57 aut
897 510 128 57 veritatis

218 552 100 48 eius,
285 552 100 48 facta
351 552 100 48 quide
418 552 156 48 reclamante
540 552 178 48 conscientia,
685 552 78 48 sed
729 552 67 48 ex
762 552 133 48 periculi
851 552 167 48 circumstantis

220 584 138 49 horrore,
323 584 58 49 &
346 584 127 49 judicio
438 584 115 49 mentis
519 584 81 49 cum
565 584 115 49 lingua
645 584 81 49 non
691 584 196 49 consentiente,
852 584 58 49 &
875 584 127 49 proinde
956 584 58 49 fi-

220 623 65 44 de
253 623 76 44 non
296 623 152 44 deficiente
416 623 109 44 corde,
492 623 120 44 etiamsi
579 623 142 44 confessio
688 623 87 44 ejus
743 623 142 44 defecerit
852 623 65 44 in
884 623 87 44 ore:
928 623 87 44 qualis

215 653 94 47 fuit
274 653 152 47 abnegatio
391 653 82 47 qua
437 653 117 47 Petrus
519 653 140 47 Christum
625 653 82 47 ter
671 653 164 47 abnegavit,
800 653 105 47 Matt.
870 653 82 47 26.
917 653 70 47 v.
952 653 82 47 69.
987 653 35 47 &

225 692 196 42 sequentibus.
384 692 86 42 Nam
433 692 123 42 Petrus
519 692 86 42 non
568 692 159 42 abnegavit
691 692 147 42 Christum
801 692 172 42 deliberato
924 692 98 42 consi-

214 729 88 41 lio,
269 729 77 41 nec
313 729 66 41 se
346 729 132 41 hostibus
445 729 121 41 Christi
533 729 143 41 adjunxit,
644 729 66 41 ut
677 729 77 41 eum
721 729 198 41 persequeretur,
886 729 77 41 sed
919 729 99 41 peccate

221 764 144 39 commisso
329 764 108 39 amare
401 764 120 39 flevit
486 764 60 39 &
510 764 72 39 se
546 764 108 39 foras
618 764 156 39 proripuit
738 764 120 39 lugens
823 764 180 39 gravissime.
955 764 60 39 Qua

225 790 126 52 propter
316 790 149 52 abnegatio
431 790 137 52 Christi,
534 790 92 52 orta
591 790 69 52 ex
626 790 183 52 infirmitate,
774 790 57 52 &
797 790 80 52 non
843 790 69 52 ex
878 790 103 52 animo
946 790 92 52 abji

220 824 114 50 ciendi
299 824 136 50 Christum
401 824 57 50 &
424 824 148 50 veritatem
538 824 102 50 ejus,
606 824 136 50 sequente
708 824 193 50 resipiscentia
867 824 80 50 non
913 824 80 50 est
947 824 68 50 pec-

219 860 105 54 catum
289 860 70 54 in
324 860 139 54 Spiritum
429 860 139 54 Sanctum,
533 860 93 54 etsi
591 860 93 54 quam
649 860 128 54 proxime
742 860 70 54 ad
777 860 105 54 illud
847 860 139 54 accedat,

255 894 152 46 Distingui
372 894 105 46 etiam
442 894 105 46 debet
512 894 58 46 a
535 894 128 46 peccato
628 894 117 46 contra
710 894 187 46 conscientia:
861 894 82 46 Nam
896 894 117 46 blasphe-

225 932 86 37 mia
274 932 123 37 quidem
360 932 74 37 in
397 932 148 37 Spiritum
508 932 135 37 Sanctum
606 932 86 37 est
656 932 148 37 peccatum
766 932 123 37 contra
840 932 185 37 conscientiam:

219 963 86 46 sed
268 963 86 46 non
317 963 98 46 omne
378 963 147 46 peccatum
489 963 123 46 contra
574 963 196 46 conscientiam
734 963 86 46 est
783 963 172 46 blasphemia
918 963 74 46 in
942 963 74 46 Spi-

219 1003 111 37 ritum
293 1003 148 37 Sanctum,
404 1003 74 37 ut
441 1003 160 37 abnegatio
564 1003 111 37 Petri
638 1003 99 37 erat
700 1003 148 37 peccatum
811 1003 123 37 contra
885 1003 136 37 conscien

204 1038 99 42 tiam.

255 1066 152 38 Praeterea
372 1066 152 38 distingui
489 1066 105 38 debet
559 1066 58 38 a
583 1066 164 38 blasphemia
711 1066 70 38 in
746 1066 140 38 Christum
852 1066 70 38 ex
875 1066 152 38 ignorantia,

226 1100 78 55 qua
270 1100 111 55 Paulus
348 1100 122 55 faretur
436 1100 66 55 se
470 1100 133 55 peccasse
569 1100 89 55 ante
625 1100 188 55 conversionem,
780 1100 66 55 I.
813 1100 89 55 Tim.
868 1100 66 55 1.
902 1100 66 55 v.
924 1100 44 55 13

255 1129 128 46 Insuper
349 1129 152 46 distingui
465 1129 105 46 debet
535 1129 58 46 a
558 1129 128 46 peccato
652 1129 140 46 mortali:
757 1129 82 46 Nam
803 1129 198 46 irremissibile
955 1129 58 46 pec

222 1170 110 40 catum
295 1170 85 40 est
344 1170 122 40 quidem
429 1170 146 40 mortale,
538 1170 85 40 sed
587 1170 85 40 non
636 1170 97 40 omne
696 1170 134 40 mortale
794 1170 85 40 est
830 1170 195 40 irremissibile,

226 1200 88 56 quia
281 1200 77 56 sit
325 1200 120 56 veniale
412 1200 120 56 electis
500 1200 88 56 fide
554 1200 66 56 in
587 1200 131 56 Christum
675 1200 98 56 donatis

333 1244 135 54 Tantum
427 1244 81 54 de
467 1244 148 54 peccato
575 1244 94 54 seu
629 1244 188 54 blasphemia
776 1244 81 54 in
803 1244 108 54 Spiri-

529 1288 109 43 eum
575 1288 155 43 Sanctum.

255 1332 190 46 Communiter
405 1332 122 46 autem
486 1332 109 46 omne
554 1332 163 46 peccatum
677 1332 95 46 tum
731 1332 177 46 originale
867 1332 95 46 tum
908 1332 122 46 actuale

234 1376 73 43 vel
275 1376 115 43 regnans
359 1376 84 43 est,
412 1376 73 43 vel
454 1376 73 43 non
485 1376 105 43 regnans.

267 1398 142 44 Peccatum
374 1398 142 44 regnans,
480 1398 83 44 est
527 1398 83 44 cui
575 1398 95 44 homo
634 1398 83 44 non
681 1398 142 44 repugnat
787 1398 83 44 per
835 1398 130 44 gratiam
918 1398 106 44 Spiritu

230 1443 124 41 Sancti,
320 1443 79 41 sed
365 1443 112 41 obedit
443 1443 124 41 peccato
533 1443 67 41 in
567 1443 191 41 cupiditatibus
724 1443 146 41 corporis,
837 1443 56 41 &
859 1443 124 41 peccati
949 1443 101 41 velut

229 1473 103 41 artem
297 1473 149 41 factitat,
412 1473 126 41 ideoque
504 1473 103 41 facit
573 1473 80 41 eum
619 1473 138 41 obnoxium
722 1473 103 41 morti
791 1473 149 41 aeternae,
906 1473 92 41 nisi
952 1473 69 41 resu

227 1515 131 39 piscat,
323 1515 60 39 &
346 1515 119 39 veniam
430 1515 84 39 per
478 1515 143 39 Christum
585 1515 191 39 consequatur,
741 1515 96 39 Rom.
800 1515 72 39 6.
836 1515 72 39 v.
872 1515 84 39 12.
920 1515 84 39 Hoc
955 1515 96 39 pecca-

231 1547 81 39 tum
278 1547 69 39 ex
312 1547 127 39 effectu
404 1547 127 39 dicitur
496 1547 138 39 peccatum
600 1547 127 39 vastans
680 1547 173 39 conscientiam.

267 1565 139 45 Peccatum
372 1565 128 45 regnans
465 1565 81 45 est
511 1565 116 45 instar
592 1565 116 45 domini
673 1565 81 45 vel
720 1565 128 45 tyranni
812 1565 151 45 alicujus,
928 1565 81 45 qui
963 1565 58 45 sum

236 1608 79 38 mum
281 1608 136 38 imperium
383 1608 125 38 obtinet
474 1608 68 38 in
508 1608 125 38 peccati
599 1608 125 38 servum,
690 1608 79 38 qui
735 1608 68 38 ei
769 1608 91 38 sese
826 1608 136 38 fortiter
928 1608 79 38 non
962 1608 57 38 op-

231 1648 115 35 ponit,
312 1648 81 35 qui
358 1648 92 35 sine
416 1648 92 35 ulla
473 1648 207 35 contradictione
646 1648 58 35 &
669 1648 173 35 repugnantia
807 1648 69 35 ei
841 1648 92 35 toto
899 1648 104 35 corde
956 1648 81 35 obse-

237 1680 135 33 quitur.
335 1680 147 33 Peccatum
445 1680 147 33 regnans,
556 1680 61 33 &
580 1680 147 33 inprimis
691 1680 123 33 nativa
776 1680 221 33 concupiscentia
948 1680 86 33 mala,

242 1706 83 44 est
290 1706 119 44 instar
373 1706 119 44 mariti
456 1706 155 44 cujusdam,
576 1706 83 44 cui
623 1706 95 44 homo
683 1706 131 44 tanquam
778 1706 119 44 mulier
861 1706 143 44 subditus
969 1706 83 44 est
1004 1706 36 44 &

247 1741 70 46 ex
282 1741 81 46 qua
329 1741 104 46 parit
398 1741 93 46 vere
456 1741 162 46 mortiferam
584 1741 139 46 sobolem,
688 1741 93 46 Rom.
746 1741 70 46 7.
770 1741 46 46 5.

274 1773 71 47 In
310 1773 83 47 non
357 1773 177 47 regeneratis
499 1773 59 47 &
523 1773 177 47 infidelibus
664 1773 142 47 peccatum
771 1773 130 47 regnat,
865 1773 95 47 quia
913 1773 118 47 puritati

237 1809 82 41 non
284 1809 141 41 student:
390 1809 82 41 Sed
437 1809 70 41 in
472 1809 176 41 regeneratis
613 1809 153 41 fidelibus
731 1809 59 41 &
754 1809 129 41 habitat
848 1809 106 41 quide
907 1809 129 41 peccatum,

237 1842 82 39 sed
284 1842 82 39 non
331 1842 129 39 regnat.
425 1842 94 39 Ideo
483 1842 129 39 peccata
577 1842 152 39 regnantia
694 1842 59 39 &
717 1842 187 39 conscientiam
870 1842 105 39 plane
928 1842 94 39 vastam

240 1875 82 40 tia
287 1875 82 40 cum
334 1875 93 40 vera
392 1875 93 40 fide
450 1875 70 40 in
485 1875 140 40 Christum
590 1875 163 40 consistere
719 1875 58 40 &
742 1875 70 40 in
777 1875 128 40 electos
871 1875 128 40 vereque
952 1875 82 40 rege-

249 1913 113 34 neratos
331 1913 103 34 cadere
403 1913 72 34 non
444 1913 123 34 possunt,
536 1913 62 34 1.
567 1913 82 34 Joh.
618 1913 62 34 3.
649 1913 62 34 v.
679 1913 62 34 6.
710 1913 123 34 Quisquis
802 1913 62 34 in
833 1913 62 34 eo
864 1913 103 34 manet,
936 1913 72 34 non
966 1913 62 34 pec-

242 1944 84 37 cat:
295 1944 126 37 quisquis
390 1944 116 37 peccat,
474 1944 74 37 non
516 1944 95 37 vidit
579 1944 84 37 eum,
632 1944 95 37 neque
695 1944 95 37 novit
758 1944 84 37 eum.
811 1944 63 37 Et
843 1944 53 37 v
864 1944 63 37 9.
895 1944 126 37 Quisquis
979 1944 53 37 na-

238 1973 79 41 tus
283 1973 79 41 est
328 1973 68 41 ex
362 1973 90 41 Deo,
418 1973 79 41 non
464 1973 102 41 facit
531 1973 147 41 peccatum,
644 1973 124 41 quoniam
734 1973 102 41 semen
802 1973 113 41 ipsius
881 1973 68 41 in
915 1973 68 41 eo
938 1973 90 41 manet.

239 2007 116 45 Renati
321 2007 116 45 semper
402 2007 93 45 odio
460 2007 116 45 habent
542 2007 151 45 peccatum,
658 2007 105 45 illud
728 2007 186 45 detestantur,
879 2007 116 45 inviti
949 2007 70 45 ser-

245 2040 100 41 viunt
312 2040 134 41 peccato,
412 2040 156 41 cupiuntque
534 2040 89 41 illo
590 2040 145 41 liberari,
701 2040 67 41 ut
735 2040 100 41 docet
801 2040 111 41 Paulus
879 2040 89 41 Rom.
935 2040 56 41 6
957 2040 56 41 &
968 2040 45 41 7.

262 2077 129 34 Pccatum
356 2077 82 34 non
403 2077 140 34 regnans,
508 2077 82 34 est
555 2077 82 34 cui
601 2077 94 34 homo
660 2077 129 34 renatus
753 2077 164 34 reluctatur
882 2077 82 34 per
917 2077 105 34 gratiam

232 2102 135 45 Spiritus
333 2102 112 45 Sancti
412 2102 180 45 regenerantis
558 2102 79 45 eum
603 2102 67 45 ad
637 2102 101 45 vitam
704 2102 146 45 aeternam,
817 2102 79 45 nec
862 2102 112 45 fertur
940 2102 67 45 ad
963 2102 56 45 il-

236 2139 90 44 lud
288 2139 206 44 perpetrandum
455 2139 103 44 toto
520 2139 142 44 impetu,
623 2139 142 44 ideoque
726 2139 90 44 non
777 2139 116 44 facit
855 2139 90 44 cum
893 2139 129 44 obnoxium

233 2178 107 49 morti
304 2178 154 49 aeternae,
423 2178 95 49 quia
482 2178 166 49 resipiscit
612 2178 59 49 &
636 2178 118 49 veniam
718 2178 83 49 per
766 2178 142 49 Christum
872 2178 189 49 consequitur,

231 2206 100 44 Rom.
293 2206 62 44 7
318 2206 75 44 v.
343 2206 62 44 19.

263 2241 122 49 Rursus
348 2241 147 49 peccatum
459 2241 86 49 tum
508 2241 159 49 originale
630 2241 86 49 tum
679 2241 135 49 actuale
777 2241 86 49 vel
826 2241 135 49 mortuum
924 2241 86 49 est
961 2241 61 49 ver

220 2269 100 44 vivens.

261 2310 146 50 Peccatum
370 2310 146 50 mertuum,
479 2310 85 50 est
528 2310 97 50 quod
589 2310 73 50 in
625 2310 109 50 nobis
698 2310 121 50 quidem
783 2310 97 50 est,
844 2310 85 50 sed
892 2310 85 50 non
929 2310 97 50 cogno-

226 2336 119 61 scimus
309 2336 95 61 esse
369 2336 83 61 aut
416 2336 83 61 non
464 2336 167 61 agnoscimus
595 2336 83 61 pro
642 2336 131 61 peccato
738 2336 107 61 neque
809 2336 83 61 ita
856 2336 107 61 furit
928 2336 71 61 ut
952 2336 71 61 pos-

225 2377 185 44 cognitionem
372 2377 111 44 Legis
434 2377 86 44 solet

255 2412 144 41 Peccatum
363 2412 132 41 vivins,
460 2412 84 41 est
508 2412 96 41 quod
568 2412 84 41 per
616 2412 108 41 Legem
688 2412 180 41 cognoscimus
832 2412 96 41 esse
893 2412 72 41 in
929 2412 108 41 nobis
989 2412 36 41 &

223 2440 91 49 esse
279 2440 147 49 peccatum,
393 2440 91 49 unde
450 2440 68 49 in
484 2440 102 49 nobis
552 2440 91 49 post
608 2440 102 49 Legis
676 2440 170 49 cognitionem
812 2440 113 49 furit.
881 2440 147 49 Distinctio-

220 2476 88 46 ista
275 2476 77 46 est
319 2476 88 46 Rom.
373 2476 66 46 7.
406 2476 66 46 v.
439 2476 66 46 9.
472 2476 109 46 absque
548 2476 88 46 Lege
603 2476 131 46 peccatum
702 2476 88 46 erat
756 2476 131 46 mortuum:
855 2476 77 46 ego
899 2476 88 46 vero
942 2476 77 46 vivus

221 2511 123 48 eramsid
310 2511 89 48 est,
366 2511 134 48 stupidus
467 2511 56 48 &
489 2511 89 48 sine
545 2511 101 48 sensu
612 2511 134 48 peccati)
712 2511 112 48 absque
790 2511 89 48 Lege
846 2511 134 48 quondam:
936 2511 101 48 praece-

230 2548 79 50 pti
275 2548 101 50 autem
342 2548 112 50 illius
421 2548 124 50 adventu
511 2548 79 50 (id
556 2548 90 50 est,
612 2548 90 50 quum
668 2548 135 50 mandatum
770 2548 101 50 illud
837 2548 101 50 coepi
893 2548 124 50 intellige

221 2572 82 60 re)
268 2572 140 60 peccatum
373 2572 140 60 revixit,
478 2572 82 60 ego
524 2572 93 60 vero
582 2572 128 60 mortuus
664 2572 58 60 sum

408 2628 84 60 Sic
456 2628 96 60 fuit
516 2628 72 60 de
552 2628 96 60 malo
612 2628 132 60 culpae:
708 2628 144 60 sequitur

461 2720 282 59 CAPUT
617 2720 157 59 IV.

389 2783 98 72 In
438 2783 115 72 quo
503 2783 98 72 de
553 2783 131 72 malo
618 2783 230 72 afflictionis

280 2862 101 58 ALUM
343 2862 214 58 afflictionis,
519 2862 88 58 est
570 2862 113 58 malum
645 2862 101 58 quod
708 2862 138 58 patitur
808 2862 151 58 creatura
921 2862 126 58 ratio

224 2877 126 76 [nalis
313 2877 139 76 aeterno
414 2877 114 76 eoque
489 2877 114 76 justo
565 2877 139 76 decreto
666 2877 101 76 Dei,
729 2877 126 76 cedens
817 2877 76 76 in
855 2877 139 76 gloriam
943 2877 76 76 Dei,

314 2938 63 55 &
340 2938 164 55 electorum
466 2938 152 55 salutem.
580 2938 139 55 Dicitur
681 2938 202 55 synecdochice
845 2938 152 55 miseria,
946 2938 76 55 quum

221 2966 151 58 alioquin
335 2966 88 58 hac
385 2966 101 58 voce
448 2966 113 58 etiam
524 2966 151 58 peccatum
637 2966 239 58 comprehendatur:
838 2966 63 58 &
851 2966 176 58 metaphorice.

238 3005 76 53 cal
282 3005 119 53 imitas,
368 3005 87 53 item
423 3005 119 53 noculum
510 3005 76 53 seu
553 3005 98 53 calix
618 3005 76 53 ira
661 3005 76 53 Dei
705 3005 109 53 passim
781 3005 65 53 in
803 3005 119 53 Scriptura

264 3035 108 56 Estque
340 3035 65 56 si
372 3035 97 56 fines
436 3035 161 56 consideres,
565 3035 75 56 vel
608 3035 97 56 poena
673 3035 118 56 divina,
759 3035 75 56 vel
802 3035 161 56 exploratio,
931 3035 75 56 vel
963 3035 65 56 mar-

230 3069 122 46 tyrium,
319 3069 78 46 vel
363 3069 122 46 pretium
452 3069 167 46 redemtionis
586 3069 78 46 pro
619 3069 89 46 nobis.

262 3101 95 59 Poena
326 3101 148 59 diuvinitus
442 3101 137 59 imposita,
547 3101 74 59 est
590 3101 148 59 afflictio,
706 3101 74 59 cum
748 3101 84 59 Deus
801 3101 95 59 illos
864 3101 74 59 qui
896 3101 116 59 peccarum;

238 3125 112 62 aliquo
316 3125 100 62 bono,
383 3125 89 62 quod
439 3125 67 62 ad
472 3125 167 62 felicitatem
606 3125 123 62 illorum
695 3125 167 62 pertinebat,
829 3125 100 62 juste
896 3125 123 62 privat,
974 3125 45 62 ad

244 3171 146 57 puniendum
356 3171 135 57 peccatum
458 3171 135 57 ipsorum,
559 3171 90 57 Gen.
615 3171 68 57 3.
649 3171 68 57 v.
683 3171 68 57 6,
716 3171 68 57 7.
750 3171 79 57 Ps.
795 3171 90 57 107.
851 3171 79 57 10.
896 3171 56 57 &
908 3171 113 57 sequenti

241 3204 71 54 bus
282 3204 82 54 Jes.
333 3204 61 54 5.
363 3204 61 54 v.
394 3204 71 54 13.
435 3204 112 54 Vocatur
516 3204 112 54 usitate
598 3204 92 54 malum
659 3204 112 54 poenae,
741 3204 92 54 malum
802 3204 143 54 supplicii:
914 3204 51 54 &
924 3204 92 54 saepis-

225 3232 91 59 sime
281 3232 102 59 malum
349 3232 113 59 absque
428 3232 147 59 additione
542 3232 102 59 ulla,
610 3232 68 59 ut
643 3232 91 59 Jes.
700 3232 79 59 45.
745 3232 68 59 7.
779 3232 125 59 dicitur
870 3232 91 59 Deus
915 3232 102 59 creare.

1048 170 134 42 malum,
1141 170 107 42 quod
1208 170 80 42 de
1248 170 107 42 malo
1315 170 134 42 poenae
1408 170 214 42 accipiendum.
1582 170 187 42 Metonymice
1729 170 147 42 dicitur
1822 170 67 42 ira

1057 212 91 42 Dei,
1113 212 91 42 Rom.
1170 212 68 42 1.
1204 212 80 42 18.
1250 212 159 42 indignatio
1375 212 80 42 Dei
1420 212 114 42 Psalm.
1500 212 80 42 30.
1546 212 68 42 v.
1580 212 68 42 6.
1614 212 182 42 synecdochice
1762 212 159 42 visitatio,

1070 245 99 46 Jerem.
1139 245 59 46 6.
1169 245 59 46 v.
1189 245 39 46 6.

1094 269 117 46 Malum
1172 269 130 46 poenae
1263 269 104 46 alio
1328 269 156 46 respectu
1445 269 117 46 etiam
1524 269 117 46 bonum
1602 269 104 46 est:
1667 269 91 46 nam
1719 269 156 46 quatenus
1823 269 65 46 est

1068 307 168 40 declaratio
1200 307 156 40 justitiae
1320 307 96 40 Dei,
1380 307 144 40 rationem
1488 307 96 40 boni
1547 307 132 40 moralis
1643 307 120 40 habet;
1727 307 144 40 quatenus
1823 307 72 40 item

1067 342 126 44 servit
1156 342 189 44 correctioni
1307 342 113 44 eorum
1382 342 88 44 qui
1433 342 151 44 peccant,
1546 342 63 44 &
1571 342 151 44 cautioni
1685 342 88 44 seu
1723 342 176 44 admonitioni-

1073 381 87 44 aliis
1131 381 58 44 ne
1151 381 96 44 peccent.

1093 397 109 54 Autor
1166 397 97 54 ejus
1226 397 97 54 Deus
1287 397 97 54 est,
1347 397 73 54 ut
1383 397 133 54 dicitur
1480 397 97 54 Amos
1541 397 73 54 3.
1577 397 73 54 6.
1614 397 73 54 An
1650 397 97 54 erit
1710 397 109 54 malum
1783 397 73 54 in
1807 397 85 54 civi-

1064 445 92 40 tate
1122 445 92 40 quod
1180 445 116 40 Iehova
1261 445 81 40 non
1307 445 150 40 efficiat?
1423 445 81 40 non
1469 445 92 40 quod
1527 445 104 40 poena
1596 445 81 40 sit
1642 445 81 40 ens
1689 445 139 40 quoddam,
1793 445 69 40 ut
1816 445 69 40 alis

1061 478 111 44 entia
1135 478 99 44 quae
1196 478 99 44 Deus
1258 478 123 44 fecit:
1344 478 160 44 improprie
1468 478 99 44 enim
1529 478 99 44 Deus
1591 478 136 44 dicitur
1689 478 123 44 poenam
1763 478 136 44 efficere,

1067 520 96 41 quum
1127 520 108 41 poena
1199 520 84 41 sua
1247 520 120 41 natura
1331 520 108 41 nihil
1403 520 108 41 aliud
1475 520 96 41 sit,
1535 520 96 41 quam
1595 520 144 41 privatio
1703 520 108 41 boni,
1775 520 96 41 quam
1823 520 72 41 sub-

1060 545 133 41 tractio
1157 545 206 41 benedictionis
1326 545 145 41 divinae.
1435 545 97 41 Deus
1496 545 97 41 ergo
1556 545 109 41 poena
1629 545 157 41 immittit,
1738 545 145 41 benedictio

1063 587 86 39 nem
1112 587 61 39 a
1136 587 110 39 terra
1209 587 196 39 subtrahendo:
1368 587 122 39 caelos
1454 587 73 39 ne
1491 587 134 39 pluant,
1588 587 110 39 Solem
1662 587 73 39 ne
1698 587 134 39 adjuvet
1784 587 110 39 genera-

1068 620 130 37 tionem
1159 620 117 37 rerum
1237 620 195 37 impediendo,
1393 620 117 37 bonam
1471 620 195 37 valetudinem
1628 620 208 37 subtrahendo,
1784 620 104 37 pacen-

1062 652 163 42 auferendo.
1190 652 163 42 Quapropter
1319 652 105 42 poena
1388 652 82 42 est
1435 652 105 42 bona:
1505 652 93 42 quia
1563 652 58 42 a
1586 652 82 42 Deo
1633 652 151 42 inflicta,
1749 652 93 42 quia
1796 652 93 42 justa-

1058 682 102 53 quia
1122 682 76 53 in
1160 682 140 53 gloriam
1261 682 89 53 Dei
1312 682 63 53 &
1337 682 165 53 electorum
1464 682 140 53 salutem
1553 682 89 53 cedit

1102 719 111 39 Causa
1176 719 135 39 propter
1274 719 98 39 quam
1335 719 62 39 a
1360 719 86 39 Deo
1409 719 160 39 imponitur
1532 719 86 39 est
1581 719 160 39 peccatum,
1704 719 98 39 Gen.
1766 719 74 39 1.
1803 719 74 39 v.
1827 719 62 39 17.

1065 750 80 45 Quo
1110 750 80 45 die
1156 750 149 45 comederis
1271 750 69 45 de
1306 750 115 45 fructu
1386 750 126 45 arboris
1478 750 149 45 scientiae
1593 750 92 45 boni
1651 750 57 45 &
1674 750 103 45 mali,
1743 750 103 45 morte
1800 750 92 45 morie-

1070 785 83 41 ris,
1121 785 52 41 &
1142 785 62 41 c.
1173 785 62 41 3.
1204 785 62 41 v.
1235 785 72 41 16,
1276 785 72 41 17,
1317 785 72 41 18,
1359 785 72 41 19.
1400 785 93 41 Prov.
1462 785 72 41 19.
1503 785 62 41 3.
1534 785 52 41 &
1555 785 93 41 locis
1606 785 124 41 innumeris.

1094 816 128 43 Estque
1184 816 116 43 PRIMo
1261 816 90 43 vel
1312 816 103 43 nuda
1377 816 128 43 tantum
1466 816 128 43 poena,
1556 816 90 43 vel
1608 816 116 43 simul
1685 816 116 43 etiam
1749 816 128 43 peccatum

1095 854 96 37 Nuda
1155 854 120 37 tantum
1240 854 120 37 poena,
1324 854 84 37 est
1372 854 84 37 qua
1420 854 96 37 Deus
1480 854 181 37 simpliciter
1625 854 108 37 punit
1697 854 145 37 peccata;
1794 854 96 37 qualis

1078 890 110 48 poena
1151 890 97 48 erat
1212 890 134 48 ejectio
1309 890 110 48 Adami
1382 890 61 48 &
1407 890 97 48 Evae
1468 890 73 48 ex
1504 890 158 48 Paradiso,
1626 890 97 48 item
1687 890 158 48 diluvium:
1797 890 97 48 qualis

1072 926 99 42 item
1134 926 99 42 erit
1196 926 149 42 abjectio
1307 926 149 42 impiorum
1419 926 74 42 in
1456 926 112 42 ignem
1518 926 124 42 aeternum

1096 950 107 50 Poena
1167 950 95 50 quae
1227 950 107 50 simul
1298 950 107 50 etiam
1369 950 143 50 peccatum
1476 950 95 50 est,
1536 950 131 50 dicitur
1631 950 95 50 illa
1690 950 95 50 quae
1750 950 143 50 respectu
1845 950 59 50 Dei

1069 989 135 46 judicis
1167 989 123 46 totius
1253 989 111 46 mundi
1327 989 86 46 est
1376 989 147 46 judicium
1487 989 197 46 justissimum,
1646 989 147 46 respectu
1757 989 111 46 autem
1818 989 74 46 malo

1062 1033 92 36 rum
1114 1033 171 36 angelorum
1246 1033 92 36 vel
1298 1033 158 36 hominum,
1416 1033 92 36 per
1469 1033 105 36 quos
1535 1033 66 36 &
1561 1033 131 36 quibus
1653 1033 105 36 Deus
1718 1033 131 36 poenam
1797 1033 92 36 illam

1070 1060 146 40 infligit,
1182 1060 79 40 est
1227 1060 135 40 peccatum
1329 1060 124 40 ipsorum
1419 1060 79 40 vel
1464 1060 101 40 causa
1532 1060 135 40 peccati.
1633 1060 113 40 Qualis
1712 1060 90 40 erat
1768 1060 101 40 poena
1824 1060 68 40 quam

1066 1092 96 41 Deus
1126 1092 143 41 inflixit
1233 1092 108 41 impio
1305 1092 96 41 Regi
1365 1092 143 41 Pharaoni
1473 1092 84 41 cum
1520 1092 155 41 induravit
1640 1092 84 41 cor
1688 1092 132 41 illius.
1783 1092 108 41 Talis
1843 1092 48 41 e-

1063 1129 86 43 rat
1112 1129 123 43 poena,
1198 1129 99 43 quam
1260 1129 99 43 Deus
1322 1129 148 43 inflixit
1433 1129 111 43 impio
1507 1129 99 43 Regi
1568 1129 136 43 Achabo,
1667 1129 99 43 quum
1729 1129 136 43 indidit
1815 1129 74 43 spi-

1070 1160 113 38 ritum
1146 1160 151 38 mendacii
1259 1160 88 38 ori
1309 1160 126 38 omnium
1397 1160 189 38 Prophetarum
1548 1160 138 38 Achabi.
1649 1160 75 38 1.
1687 1160 101 38 Reg.
1750 1160 88 38 22.
1800 1160 75 38 v.
1825 1160 63 38 23.

1074 1197 121 37 Qualis
1159 1197 109 37 poena
1231 1197 85 37 est
1280 1197 169 37 peccatorum
1413 1197 194 37 concatenatio
1570 1197 97 37 quum
1631 1197 97 37 quis
1691 1197 133 37 peccata
1776 1197 121 37 peccatis

1059 1236 111 41 addit,
1136 1236 77 41 sic
1181 1236 66 41 ut
1214 1236 144 41 posterius
1324 1236 133 41 peccatum
1424 1236 77 41 sit
1468 1236 99 41 simul
1534 1236 99 41 poena
1601 1236 122 41 prioris
1689 1236 133 41 peccati.
1789 1236 77 41 Sic
1822 1236 66 41 pec-

1064 1267 114 38 catum
1140 1267 214 38 haereditarium
1317 1267 88 38 est
1367 1267 114 38 simul
1443 1267 114 38 poena
1519 1267 63 38 &
1531 1267 139 38 peccatum.

1107 1291 129 52 SECUNDO
1201 1291 105 52 poena
1271 1291 82 52 est
1318 1291 82 52 vel
1364 1291 164 52 castigatio
1493 1291 140 52 paterna,
1598 1291 82 52 vel
1645 1291 140 52 vindicta
1750 1291 129 52 divina,
1832 1291 70 52 Jer.

1073 1335 79 43 46.
1107 1335 56 43 28.

1102 1356 115 46 Poenae
1183 1356 115 46 nomen,
1264 1356 92 46 lata
1322 1356 219 46 significatione,
1506 1356 104 46 etiam
1575 1356 219 46 castigationibus
1760 1356 115 46 piorum
1829 1356 69 46 tri-

1082 1396 115 41 buitur.
1165 1396 125 41 Calvinus
1259 1396 115 41 Instit.
1343 1396 84 41 lib.
1395 1396 63 41 3.
1427 1396 63 41 c.
1458 1396 63 41 4.
1489 1396 94 41 sect.
1552 1396 136 41 trigesima
1657 1396 105 41 prima:
1730 1396 63 41 Si
1751 1396 146 41 observassent

1075 1433 114 39 (quod
1152 1433 127 39 minime
1241 1433 216 39 praetereundum
1419 1433 114 39 erat)
1495 1433 89 39 duo
1546 1433 102 39 esse
1609 1433 127 39 divini
1698 1433 140 39 judicii
1787 1433 102 39 genera

1080 1471 104 37 onge
1145 1471 117 37 aliam
1223 1471 78 37 in
1263 1471 91 37 hac
1315 1471 144 37 Davidis
1419 1471 196 37 correptione
1576 1471 170 37 vidissent
1706 1471 130 37 poenae
1785 1471 117 37 formam,

1075 1508 110 35 quam
1144 1508 110 35 quae
1213 1508 83 35 ad
1254 1508 165 35 ultionem
1378 1508 151 35 tendere
1488 1508 151 35 putanda
1598 1508 96 35 sit
1653 1508 96 35 Sic
1695 1508 206 35 Oecolampadius

1070 1535 188 44 Commentariis
1223 1535 70 44 in
1258 1535 82 44 22.
1305 1535 176 44 Ezechielis,
1445 1535 117 44 poenam
1528 1535 106 44 aliam
1598 1535 106 44 dicit
1668 1535 94 44 esse
1715 1535 176 44 correctionis.

1080 1566 106 44 aliam
1139 1566 189 44 maledictionis:

1110 1604 114 43 Stricta
1193 1604 93 43 autem
1255 1604 187 43 significatione
1411 1604 73 43 pro
1452 1604 156 43 afflictione
1577 1604 73 43 hoc
1619 1604 83 43 fine
1670 1604 135 43 inflicta,
1774 1604 62 43 ut
1795 1604 104 43 satisfa-

1072 1635 87 40 ciat
1126 1635 141 40 justitiae
1235 1635 87 40 Dei,
1289 1635 109 40 poenae
1365 1635 98 40 nomen
1430 1635 76 40 non
1474 1635 130 40 competit
1571 1635 163 40 afflictioni
1702 1635 109 40 piorum
1777 1635 76 40 seu
1810 1635 76 40 rena-

1072 1668 116 45 torum:
1154 1668 81 45 nam
1200 1668 174 45 calamitates
1339 1668 93 45 quae
1397 1668 151 45 fidelibus
1513 1668 151 45 eveniunt,
1629 1668 81 45 non
1675 1668 93 45 sunt
1733 1668 127 45 nuis
1825 1668 58 45 &
1837 1668 58 45 ul-

1078 1708 109 30 tiones
1154 1708 65 30 ad
1187 1708 98 30 illos
1253 1708 153 30 perdendos,
1373 1708 76 30 sed
1416 1708 87 30 sunt
1471 1708 164 30 necessariae
1602 1708 142 30 ,
1711 1708 109 30 quibus
1776 1708 131 30 erudiuntur

1072 1732 66 56 ne
1105 1732 77 56 cum
1149 1732 77 56 hoc
1193 1732 99 56 mundo
1259 1732 132 56 pereant.
1358 1732 66 56 1.
1391 1732 132 56 Corinth.
1490 1732 77 56 11.
1534 1732 66 56 v.
1567 1732 77 56 32.
1611 1732 121 56 Proinde
1699 1732 143 56 afflictio
1809 1732 88 56 piis
1853 1732 66 56 eve-

1072 1772 107 37 niens,
1147 1772 118 37 rectius
1233 1772 118 37 dicitur
1319 1772 161 37 castigatio.
1448 1772 86 37 Unde
1502 1772 172 37 Chrysostomus
1641 1772 107 37 homil.
1716 1772 75 37 28.
1759 1772 64 37 in
1792 1772 64 37 1.
1824 1772 64 37 ad
1845 1772 54 37 Co-

1066 1806 147 35 rinthios
1176 1806 98 35 ait;
1238 1806 86 35 Non
1287 1806 147 35 punimur,
1397 1806 86 35 non
1446 1806 123 35 poenas
1532 1806 123 35 damus,
1618 1806 86 35 sed
1655 1806 135 35 erudimur.

1096 1837 160 42 Castigatio
1222 1837 137 42 paterna,
1325 1837 80 42 est
1370 1837 115 42 poena,
1451 1837 80 42 qua
1497 1837 92 42 Deus
1554 1837 126 42 electos
1645 1837 126 42 propter
1737 1837 126 42 peccata
1817 1837 69 42 cor-

1072 1869 112 45 ripit,
1150 1869 67 45 ut
1183 1869 78 45 eos
1228 1869 67 45 ad
1262 1869 201 45 resipiscentiam
1429 1869 134 45 excitet,
1530 1869 145 45 corrigat,
1641 1869 56 45 &
1664 1869 145 45 cautiores
1764 1869 134 45 tardiores-

1075 1906 86 41 que
1124 1906 74 41 ad
1161 1906 160 41 peccandum
1284 1906 74 41 in
1321 1906 148 41 posterum
1432 1906 136 41 reddat,
1531 1906 111 41 utque
1605 1906 86 41 sic
1654 1906 86 41 eos
1703 1906 136 41 erudiat
1802 1906 74 41 ne
1826 1906 62 41 cum

1072 1941 74 42 hoc
1115 1941 95 42 mundo
1178 1941 180 42 condemnentur.
1326 1941 85 42 Jes.
1379 1941 63 42 2.
1411 1941 63 42 v.
1443 1941 74 42 17.
1485 1941 74 42 Ps.
1527 1941 85 42 119.
1580 1941 63 42 v.
1612 1941 74 42 71.
1654 1941 63 42 1.
1686 1941 85 42 Cor.
1739 1941 74 42 11.
1781 1941 63 42 v.
1802 1941 53 42 32.

1104 1973 88 40 Ita
1155 1973 152 40 parentes
1269 1973 177 40 parvulorum
1408 1973 139 40 suorum,
1509 1973 152 40 conjuges
1623 1973 164 40 conjugum,
1749 1973 101 40 alii
1800 1973 88 40 alios

1072 2012 83 39 rum
1119 2012 83 39 qui
1167 2012 83 39 eis
1214 2012 106 39 chari
1285 2012 83 39 aut
1332 2012 118 39 utiles
1414 2012 59 39 &
1438 2012 165 39 necessarii
1568 2012 106 39 sunt,
1638 2012 153 39 doloribus
1756 2012 71 39 ac
1780 2012 118 39 mortibus

1072 2040 192 42 flagellantur
1228 2040 60 42 a
1252 2040 84 42 Deo
1301 2040 72 42 ut
1325 2040 156 42 emendentur?

1096 2070 98 44 Hanc
1157 2070 122 44 vocant
1243 2070 122 44 Patres
1328 2070 184 44 disciplinam
1475 2070 184 44 severiorem.
1622 2070 98 44 Aug.
1684 2070 98 44 tom.
1745 2070 73 44 4.
1782 2070 98 44 pag.
1831 2070 73 44 842.

1103 2109 177 57 Castigatio
1242 2109 177 57 electorum,
1382 2109 89 57 est
1432 2109 126 57 poena,
1521 2109 101 57 late
1584 2109 114 57 sumta
1660 2109 101 57 voce
1723 2109 139 57 poenae:
1811 2109 89 57 Eadem

1063 2147 81 38 non
1110 2147 81 38 est
1156 2147 115 38 poena,
1236 2147 127 38 stricte
1328 2147 104 38 sumta
1397 2147 92 38 voce
1443 2147 104 38 poenae:

1102 2166 68 47 I.
1136 2166 91 47 Quia
1193 2166 80 47 non
1238 2166 148 47 adhibetur
1352 2166 125 47 electis
1443 2166 68 47 eo
1477 2166 102 47 fine,
1545 2166 68 47 ut
1579 2166 80 47 per
1625 2166 80 47 eam
1670 2166 148 47 satisfiat
1773 2166 125 47 justitiae

1065 2205 96 52 Dei:
1125 2205 96 52 seu,
1185 2205 96 52 quod
1245 2205 96 52 idem
1305 2205 96 52 est,
1365 2205 96 52 quia
1425 2205 84 52 non
1473 2205 84 52 est
1522 2205 180 52 compensatio
1666 2205 144 52 peccati:
1774 2205 84 52 non
1810 2205 84 52 adhi-

1069 2245 102 41 betur
1137 2245 79 41 pro
1182 2245 147 41 purgandis
1295 2245 170 41 praeteritis
1430 2245 147 41 peccatis,
1543 2245 79 41 sed
1589 2245 79 41 pro
1634 2245 124 41 futuris
1713 2245 113 41 vitandis

1094 2277 78 39 2.
1133 2277 104 39 Quia
1198 2277 91 39 non
1250 2277 91 39 est
1302 2277 182 39 destructio
1445 2277 182 39 electorum.
1587 2277 78 39 3.
1626 2277 104 39 Quia
1691 2277 91 39 est
1743 2277 130 39 tantum
1821 2277 78 39 tem-

1071 2315 141 39 poralis.
1177 2315 106 39 Poena
1248 2315 106 39 autem
1319 2315 130 39 stricte
1413 2315 130 39 accepto
1507 2315 141 39 vocabulo
1613 2315 82 39 non
1660 2315 82 39 est
1707 2315 177 39 temporalis,
1837 2315 59 39 sed

1077 2349 119 37 eterna
1160 2349 59 37 &
1184 2349 154 37 infinita.
1302 2349 83 37 Qui
1350 2349 190 37 temporaliter
1504 2349 154 37 puniuntur
1622 2349 130 37 propter
1717 2349 142 37 peccata,
1824 2349 107 37 illis

1077 2388 127 46 quoque
1166 2388 76 46 in
1204 2388 152 46 aeternum
1318 2388 152 46 puniendi
1432 2388 114 46 sunt:
1508 2388 177 46 Temporales
1647 2388 127 46 quippe
1735 2388 127 46 poenae
1811 2388 89 46 sunt,

1072 2415 131 40 initium
1155 2415 155 40 aeternatum.

1100 2445 191 54 Castigationis
1257 2445 113 54 piorum
1336 2445 101 54 causa
1404 2445 169 54 efficientes
1539 2445 180 54 impellentes,
1685 2445 101 54 aliae
1753 2445 90 54 sunt
1798 2445 90 54 respe-

1074 2477 79 44 ctu
1119 2477 90 44 Dei;
1175 2477 101 44 aliae
1243 2477 135 44 respectu
1333 2477 101 44 hominum

1103 2510 137 54 Respectu
1206 2510 92 54 Dei,
1263 2510 80 54 est
1309 2510 137 54 justitia
1411 2510 103 54 ejus,
1480 2510 80 54 sed
1526 2510 80 54 cum
1572 2510 183 54 misericordia
1720 2510 160 54 conjuncta,
1835 2510 57 54 qui

1071 2546 83 48 sit
1118 2546 71 48 ut
1154 2546 142 48 secundum
1390 2546 94 48 Deus
1449 2546 83 48 cum
1496 2546 130 48 electis
1590 2546 106 48 agat,
1661 2546 153 48 castigans
1779 2546 83 48 eos
1814 2546 83 48 leni-

1064 2583 92 45 ter,
1122 2583 127 45 tanquam
1214 2583 104 45 Pater
1272 2583 104 45 filios.

1104 2611 143 39 Respectu
1211 2611 131 39 hominum
1307 2611 167 39 electorum,
1438 2611 83 39 qui
1486 2611 191 39 castigantur,
1641 2611 107 39 causa
1712 2611 83 39 est
1760 2611 143 39 peccatum
1855 2611 48 39 i-

1076 2645 136 51 ipsorum,
1178 2645 91 51 sive
1235 2645 148 51 originale
1348 2645 125 51 tantum,
1439 2645 91 51 sive
1496 2645 102 51 etiam
1564 2645 136 51 actuale.
1666 2645 113 51 Miche.
1745 2645 68 51 7.
1779 2645 68 51 v.
1813 2645 68 51 9.
1836 2645 68 51 Iram

1060 2697 119 37 Iehovae
1146 2697 129 37 portabo,
1243 2697 86 37 quia
1297 2697 119 37 peccavi
1384 2697 65 37 in
1416 2697 86 37 eum.
1470 2697 119 37 Exemplo
1556 2697 75 37 est
1599 2697 75 37 vir
1642 2697 75 37 Dei
1685 2697 65 37 1.
1718 2697 86 37 Reg.
1771 2697 75 37 13.
1815 2697 65 37 v.
1836 2697 54 37 24.

1105 2719 140 42 Respectu
1210 2719 140 42 hominum,
1315 2719 82 42 per
1362 2719 93 42 quos
1420 2719 128 42 tanquam
1513 2719 140 42 flagella
1618 2719 82 42 Dei
1665 2719 117 42 electi
1746 2719 140 42 interdum
1840 2719 58 42 ca-

1056 2754 162 40 stigantur,
1184 2754 81 40 est
1230 2754 127 40 illorum
1323 2754 139 40 invidia,
1427 2754 93 40 ira,
1485 2754 116 40 odium,
1566 2754 139 40 ambitio,
1670 2754 151 40 avaritia,
1775 2754 127 40 cupiditas

1060 2794 169 45 regnandi:
1190 2794 117 45 sicut
1268 2794 143 45 populum
1372 2794 156 45 Judaicum
1489 2794 182 45 castigavit
1632 2794 104 45 Deus
1697 2794 91 45 per
1736 2794 169 45 Babylonios,

1065 2825 86 37 qui
1114 2825 98 37 moti
1175 2825 135 37 fuerunt
1273 2825 147 37 avaritia
1383 2825 61 37 &
1407 2825 147 37 libidine
1505 2825 147 37 dominandi.

1102 2853 206 41 Castigationis
1272 2853 121 41 piorum
1357 2853 109 41 fines
1430 2853 109 41 sunt:
1502 2853 73 41 I.
1539 2853 73 41 Ut
1575 2853 73 41 ea
1612 2853 182 41 admoneantur
1757 2853 121 41 electi
1830 2853 73 41 suae

1061 2885 201 53 immunditiei
1221 2885 161 53 nativae,
1342 2885 67 53 &
1369 2885 147 53 lapsuum
1476 2885 228 53 peccatorumque
1664 2885 67 53 a
1691 2885 80 53 se
1717 2885 188 53 commissorum,

1063 2919 64 42 2.
1095 2919 107 42 Chron.
1170 2919 75 42 17.
1213 2919 64 42 v.
1234 2919 43 42 2.

1102 2953 81 49 II.
1149 2953 69 49 Ut
1183 2953 81 49 sit
1229 2953 173 49 testimonium
1367 2953 127 49 divinae
1460 2953 161 49 justitiae,
1586 2953 81 49 per
1633 2953 92 49 quod
1690 2953 92 49 Deus
1748 2953 81 49 nos
1794 2953 58 49 &
1805 2953 81 49 alios

1067 2986 85 44 vult
1121 2986 107 44 certos
1195 2986 96 44 fieri
1259 2986 64 44 de
1291 2986 75 44 sua
1334 2986 139 44 justitia,
1441 2986 64 44 se
1473 2986 85 44 vere
1526 2986 107 44 irasci
1600 2986 128 44 peccatis
1696 2986 53 44 &
1718 2986 75 44 non
1760 2986 96 44 solum
1824 2986 64 44 in
1846 2986 53 44 hac

1058 3028 113 39 vita,
1134 3028 113 39 verum
1209 3028 113 39 etiam
1285 3028 101 39 post
1348 3028 101 39 hanc
1410 3028 113 39 vitam
1486 3028 113 39 morte
1561 3028 138 39 aeterna
1662 3028 75 39 ea
1699 3028 176 39 puniturum,
1825 3028 63 39 nis

1068 3060 203 36 resipiscamus,
1235 3060 60 36 &
1259 3060 83 36 nos
1306 3060 72 36 ad
1342 3060 95 36 Deum
1402 3060 191 36 convertamus.
1557 3060 72 36 2.
1592 3060 119 36 Chron.
1676 3060 83 36 12.
1724 3060 72 36 v.
1747 3060 48 36 6.

1095 3090 97 40 III.
1156 3090 73 40 Ut
1192 3090 73 40 ea
1229 3090 85 40 pii
1277 3090 170 40 excitentur
1411 3090 73 40 ad
1448 3090 231 40 resipiscentiam,
1642 3090 61 40 &
1667 3090 170 40 revocentur
1801 3090 73 40 in
1825 3090 73 40 viam

1081 3125 94 37 terae
1143 3125 125 37 pietatis
1237 3125 52 37 &
1258 3125 146 37 justitiae,
1372 3125 83 37 Jes.
1424 3125 73 37 26.
1466 3125 62 37 v.
1497 3125 62 37 9.
1528 3125 83 37 quum
1580 3125 114 37 iudicia
1663 3125 73 37 tua
1705 3125 114 37 exstant
1788 3125 62 37 in
1809 3125 73 37 terra

1062 3155 149 47 iustitiam
1176 3155 92 47 tuam
1233 3155 126 47 discunt
1325 3155 126 47 incolae
1417 3155 103 47 orbis
1486 3155 183 47 habitabilis.
1634 3155 103 47 Hebr.
1703 3155 80 47 12.
1749 3155 80 47 10.
1795 3155 92 47 Deus
1841 3155 57 47 nos

1063 3195 162 39 castigat
1184 3195 81 39 ad
1224 3195 162 39 commodum
1346 3195 162 39 nostrum,
1467 3195 81 39 ut
1507 3195 189 39 participes
1655 3195 121 39 simus
1723 3195 175 39 sanctimonia

1053 3222 85 46 ipsius

1093 3260 94 40 IV.
1146 3260 81 40 Ut
1187 3260 81 40 ea
1227 3260 161 40 revocati
1348 3260 81 40 ad
1388 3260 121 40 Deum,
1469 3260 94 40 non
1523 3260 202 40 condemnemur
1684 3260 94 40 cum
1738 3260 94 40 hoc
1778 3260 108 40 mundo,
