2063 3545
320 189 162 69 Generali
442 189 203 69 providentia
604 189 95 69 Dei
659 189 176 69 exposita:
794 189 162 69 sequitur

554 237 72 60 de
578 237 132 60 speciali.

471 307 250 47 CAPUT
610 307 139 47 IX.

420 343 85 76 In
462 343 99 76 quo
519 343 85 76 de
561 343 226 76 Patefactione
730 343 85 76 Dei.

258 399 141 53 PECIALIS
364 399 176 53 providentia
505 399 94 53 Dei,
564 399 82 53 est
611 399 94 53 quae
670 399 188 53 peculiariter
823 399 71 53 ad
858 399 153 53 creaturas
964 399 59 53 ra-

268 437 155 50 tionales,
387 437 131 50 nimirum
482 437 131 50 Angelos
577 437 59 50 &
601 437 131 50 homines
696 437 155 50 pertinet.
815 437 107 50 Psal.
886 437 83 50 90.
934 437 83 50 17.
970 437 59 50 Ad-

229 476 97 37 Psit
289 476 157 37 amoenitas
411 476 133 37 Iehovae
507 476 85 37 Dei
556 476 121 37 nostri
641 476 121 37 nobis:
725 476 61 37 &
750 476 97 37 opus
810 476 121 37 manuum
883 476 133 37 nostrarum

226 506 137 45 institue
328 506 68 45 in
362 506 114 45 nobis:
442 506 114 45 ipsum,
521 506 125 45 inquam,
612 506 91 45 opus
669 506 114 45 manuum
749 506 148 45 nostrarum
863 506 148 45 institue.
976 506 68 45 Et

232 548 69 40 Ps.
272 548 69 40 91.
311 548 69 40 11.
350 548 108 40 Angelis
429 548 79 40 suis
479 548 138 40 praecipiet
587 548 59 40 de
617 548 69 40 te,
656 548 59 40 ut
686 548 128 40 conservet
784 548 59 40 te
814 548 59 40 in
844 548 99 40 omnibs
913 548 79 40 viis
952 548 69 40 tuis.

220 575 107 50 Zach.
291 575 71 50 1.
327 575 166 50 ostenditur
458 575 154 50 Prophetae
576 575 107 50 visio
648 575 71 50 ad
683 575 166 50 figurandam
814 575 154 50 specialem
921 575 95 50 provi-

225 608 141 46 dentiam
328 608 103 46 Dei:
392 608 90 46 Nam
444 608 129 46 Filius
534 608 103 46 Dei,
598 608 90 46 per
649 608 103 46 quem
714 608 116 46 Pater
791 608 116 46 omnia
868 608 154 46 gubernat
971 608 51 46 in

225 643 98 45 caelo
291 643 55 45 &
313 643 66 45 in
345 643 109 45 terra,
422 643 87 45 stat
476 643 66 45 in
509 643 98 45 medio
575 643 131 45 myrteti,
673 643 87 45 quod
728 643 77 45 est
772 643 98 45 imago
837 643 142 45 Ecclesiae
946 643 87 45 Dei,
990 643 33 45 &

227 686 113 43 adsunt
306 686 113 43 sancti
385 686 113 43 Angeli
464 686 158 43 administri
589 686 102 43 Filii
657 686 91 43 Dei,
713 686 57 43 &
736 686 102 43 missi
804 686 124 43 propter
894 686 124 43 salutem
973 686 57 43 ho-

226 719 124 41 minum
295 719 165 41 electorum.

260 740 128 54 Quidam
350 740 115 54 opera
427 740 154 54 gratiae,
542 740 103 54 quae
607 740 205 54 Synecdochice
773 740 115 54 etiam
850 740 115 54 opera
914 740 103 54 Redem.

227 785 135 40 tionis
321 785 67 40 a
348 785 175 40 quibusdam
482 785 175 40 vocantur,
617 785 67 40 &
644 785 121 40 opera
724 785 108 40 alia
792 785 81 40 ad
832 785 215 40 humanumgenus
994 785 40 40 &

228 814 156 43 speciatim
348 814 72 43 ad
384 814 156 43 Ecclesiae
505 814 84 43 Dei
553 814 108 43 curam
625 814 180 43 pertinentia
769 814 168 43 disjungunt
902 814 72 43 ab
926 814 96 43 operi-

226 849 85 43 bus
275 849 207 43 providentiae,
445 849 85 43 sed
494 849 159 43 perperam.
616 849 85 43 Nam
665 849 73 43 ut
702 849 85 43 ait
751 849 134 43 Clemens
836 849 183 43 Alexandrinus,

229 885 95 43 quin
289 885 107 43 libro
360 885 167 43 stromatum,
491 885 95 43 quum
551 885 83 43 sit
599 885 191 43 providentia,
754 885 83 43 non
801 885 72 43 ex
837 885 179 43 providentia
968 885 60 43 fa-

226 913 94 42 ctam
285 913 118 42 fuisse
368 913 59 42 &
391 913 177 42 prophetiam,
533 913 59 42 &
557 913 83 42 eam
604 913 94 42 quae
663 913 71 42 in
698 913 153 42 Srvatorem
816 913 106 42 facta
887 913 83 42 est
923 913 106 42 Oecono-

231 946 107 48 miam,
303 946 167 48 divinamque
434 946 227 48 dispensationem,
625 946 119 48 putare
709 946 143 48 nefarium
816 946 96 48 est:
876 946 96 48 pag.
924 946 107 48 centes.

241 993 257 42 quadragesimanona,
461 993 135 42 Latinae
559 993 159 42 versionis
682 993 147 42 Gentiani
792 993 147 42 Herveti.
890 993 135 42 Theodoret

226 1022 85 37 tus
274 1022 73 37 in
311 1022 134 37 Epitome
408 1022 158 37 divinorum
530 1022 182 37 decretorum,
676 1022 109 37 libro
748 1022 134 37 quinto,
846 1022 122 37 capite
931 1022 73 37 de
955 1022 73 37 Ser-

232 1052 128 43 vatoris
326 1052 198 43 dispensatione
489 1052 82 43 seu
535 1052 198 43 incarnatione:
699 1052 70 43 De
734 1052 117 43 divina
815 1052 105 43 autem
873 1052 152 43 incarnatio:

235 1092 65 36 ne
268 1092 86 36 quid
322 1092 140 36 sentiamus
430 1092 108 36 operae
505 1092 119 36 pretium
592 1092 76 36 est
635 1092 151 36 ostendere.
754 1092 86 36 Quod
808 1092 86 36 enim
862 1092 65 36 de
894 1092 65 36 ea
916 1092 108 36 dicetur.

232 1117 70 49 id
267 1117 174 49 universorum
407 1117 81 49 Dei
453 1117 174 49 providetiam
592 1117 139 49 apertius
697 1117 163 49 praedicat:
825 1117 70 49 Et
859 1117 128 49 Sermone
941 1117 81 49 deci-

245 1153 69 43 mo
279 1153 69 43 de
313 1153 183 43 Providentia:
462 1153 160 43 Incarnatio
588 1153 160 43 Salvatoris
714 1153 92 43 sane
771 1153 114 43 summum
851 1153 126 43 divinae
931 1153 92 43 circo-

240 1192 130 43 homines
335 1192 106 43 curae
405 1192 106 43 caput
476 1192 94 43 est.
535 1192 83 43 Nam
582 1192 142 43 immensam
689 1192 106 43 hujus
759 1192 153 43 bonitatem
877 1192 83 43 nec
913 1192 106 43 caelum.

240 1220 68 47 nec
279 1220 98 47 terra,
348 1220 68 47 nec
387 1220 88 47 mare,
446 1220 68 47 nec
485 1220 68 47 sel
524 1220 49 47 &
544 1220 88 47 luna,
602 1220 68 47 nec
641 1220 117 47 stellae,
729 1220 68 47 nec
769 1220 78 47 tota
818 1220 78 47 illa
866 1220 127 47 visibilis
964 1220 49 47 &
974 1220 49 47 in-

238 1255 138 44 visibilis
345 1255 138 44 creatura,
451 1255 85 44 quae
504 1255 85 44 solo
558 1255 96 44 verbo
622 1255 117 44 creata,
707 1255 85 44 quin
760 1255 106 44 potius
834 1255 96 44 juxta
888 1255 138 44 hujusvolun-

236 1293 102 38 tatem
304 1293 102 38 verbo
371 1293 136 38 producta
473 1293 90 38 est,
530 1293 79 38 ita
575 1293 170 38 demonstrat,
710 1293 68 38 ut
744 1293 90 38 quod
801 1293 90 38 ipse
857 1293 158 38 Vnigenitus
970 1293 57 38 Dei

240 1320 101 47 Filius
310 1320 80 47 (qui
361 1320 60 47 in
391 1320 101 47 forena
461 1320 70 47 Dei
501 1320 90 47 fuit,
562 1320 121 47 splendor
652 1320 111 47 gloria,
732 1320 131 47 character
833 1320 161 47 substantiae,
964 1320 70 47 qui
994 1320 40 47 a-

235 1356 141 48 principio
344 1356 98 48 fuit,
408 1356 54 48 &
430 1356 87 48 cpud
484 1356 87 48 Deum
539 1356 98 48 fuit,
604 1356 76 48 imo
647 1356 87 48 ipse
701 1356 87 48 Deus
755 1356 98 48 fuit,
820 1356 76 48 per
864 1356 87 48 quem
918 1356 98 48 omnia
972 1356 54 48 fa-

241 1400 78 34 cta
285 1400 100 34 sunt)
352 1400 100 34 servi
418 1400 111 34 formam
496 1400 144 34 assumsit,
607 1400 67 34 ut
640 1400 67 34 in
674 1400 122 34 hominis
763 1400 178 34 similitudine
907 1400 111 34 esset,
985 1400 55 34 &
996 1400 44 34 in

241 1426 119 40 hominis
328 1426 108 40 figura
403 1426 162 40 inveniretur
533 1426 65 40 ut
565 1426 97 40 homo,
630 1426 54 40 &
652 1426 65 40 in
684 1426 97 40 terra
749 1426 151 40 videretur,
868 1426 140 40 hominibus
965 1426 65 40 con-

248 1459 163 38 versaretur,
379 1459 174 38 infirmitates
520 1459 120 38 nostras
607 1459 163 38 susciperet,
737 1459 54 38 &
759 1459 109 38 morbos
835 1459 120 38 ferret.
922 1459 65 38 Et
944 1459 87 38 Beatur

244 1499 98 35 ille
305 1499 122 35 Paulus
390 1499 85 35 hoc
439 1499 134 35 maximum
537 1499 85 35 Dei
585 1499 98 35 erga
647 1499 134 35 homines
744 1499 122 35 amoris
830 1499 171 35 argumentum
952 1499 85 35 agno-

249 1532 95 38 vit,
309 1532 59 38 &
332 1532 119 38 clamat
415 1532 131 38 dicens:
510 1532 143 38 Comendat
617 1532 107 38 autem
689 1532 83 38 sua
736 1532 166 38 charitatem
867 1532 95 38 erga
926 1532 83 38 nos
962 1532 71 38 Deus

250 1562 91 41 quod
307 1562 91 41 quum
364 1562 103 41 adhuc
432 1562 125 41 essemus
523 1562 171 41 peccatores,
660 1562 137 41 Christus
762 1562 80 41 pro
808 1562 103 41 nobis
876 1562 125 41 mortuus
956 1562 80 41 fuit.

250 1595 64 33 Et
282 1595 117 33 rursum:
367 1595 74 33 Qui
410 1595 117 33 protrio
494 1595 95 33 filio
558 1595 74 33 non
600 1595 138 33 pepercit,
707 1595 74 33 sed
749 1595 74 33 pro
791 1595 95 33 nobis
855 1595 117 33 omnibus
929 1595 117 33 tradidit.

247 1625 109 38 illum,
324 1625 77 38 qui
367 1625 99 38 fieri
433 1625 109 38 potest
510 1625 66 38 ut
543 1625 88 38 non&
597 1625 77 38 cum
641 1625 99 38 eodem
707 1625 99 38 omnia
772 1625 99 38 nobis
838 1625 109 38 donet?
904 1625 142 38 Assentitur.

250 1665 80 35 his
295 1665 103 35 Divus
364 1665 114 35 quoque
444 1665 149 35 Iohannes:
558 1665 80 35 Sic
604 1665 91 35 enim
661 1665 137 35 (inquit)
764 1665 126 35 dilexit
856 1665 91 35 Deus
913 1665 126 35 mundum,
1004 1665 69 35 ut

259 1693 108 39 filium
335 1693 87 39 suum
389 1693 151 39 unigenitum
508 1693 97 39 daret
573 1693 76 39 pro
616 1693 76 39 eo,
660 1693 65 39 ut
692 1693 97 39 omnis
757 1693 76 39 qui
800 1693 108 39 credit
876 1693 65 39 in
908 1693 76 39 eum
952 1693 76 39 non
984 1693 65 39 per-

259 1725 84 47 eat,
312 1725 74 47 sed
354 1725 106 47 habeat
428 1725 95 47 vitam
492 1725 137 47 aeternam.
597 1725 74 47 Non
639 1725 106 47 itaque
713 1725 158 47 simpliciter
840 1725 116 47 homines
924 1725 106 47 curat,
998 1725 74 47 sed

242 1756 113 47 amans
317 1756 113 47 simul
392 1756 113 47 horum
467 1756 113 47 curam
529 1756 100 47 gerit.

291 1785 150 48 Specialis
407 1785 173 48 providentia
546 1785 81 48 Dei
592 1785 81 48 tum
638 1785 69 48 in
673 1785 81 48 hac
719 1785 93 48 vita
777 1785 93 48 est,
835 1785 81 48 tum
881 1785 93 48 post
939 1785 93 48 hanc
985 1785 58 48 vi-

254 1828 80 43 tam
288 1828 68 43 erit

286 1850 103 56 Opera
354 1850 149 56 specialis
469 1850 183 56 providentiae
618 1850 126 56 divinae
709 1850 69 56 in
743 1850 80 56 hac
789 1850 92 56 vita
846 1850 92 56 sunt
904 1850 80 56 vel
938 1850 126 56 beneficia

254 1893 82 44 Deis
305 1893 72 44 rel
346 1893 113 44 judicia
418 1893 61 44 ejus

288 1929 136 41 Beneficia
392 1929 136 41 specialis
497 1929 168 41 providentiae
634 1929 84 41 Dei,
686 1929 84 41 sunt
738 1929 94 41 opera
801 1929 84 41 Dei,
854 1929 73 41 per
896 1929 84 41 quae
938 1929 94 41 creatur

248 1961 81 37 ris
295 1961 186 37 rationalibus
446 1961 70 37 ex
481 1961 116 37 gratia
563 1961 151 37 benefacit
679 1961 128 37 Proinde
772 1961 163 37 contingunt
900 1961 105 37 nobis
958 1961 70 37 gra-

251 1995 90 44 tis,
307 1995 112 44 absque
385 1995 123 44 nostris
475 1995 134 44 meritis,
575 1995 101 44 Jesa.
642 1995 78 44 55.
687 1995 67 44 1.
721 1995 67 44 Et
754 1995 112 44 passim
833 1995 134 44 vocantur
922 1995 112 44 gratiae,

245 2030 86 42 quia
299 2030 107 42 gratis
374 2030 107 42 datae.
449 2030 129 42 Dicuntur
546 2030 54 42 &
567 2030 182 42 benedictiones
717 2030 86 42 Dei,
771 2030 86 42 Psal
824 2030 75 42 21.
867 2030 64 42 4.
900 2030 107 42 Ephes.
975 2030 64 42 1.
996 2030 43 42 v.

253 2068 69 34 3.
287 2068 69 34 4.
321 2068 103 34 Eadem
390 2068 171 34 appellantur
527 2068 137 34 splendor
630 2068 91 34 Dei,
687 2068 160 34 pulcritudo
813 2068 80 34 seu
859 2068 149 34 amoenitas
961 2068 69 34 Dei.

260 2098 92 40 Psal.
321 2098 72 40 90.
362 2098 62 40 v.
393 2098 72 40 17.
434 2098 51 40 &
455 2098 72 40 sit
496 2098 144 40 pulcritudo
608 2098 72 40 Dei
649 2098 103 40 nostri
721 2098 92 40 super
783 2098 82 40 nos,
834 2098 72 40 hoc
875 2098 82 40 est,
926 2098 103 40 exhibe
988 2098 51 40 no-

243 2127 84 52 bis
291 2127 156 52 beneficia
411 2127 96 52 tua,
472 2127 120 52 quibus
556 2127 205 52 pulcritudinem
724 2127 60 52 &
748 2127 180 52 amoenitatem
893 2127 96 52 tuam
941 2127 96 52 splen-

249 2163 94 40 dere
308 2163 94 40 apud
366 2163 82 40 nos
401 2163 94 40 facias

285 2188 161 60 Compatantur
414 2188 107 60 aquis,
489 2188 97 60 vino,
553 2188 107 60 lacti,
629 2188 97 60 pani,
693 2188 161 60 pinguedini,
822 2188 97 60 Jesa.
875 2188 54 60 55.

274 2225 95 53 Eaque
336 2225 95 53 PRIMo
400 2225 74 53 vel
442 2225 147 53 praeterita
557 2225 95 53 sunt,
620 2225 74 53 vel
662 2225 158 53 praesentia,
788 2225 74 53 vel
820 2225 95 53 fatura.

273 2264 220 51 Praeteritorum
454 2264 65 51 &
480 2264 194 51 praesentium
635 2264 207 51 beneficiorum
803 2264 90 51 Dei
841 2264 194 51 consideratio-

238 2301 176 45 quotidiana
377 2301 126 45 cuique
465 2301 176 45 commendata
603 2301 101 45 esse
666 2301 126 45 debet,
754 2301 75 45 ad
792 2301 176 45 excitandam
930 2301 75 45 in
955 2301 88 45 nobis

239 2332 152 46 fiduciam
354 2332 140 46 certam,
455 2332 102 46 Deum
519 2332 76 46 in
557 2332 140 46 futurum
658 2332 114 46 etiam
734 2332 114 46 nobis
811 2332 216 46 benefacturum:
988 2332 76 46 ut

238 2369 120 41 videre
322 2369 84 41 est
370 2369 72 41 in
407 2369 133 41 Davide,
503 2369 84 41 qui
551 2369 193 41 beneficiorum
708 2369 169 41 acceptorum
840 2369 133 41 memoria
925 2369 108 41 confir-

232 2402 76 50 mat
276 2402 120 50 seipsum
363 2402 65 50 in
396 2402 87 50 fide
450 2402 65 50 de
483 2402 164 50 accipiendis
614 2402 98 50 etiam
679 2402 65 50 in
712 2402 142 50 posterum,
821 2402 65 50 ut
854 2402 98 50 Psal.
919 2402 65 50 3.
952 2402 65 50 v.
973 2402 55 50 57.

243 2431 70 38 6,
278 2431 70 38 7.
313 2431 58 38 &
336 2431 81 38 4v.
383 2431 58 38 2
406 2431 58 38 &
418 2431 81 38 I40.6

272 2464 126 45 SECUNDO
363 2464 149 45 beneficia
478 2464 80 45 Dei
523 2464 80 45 vel
569 2464 172 45 spiritualia
707 2464 103 45 sunt,
775 2464 80 45 vel
810 2464 137 45 corporalia

269 2501 163 53 Sciritualia
399 2501 152 53 beneficia,
518 2501 87 53 sunt
573 2501 87 53 quae
627 2501 98 53 vitam
692 2501 163 53 spiritualem
822 2501 163 53 concernunt,
952 2501 65 53 ut
974 2501 54 53 ii-

227 2534 140 49 tanquam
329 2534 127 49 mediis
418 2534 76 49 ad
456 2534 140 49 salutem
558 2534 153 49 aeternam
660 2534 165 49 perducamur.

266 2564 131 54 Suntque
362 2564 84 54 tum
409 2564 167 54 patefactio
541 2564 84 54 Dei
589 2564 60 54 &
613 2564 143 54 vocatio;
720 2564 84 54 tum
768 2564 108 54 fedus
840 2564 131 54 divinum
935 2564 60 54 &
947 2564 84 54 obsi-

238 2598 114 45 gnatio
318 2598 126 45 federis
409 2598 160 45 aliorumque
535 2598 183 45 beneficiorum
684 2598 80 45 Dei
718 2598 103 45 omnium.

266 2633 160 54 Patefactio
392 2633 92 54 Dei,
449 2633 80 54 est
495 2633 160 54 beneficium
621 2633 92 54 Dei,
678 2633 80 54 per
724 2633 92 54 quod
781 2633 80 54 nos
827 2633 103 54 docet
896 2633 69 54 de
930 2633 69 54 se
964 2633 57 54 &
976 2633 57 54 vo-

233 2656 130 57 luntate
328 2656 95 57 sua,
387 2656 71 57 ut
423 2656 83 57 eum
470 2656 178 57 cognoscamus
613 2656 130 57 quantum
707 2656 119 57 nostra
779 2656 130 57 interest.

264 2700 82 52 Est
311 2700 106 52 nobis
382 2700 106 52 summe
452 2700 176 52 necessaria:
593 2700 94 52 quia
652 2700 71 52 ut
687 2700 129 52 pecudes
781 2700 59 52 a
805 2700 153 52 pecudibus
922 2700 94 52 sine
969 2700 59 52 ho-

225 2733 109 62 mine,
298 2733 85 62 sic
346 2733 134 62 homines
444 2733 73 62 ab
480 2733 158 62 hominibus
602 2733 122 62 absque
687 2733 85 62 Deo
735 2733 109 62 recte
808 2733 158 62 gubernati
930 2733 85 62 est
966 2733 61 62 im

224 2767 116 51 possibile.

277 2799 110 48 estque
354 2799 77 48 tum
398 2799 154 48 naturalis,
518 2799 77 48 tum
551 2799 187 48 supernaturalis.

266 2834 92 56 Duo
318 2834 105 56 enim
384 2834 105 56 sunt
449 2834 170 56 principia
580 2834 131 56 quibus
672 2834 105 56 Deus
737 2834 79 56 ad
776 2834 92 56 sui
829 2834 196 56 cognitionem
973 2834 65 56 nos

233 2876 144 52 adducit;
341 2876 120 52 Natura
425 2876 60 52 &
449 2876 132 52 Gratia:
545 2876 72 52 ex
581 2876 96 52 illa
641 2876 108 52 manat
713 2876 156 52 naturalis
833 2876 168 52 patefactio
965 2876 96 52 Dei,
1013 2876 48 52 ex

244 2902 78 43 nac
277 2902 190 43 supernaturalis.

275 2936 161 47 Patefactio
401 2936 81 47 Dei
447 2936 161 47 naturalis,
574 2936 81 47 est
620 2936 92 47 quae
677 2936 81 47 sit
723 2936 81 47 per
769 2936 173 47 ministerium
907 2936 138 47 naturae,
999 2936 46 47 ad

244 2962 95 63 hunc
304 2962 119 63 sinem,
387 2962 71 63 ut
423 2962 131 63 omnibus
518 2962 167 63 homininus,
649 2962 83 63 imo
697 2962 107 63 etiam
768 2962 143 63 diabolis
875 2962 155 63 excusatio
982 2962 48 63 i-

235 3003 159 48 gnorantiae
359 3003 57 48 &
382 3003 125 48 peccati
473 3003 181 48 praecidatur,
620 3003 91 48 Rom.
677 3003 68 48 1.
699 3003 57 48 26.

268 3031 118 60 Eaque
347 3031 92 60 est
399 3031 158 60 communis
517 3031 145 60 omnibus
623 3031 171 60 hominibus
754 3031 92 60 qua
807 3031 145 60 homines
912 3031 118 60 sunt,
977 3031 66 60 tam

234 3064 144 62 reprobis
342 3064 96 62 quam
402 3064 144 62 electis:
510 3064 84 62 tam
558 3064 84 62 non
605 3064 144 62 renatis,
713 3064 96 62 quam
761 3064 108 62 renatis

276 3105 118 65 Eadem
354 3105 183 65 reproborum
498 3105 183 65 impietatem
642 3105 170 65 coarguit,
773 3105 170 65 electorum
903 3105 118 65 autem
969 3105 78 65 fide

227 3136 148 43 confirmat.

278 3174 124 76 Estque
364 3174 99 76 vera
426 3174 136 76 quidem,
525 3174 62 76 &
549 3174 86 76 cum
599 3174 111 76 verbo
673 3174 86 76 Dei
722 3174 161 76 congruit,
846 3174 86 76 sed
895 3174 74 76 ad
932 3174 111 76 veram
994 3174 62 76 Dei

245 3212 172 44 cognitionem
382 3212 80 44 non
416 3212 126 44 sufficit:

268 3245 159 66 Praeterea
390 3245 110 66 licet
463 3245 110 66 nihil
536 3245 110 66 falsi
609 3245 73 66 de
646 3245 85 66 Deo
695 3245 134 66 doceat,
792 3245 134 66 homines
890 3245 110 66 tamen
951 3245 73 66 cor

1059 166 113 59 rupti
1135 166 101 59 sine
1198 166 164 59 accedente
1324 166 101 59 luce
1387 166 113 59 verbi
1462 166 101 59 Dei,
1525 166 88 59 non
1575 166 101 59 nisi
1638 166 126 59 falsas
1726 166 164 59 opiniones
1840 166 50 59 de

1072 220 80 36 Deo
1117 220 68 36 ex
1151 220 91 36 illa
1208 220 170 36 concipiunt,
1344 220 91 36 quia
1401 220 91 36 illa
1458 220 91 36 quae
1515 220 136 36 naturali
1617 220 125 36 judicio
1708 220 148 36 intelligi
1822 220 91 36 pos

1067 257 118 41 sunt,
1146 257 144 41 homines
1251 257 92 41 non
1303 257 171 41 regeniti,
1434 257 144 41 propter
1540 257 144 41 innatam
1645 257 118 41 ipsis
1723 257 184 41 caecitatem
1855 257 39 41 &

1070 288 179 45 pravitatem
1211 288 154 45 perperam
1326 288 166 45 accipiunt
1454 288 64 45 &
1480 288 230 45 interpretantur
1672 288 77 45 ac
1710 288 115 45 varie
1774 288 115 45 corrum-

1072 330 90 36 punt.

1098 344 106 49 Estque
1173 344 74 49 vel
1215 344 74 49 per
1258 344 96 49 legem
1321 344 117 49 natura,
1406 344 74 49 vel
1449 344 74 49 per
1491 344 96 49 opera
1544 344 96 49 naturae

1108 378 81 53 Lex
1155 378 139 53 naturae,
1259 378 81 53 est
1305 378 150 53 naturalis
1421 378 127 53 notitia
1513 378 69 53 in
1548 378 104 53 prima
1617 378 150 53 creatione
1733 378 139 53 cordibus
1825 378 58 53 ho-

1057 422 119 41 minum
1136 422 66 41 a
1162 422 92 41 Deo
1215 422 172 41 immediate
1347 422 172 41 impressa,
1480 422 145 41 tradens
1585 422 172 41 discrimen
1717 422 185 41 honestorum
1849 422 40 41 &

1071 463 145 36 turpium,
1180 463 72 36 ut
1216 463 97 36 illa
1276 463 121 36 quidem
1361 463 181 36 expetantur,
1506 463 97 36 haec
1566 463 97 36 vero
1626 463 169 36 fugiantur,
1759 463 85 36 Rom
1807 463 72 36 1.
1832 463 60 36 32.

1055 496 60 37 &
1079 496 72 37 2.
1115 496 72 37 v.
1151 496 84 37 15.
1199 496 84 37 Ita
1247 496 96 37 Deus
1307 496 120 37 primum
1391 496 84 37 per
1608 496 84 37 su
1656 496 168 37 ,
1788 496 84 37 hoc
1824 496 72 37 est,

1067 526 154 36 communes
1182 526 115 36 illas
1259 526 154 36 notiones
1374 526 192 36 creaturarum
1528 526 192 36 rationalium
1681 526 141 36 naturae
1771 526 115 36 insitas

1076 560 141 41 canquam
1179 560 90 41 per
1230 560 179 41 scintillas
1371 560 141 41 quasdam
1473 560 77 41 in
1512 560 77 41 ea
1550 560 166 41 micantes,
1678 560 115 41 Numen
1755 560 115 41 suum,
1819 560 64 41 Nu-

1070 591 157 49 minisque
1187 591 131 49 cultum
1279 591 196 49 quadantenus
1422 591 170 49 commonstrat

1106 621 91 48 Lex
1158 621 142 48 naturae
1261 621 103 48 ante
1326 621 129 48 lapsum
1416 621 103 48 fuit
1481 621 116 48 plane
1559 621 116 48 eadem
1636 621 91 48 cum
1688 621 103 48 Lege
1753 621 129 48 divina
1830 621 65 48 mo-

1065 662 112 43 rali:
1139 662 99 43 post
1201 662 124 43 lapsum
1288 662 112 43 autem
1363 662 162 43 obscura:a
1487 662 87 43 Dei
1537 662 162 43 agnitione
1661 662 75 43 in
1699 662 149 43 mentibus
1798 662 87 43 homi-

1077 704 93 35 num,
1136 704 82 35 lex
1182 704 128 35 naturae
1276 704 117 35 tantum
1358 704 93 35 pars
1416 704 140 35 decalogi
1521 704 93 35 est:
1580 704 70 35 ac
1615 704 128 35 proinde
1708 704 82 35 lex
1755 704 117 35 divina
1825 704 70 35 est,

1073 729 76 41 aut
1117 729 87 41 pars
1171 729 98 41 legis
1236 729 131 41 divinae.
1334 729 76 41 Lex
1378 729 120 41 naturae
1465 729 120 41 dicitur
1552 729 98 41 etiam
1617 729 98 41 liber
1682 729 185 41 conscientiae:
1824 729 65 41 item

1067 764 90 44 jus
1118 764 154 44 Gentium,
1234 764 103 44 quia
1298 764 90 44 lex
1349 764 141 44 naturae
1452 764 90 44 est
1503 764 154 44 communis
1619 764 128 44 omnium
1708 764 141 44 Gentium
1811 764 64 44 &
1824 764 64 44 na-

1070 803 139 37 tionum,
1172 803 114 37 eaque
1247 803 127 37 ubique
1336 803 164 37 instinctu
1463 803 152 37 naturae,
1576 803 89 37 non
1627 803 215 37 constitutione
1791 803 89 37 habe-

1065 838 81 39 tur
1112 838 127 39 aliqua.
1204 838 104 39 Legis
1274 838 127 39 naturae
1367 838 81 39 seu
1413 838 104 39 juris
1483 838 151 39 naturalis
1598 838 58 39 &
1622 838 104 39 juris
1691 838 127 39 Gentium
1784 838 81 39 est
1818 838 70 39 quod

1071 870 87 43 sit
1120 870 112 43 Deus,
1195 870 112 43 isque
1269 870 149 43 colendus
1380 870 99 43 pura
1442 870 124 43 mente:
1529 870 99 43 quod
1591 870 174 43 parentibus
1727 870 87 43 sit
1765 870 136 43 parendum?

1080 907 101 38 quod
1143 907 126 38 patria
1231 907 126 38 amanda
1320 907 76 38 ac
1357 907 189 38 defendenda:
1508 907 101 38 quod
1571 907 138 38 injuria
1672 907 76 38 ac
1710 907 88 38 vis
1748 907 138 38 propulsan

1074 934 89 44 da:
1125 934 102 44 quod
1189 934 141 44 honeste
1291 934 166 44 vivendum,
1419 934 102 44 nemo
1483 934 179 44 laedendus,
1624 934 89 44 jus
1675 934 102 44 suum
1739 934 128 44 cuique
1815 934 77 44 tri-

1067 973 190 44 buendum,
1194 973 47 44 &

1108 1002 158 46 Patefactio
1232 1002 79 46 Dei
1277 1002 79 46 per
1323 1002 102 46 opera
1390 1002 136 46 naturae,
1492 1002 79 46 est
1537 1002 158 46 patefactio
1662 1002 158 46 naturalis,
1786 1002 79 46 qua
1820 1002 68 46 Deus

1075 1045 81 35 qui
1122 1045 116 35 natura
1203 1045 81 35 est
1249 1045 174 35 invisiblis,
1388 1045 81 35 per
1434 1045 104 35 opera
1504 1045 162 35 creationis
1631 1045 58 35 &
1654 1045 185 35 providentiae
1793 1045 104 35 visibi-

1066 1068 99 46 lia,
1127 1068 74 46 in
1165 1068 99 46 toto
1226 1068 111 46 mundo
1300 1068 173 46 demonstrat
1436 1068 185 46 irvisibilia
1585 1068 87 46 sua
1634 1068 136 46 niminem
1733 1068 148 46 aeternam
1832 1068 74 46 suam

1084 1107 147 38 potentiam
1197 1107 56 38 &
1219 1107 180 38 divinitatem,
1366 1107 68 38 ut
1400 1107 56 38 a
1422 1107 169 38 visibilibus
1557 1107 102 38 etiam
1625 1107 68 38 ag
1659 1107 147 38 noscatur.
1772 1107 102 38 Psal.
1839 1107 68 38 8.
1862 1107 45 38 v.

1082 1142 63 41 2,
1114 1142 53 41 4
1135 1142 95 41 Psal.
1199 1142 74 41 19.
1241 1142 63 41 2.
1273 1142 53 41 &
1294 1142 63 41 50
1326 1142 63 41 1.
1357 1142 85 41 Act.
1410 1142 74 41 14.
1452 1142 63 41 v.
1484 1142 74 41 17.
1526 1142 85 41 Rem.
1579 1142 63 41 1.
1611 1142 63 41 19
1632 1142 53 41 20.

1100 1173 143 37 Vocatur
1204 1173 117 37 etiam
1282 1173 117 37 liber
1360 1173 156 37 naturae.
1477 1173 91 37 Nam
1530 1173 169 37 universus
1660 1173 91 37 hic
1712 1173 130 37 mundus
1803 1173 91 37 est
1842 1173 52 37 in

1072 1203 87 44 star
1126 1203 97 44 libri
1191 1203 141 44 explicati
1299 1203 76 44 seu
1343 1203 119 44 aperti,
1429 1203 76 44 qui
1472 1203 119 44 ornatu,
1559 1203 108 44 ordine
1634 1203 54 44 &
1656 1203 76 44 usu
1699 1203 76 44 suo
1743 1203 141 44 testatur,
1840 1203 54 44 Ar-

1075 1243 158 39 chitectum
1196 1243 97 39 ejus
1257 1243 97 39 esse
1318 1243 231 39 sapientissimum,
1512 1243 207 39 potentissimum
1682 1243 61 39 &
1694 1243 207 39 beneficentissi-

1074 1278 106 44 mum.
1140 1278 173 44 Praecipue
1273 1278 106 44 vero
1340 1278 106 44 homo
1406 1278 213 44 ,
1580 1278 133 44 parvus
1673 1278 146 44 mundus,
1766 1278 133 44 ejutomeo

1083 1313 120 39 veluti
1167 1313 168 39 breviarium
1299 1313 120 39 mundi,
1383 1313 96 39 sive
1443 1313 120 39 animam
1528 1313 60 39 &
1552 1313 168 39 facultates
1684 1313 108 39 ejus,
1756 1313 96 39 sive
1804 1313 96 39 corpo-

1080 1347 89 39 tis
1131 1347 165 39 fabricam,
1258 1347 64 39 &
1284 1347 140 39 partium
1386 1347 153 39 corporis
1500 1347 102 39 usum
1564 1347 127 39 varium
1653 1347 64 39 &
1679 1347 153 39 insignem
1780 1347 115 39 conside

1084 1379 99 39 res,
1146 1379 161 39 commendat
1257 1379 149 39 artificem.

1100 1420 78 39 Ad
1139 1420 105 39 haec
1204 1420 209 39 praesentiam,
1374 1420 170 39 potentiam
1505 1420 65 39 &
1531 1420 157 39 gloriam,
1649 1420 222 39 majestatemque
1819 1420 91 39 suam,

1084 1448 157 46 patefacit
1204 1448 96 46 Deus
1265 1448 60 46 &
1289 1448 145 46 testatur
1397 1448 181 46 apertissime
1542 1448 84 46 per
1590 1448 132 46 meteora
1686 1448 120 46 ignea,
1771 1448 108 46 aerea
1843 1448 60 46 &
1855 1448 48 46 a-

1096 1489 97 41 quea,
1161 1489 65 41 ut
1193 1489 86 41 sunt
1248 1489 108 41 venti,
1323 1489 119 41 terrae-
1410 1489 108 41 motus,
1485 1489 195 41 coruscationes,
1648 1489 141 41 tonitrua,
1756 1489 76 41 &c.
1799 1489 97 41 Psal.
1853 1489 54 41 18.

1091 1515 62 47 8.
1122 1515 52 47 &
1142 1515 83 47 seq.
1194 1515 93 47 Psal.
1245 1515 52 47 29.

1108 1541 80 44 Ita
1153 1541 92 44 opus
1211 1541 137 44 visibile
1314 1541 160 44 manifestat
1440 1541 137 44 opificem
1543 1541 80 44 qui
1589 1541 115 44 natura
1669 1541 80 44 est
1715 1541 183 44 invisibilis,
1852 1541 46 44 ut

1087 1583 99 40 etiam
1153 1583 55 40 a
1175 1583 164 40 visibilibus
1306 1583 110 40 possit
1383 1583 110 40 sciri.
1460 1583 121 40 Proinde
1547 1583 110 40 Mundus
1624 1583 88 40 iste
1679 1583 142 40 visibilis
1788 1583 77 40 est
1821 1583 77 40 thea-

1090 1622 115 42 trum
1162 1622 216 42 amplissimum
1335 1622 87 42 in
1378 1622 101 42 quo
1436 1622 187 42 igniculos
1580 1622 187 42 communium
1724 1622 173 42 notionum
1839 1622 58 42 i1

1090 1655 156 37 mentibus
1207 1655 143 37 hominum
1310 1655 156 37 accensos
1427 1655 195 37 ,
1583 1655 130 37 fovet,
1674 1655 117 37 auget
1751 1655 117 37 atque
1816 1655 91 37 illu-

1090 1690 118 38 strat,
1173 1690 107 38 vario
1244 1690 95 38 illo
1303 1690 59 38 &
1327 1690 166 38 multiplici
1457 1690 107 38 rerum
1528 1690 59 38 a
1552 1690 71 38 se
1587 1690 166 38 conditatum
1718 1690 166 38 spectaculo
1836 1690 71 38 pro-

1092 1722 131 42 posito:
1187 1722 95 42 unde
1247 1722 83 42 tam
1294 1722 154 42 conspicui
1413 1722 178 42 sapientiae,
1555 1722 154 42 bonitatis
1674 1722 59 42 &
1698 1722 154 42 potentiae
1805 1722 95 42 divina

1083 1757 114 37 radii
1160 1757 178 37 effulgent,
1299 1757 76 37 ut
1337 1757 114 37 etiam
1566 1757 102 37 luce
1630 1757 64 37 &
1655 1757 203 37 coruscatione
1807 1757 102 37 aliqua

1099 1787 165 40 erfundant.

1113 1819 110 41 Porro
1186 1819 74 41 ex
1223 1819 147 41 operibus
1334 1819 172 41 creationis
1469 1819 86 41 non
1518 1819 123 41 renati
1604 1819 74 41 S.
1640 1819 172 41 Trinitatem
1775 1819 86 41 aut
1812 1819 86 41 vesti

1082 1860 102 46 gium
1146 1860 102 46 ejus
1210 1860 89 46 non
1261 1860 205 46 cognoverunt,
1427 1860 89 46 sed
1478 1860 128 46 tantum
1568 1860 166 46 attributa
1696 1860 89 46 Dei
1747 1860 153 46 quaedam,
1862 1860 77 46 ut

1087 1891 204 41 aeternitatem,
1255 1891 168 41 bonitatem,
1376 1891 144 41 sapientiam

1220 1926 149 59 Tantum
1324 1926 89 59 de
1369 1926 239 59 patefactione
1563 1926 104 59 Dei
1608 1926 149 59 naturali

1106 1982 173 45 Patefactio
1241 1982 86 45 Dei
1291 1982 234 45 supernaturalis,
1488 1982 86 45 est
1537 1982 86 45 qua
1586 1982 99 45 Deus
1648 1982 74 45 se
1685 1982 160 45 peculiari
1808 1982 99 45 modo
1858 1982 49 45 in

1079 2018 89 44 sua
1130 2018 152 44 Ecclesia
1244 2018 114 44 notum
1320 2018 127 44 facit,
1409 2018 114 44 nempe
1485 2018 89 44 per
1536 2018 127 44 verbum
1625 2018 101 44 quod
1688 2018 114 44 nobis
1751 2018 140 44 proloqui-

1074 2057 75 44 tur
1117 2057 97 44 intus
1182 2057 54 44 &
1203 2057 97 44 foris
1267 2057 97 44 Psal.
1332 2057 75 44 25.
1375 2057 64 44 8,
1407 2057 64 44 9,
1439 2057 75 44 12,
1482 2057 75 44 14.
1525 2057 54 44 &
1546 2057 97 44 Psal.
1610 2057 75 44 65.
1653 2057 64 44 6.
1686 2057 54 44 &
1707 2057 107 44 Psalm.
1782 2057 86 44 103.
1836 2057 64 44 v.
1857 2057 43 44 7.

1086 2088 103 42 Matth.
1158 2088 72 42 11.
1199 2088 62 42 v.
1229 2088 72 42 27.
1270 2088 82 42 Joh.
1322 2088 51 42 1
1342 2088 62 42 v.
1373 2088 72 42 18.
1414 2088 92 42 Psal.
1475 2088 72 42 98.
1506 2088 41 42 2.

1108 2117 113 45 Eaque
1183 2117 175 45 necessaria
1320 2117 100 45 est,
1383 2117 100 45 quia
1445 2117 113 45 lumen
1520 2117 150 45 naturale
1633 2117 75 45 ad
1670 2117 100 45 Deum
1733 2117 113 45 recte
1795 2117 100 45 cogno-

1083 2149 134 54 scendum
1180 2149 61 54 &
1205 2149 98 54 rite
1266 2149 147 54 colendum
1376 2149 85 54 non
1425 2149 159 54 sufficit.
1547 2149 98 54 Quod
1608 2149 98 54 enim
1669 2149 208 54 supernaturale
1828 2149 73 54 est,

1078 2193 138 42 naturali
1182 2193 92 42 luce
1240 2193 150 42 pervideri
1355 2193 127 42 nequit:
1447 2193 58 42 &
1470 2193 81 42 lux
1516 2193 150 42 naturalis
1631 2193 69 42 in
1666 2193 127 42 homine,
1758 2193 104 42 uliro
1827 2193 58 42 a
1838 2193 58 42 ve-

1080 2228 75 41 ta
1118 2228 100 41 luce
1181 2228 138 41 averso,
1281 2228 113 41 prope
1356 2228 150 41 extincta
1469 2228 113 41 fuit.
1544 2228 100 41 Ideo
1607 2228 100 41 Deus
1670 2228 88 41 per
1707 2228 201 41 supernaturalem

1074 2263 205 36 patefactionem
1242 2263 96 36 igne
1303 2263 108 36 verbi
1375 2263 96 36 sui,
1435 2263 180 36 j
1579 2263 144 36 hominis,
1687 2263 144 36 falsarum
1796 2263 132 36 opinio

1071 2294 89 52 num
1122 2294 191 52 praestigiis
1275 2294 64 52 &
1301 2294 153 52 sordibus
1416 2294 179 52 obstructum
1556 2294 191 52 expugnavit,
1697 2294 204 52 circumfusamque

1079 2325 140 45 caliginem
1187 2325 140 45 dispulit.

1106 2368 91 43 Cum
1158 2368 209 43 patefactione
1328 2368 91 43 Dei
1380 2368 222 43 supernaturali
1562 2368 91 43 non
1614 2368 130 43 pugnat
1706 2368 182 43 patefactio
1836 2368 65 43 na-

1081 2390 146 44 turalis:
1190 2390 85 44 Nam
1239 2390 122 44 gratia
1324 2390 85 44 non
1373 2390 122 44 tollit
1458 2390 146 44 naturam,
1568 2390 85 44 sed
1617 2390 85 44 eam
1665 2390 158 44 perficit,
1787 2390 61 44 &
1799 2390 110 44 naturam

1067 2433 115 41 supra
1144 2433 140 41 naturam
1246 2433 140 41 evehit:
1348 2433 89 41 tum
1399 2433 140 41 gratiae
1501 2433 191 41 subordinata
1654 2433 89 41 est
1705 2433 140 41 natura.
1794 2433 115 41 Proinde

1081 2468 71 39 ut
1117 2468 130 39 pessime
1211 2468 130 39 faciunt
1306 2468 107 39 illi,
1377 2468 83 39 qui
1424 2468 130 39 naturae
1519 2468 166 39 documentis
1649 2468 142 39 adversus
1756 2468 130 39 autorem
1839 2468 59 39 na-

1072 2501 114 40 turae
1148 2501 63 40 &
1173 2501 152 40 adversus
1287 2501 177 40 Scripturam
1426 2501 101 40 quam
1489 2501 126 40 natura
1578 2501 177 40 perficitur
1717 2501 177 40 abutuntur:
1843 2501 63 40 ita

1077 2534 62 46 &
1101 2534 98 46 illi
1163 2534 135 46 errant,
1261 2534 86 46 qui
1310 2534 160 46 naturalem
1433 2534 209 46 fatofactionem
1606 2534 86 46 Dei
1655 2534 135 46 superhe
1753 2534 172 46 rejiciunt.

1076 2565 94 43 Qua
1129 2565 81 43 de
1170 2565 81 43 re
1210 2565 229 43 operaepretium
1399 2565 94 43 est
1453 2565 135 43 notari
1547 2565 162 43 insignem
1669 2565 121 43 locum
1750 2565 81 43 in
1777 2565 121 43 Admoni-

1070 2600 112 40 tione
1144 2600 186 40 Neustadiana
1293 2600 74 40 de
1330 2600 137 40 Formula
1429 2600 186 40 Concordiae,
1578 2600 74 40 ex
1616 2600 161 40 Dilutione
1740 2600 124 40 falsae
1814 2600 87 40 accu-

1068 2634 155 40 sationis:
1187 2634 131 40 Dicunt,
1283 2634 83 40 nos
1330 2634 143 40 exponere
1437 2634 107 40 verba
1509 2634 131 40 Christi
1604 2634 131 40 secudum
1700 2634 143 40 rationis
1795 2634 119 40 humanae,

1071 2667 157 39 judicium.
1192 2667 85 39 Hic
1240 2667 121 39 rursus
1325 2667 97 39 more
1386 2667 85 39 suo
1434 2667 133 39 miscent
1531 2667 109 39 veris
1603 2667 109 39 falsa
1676 2667 133 39 Ambigua
1773 2667 97 39 enim
1821 2667 73 39 ora-

1084 2700 82 47 tio
1131 2700 93 47 est,
1189 2700 93 47 quum
1248 2700 140 47 dicuntur
1353 2700 105 47 verba
1423 2700 163 47 Scripturae
1551 2700 140 47 secundum
1656 2700 140 47 rationis
1761 2700 140 47 judicium
1854 2700 47 47 in

1072 2738 133 33 telligi.
1171 2738 133 33 Secundum
1271 2738 133 33 rationem
1370 2738 66 33 de
1404 2738 99 33 rebus
1470 2738 122 33 diuinis
1558 2738 144 33 judicare,
1669 2738 88 33 sine
1724 2738 144 33 praecunte
1824 2738 77 33 luce-

1075 2772 101 33 verbi
1142 2772 90 33 Dei,
1198 2772 56 33 &
1220 2772 190 33 illuminatione
1377 2772 134 33 Spiritus
1478 2772 90 33 Dei,
1534 2772 90 33 vere
1590 2772 78 33 est
1634 2772 78 33 cum
1679 2772 123 33 ratione
1769 2772 101 33 velle
1825 2772 78 33 insa-

1082 2805 98 33 nire,
1147 2805 109 33 caecum
1224 2805 65 33 de
1256 2805 141 33 coloribus
1365 2805 152 33 consulere,
1485 2805 54 33 &
1506 2805 109 33 caecum
1583 2805 98 33 sequi
1648 2805 109 33 ducem:
1724 2805 87 33 quod
1778 2805 76 33 qui
1811 2805 87 33 facir.

1070 2836 115 49 merito
1151 2836 81 49 cum
1197 2836 92 49 duce
1255 2836 81 49 suo
1301 2836 69 49 in
1335 2836 115 49 foveam
1416 2836 115 49 cadit.
1497 2836 81 49 Hoc
1543 2836 127 49 faciunt
1635 2836 104 49 illi,
1704 2836 81 49 qui
1750 2836 81 49 vel
1796 2836 69 49 ex
1819 2836 81 49 solis

1087 2873 163 35 principiis
1215 2873 116 35 natura
1297 2873 105 35 notis
1367 2873 140 35 judicare
1472 2873 116 35 uolunt
1553 2873 70 35 de
1588 2873 82 35 Deo
1635 2873 58 35 &
1658 2873 93 35 ejus
1716 2873 163 35 uoluntate,
1833 2873 58 35 ne-

1071 2908 124 41 aliquid
1161 2908 147 41 recipere,
1274 2908 90 41 quod
1330 2908 68 41 ex
1364 2908 102 41 illis
1432 2908 113 41 deduci
1511 2908 56 41 &
1533 2908 158 41 confirmari
1657 2908 79 41 non
1702 2908 124 41 possit:
1793 2908 79 41 vel
1826 2908 68 41 ades

1080 2941 104 39 genii
1150 2941 127 39 humani,
1243 2941 70 39 ad
1277 2941 139 39 errores,
1382 2941 139 39 mendacia
1486 2941 162 39 praesertim
1613 2941 70 39 de
1648 2941 93 39 Deo,
1706 2941 58 39 &
1729 2941 104 39 idola
1787 2941 116 39 propersi

1086 2973 139 41 figmenta
1190 2973 58 41 &
1213 2973 150 41 affectus,
1329 2973 150 41 doctrinam
1444 2973 150 41 caelestem
1560 2973 162 41 inflectunt
1687 2973 58 41 &
1710 2973 173 41 detorquent:
1837 2973 69 41 quod

1073 3012 192 42 praecipitium
1229 3012 120 42 cavere
1314 3012 84 42 nos
1362 3012 108 42 jubet
1434 3012 168 42 Apostolus,
1566 3012 96 42 quum
1626 3012 132 42 inquit:
1723 3012 132 42 Videte,
1819 3012 72 42 ne
1843 3012 72 42 quis

1087 3036 90 49 sit,
1143 3036 78 49 qui
1188 3036 78 49 vos
1232 3036 168 49 depraedetur
1367 3036 78 49 per
1411 3036 190 49 philosophiam,
1568 3036 56 49 &
1590 3036 112 49 inanem
1669 3036 123 49 decepi:
1758 3036 101 49 onam,
1825 3036 112 49 secer

1070 3079 92 31 dum
1123 3079 198 31 traditionem
1281 3079 158 31 hominum,
1400 3079 158 31 secundum
1518 3079 158 31 elementa
1637 3079 132 31 mundi,
1729 3079 66 31 &
1756 3079 92 31 non
1795 3079 106 31 secun-

1081 3106 86 45 dum
1130 3106 159 45 Christum.
1252 3106 98 45 Etsi
1314 3106 98 45 enim
1375 3106 98 45 vera
1437 3106 184 45 Philosophia
1584 3106 86 45 est
1633 3106 86 45 lux
1682 3106 172 45 naturalis,
1805 3106 110 45 mentib.

1079 3136 61 47 a
1103 3136 85 47 Deo
1152 3136 73 47 in
1188 3136 157 47 creatione
1309 3136 133 47 insita,
1406 3136 61 47 &
1430 3136 109 47 nihil
1503 3136 145 47 continet
1611 3136 85 47 cum
1660 3136 97 47 voce
1720 3136 121 47 divina
1793 3136 121 47 pugnans:

1071 3176 81 36 non
1118 3176 93 36 enim
1176 3176 128 36 pugnant
1268 3176 104 36 inter
1338 3176 70 36 se
1373 3176 197 36 patefactiones
1535 3176 128 36 divinae
1628 3176 93 36 sive
1686 3176 151 36 naturales
1802 3176 93 36 sive
1848 3176 58 36 su-

1080 3210 195 36 pernaturales:
1240 3210 103 36 tamen
1308 3210 114 36 duobus
1389 3210 114 36 vitiis
1469 3210 92 36 post
1526 3210 195 36 obscurationem
1686 3210 80 36 sui
1732 3210 80 36 per
1766 3210 126 36 peccotur:

1070 3245 140 36 laborat:
1175 3245 116 36 quorum
1257 3245 128 36 alterum
1350 3245 93 36 est,
1408 3245 93 36 quod
1466 3245 128 36 homines
1559 3245 105 36 veris
1629 3245 175 36 principiis,
1769 3245 58 36 &
1792 3245 93 36 inde
1839 3245 58 36 ex-

1078 3271 138 46 structis
1181 3271 103 46 veris
1250 3271 218 46 cenclusionibus,
1433 3271 103 46 multa
1502 3271 161 46 assingunt,
1628 3271 57 46 &
1651 3271 80 46 per
1697 3271 103 46 malam
1754 3271 138 46 consequen
