2063 3513
141 190 147 63 Delector
251 190 98 63 enim
312 190 98 63 Lege
373 190 86 63 Dei
422 190 98 63 quod
483 190 73 63 ad
520 190 171 63 interiorem
654 190 147 63 hominem.
764 190 61 63 &
788 190 73 63 v.
825 190 86 63 25.
874 190 98 63 ipse
923 190 61 63 ego

141 234 101 40 mente
208 234 112 40 quidem
286 234 112 40 servio
364 234 89 40 Legi
420 234 89 40 Dei,
476 234 101 40 carne
543 234 89 40 vero
599 234 89 40 legi
655 234 123 40 peccat.

188 258 75 54 V.
225 258 100 54 Quia
287 258 87 54 per
337 258 162 54 Decalogum
461 258 87 54 est
511 258 137 54 peccati
611 258 162 54 cognitio,
735 258 100 54 sine
797 258 87 54 qua
847 258 100 54 nemo
897 258 62 54 ju-

156 285 200 56 stificationem
321 285 82 56 per
368 285 141 56 Christum
474 285 141 56 quaerit,
580 285 94 56 Rom.
639 285 71 56 7.
674 285 71 56 v.
709 285 71 56 7.
744 285 94 56 Quid
803 285 94 56 ergo
850 285 118 56 dicemus?

158 331 80 41 Lex
203 331 137 41 peccatum
306 331 91 41 est?
363 331 114 41 Absit.
443 331 80 41 Imo
489 331 137 41 peccatum
592 331 80 41 non
638 331 126 41 cognovi
729 331 91 41 nisi
786 331 80 41 per
832 331 114 41 legem:
901 331 57 41 Nam

145 365 80 49 eti
190 365 69 49 im
225 365 172 49 cupiditatem
363 365 80 49 non
409 365 126 49 nossem,
501 365 92 49 nisi
558 365 80 49 Lex
604 365 149 49 dixisset,
719 365 80 49 Non
765 365 184 49 concupisces.
903 365 57 49 Qui

145 401 99 42 enim
207 401 161 42 aegrotare
331 401 74 42 se
368 401 124 42 nescit
455 401 87 42 aut
504 401 87 42 non
554 401 136 42 sentit,
653 401 136 42 Medicum
752 401 87 42 vel
802 401 149 42 remedium
901 401 62 42 non

145 430 109 44 expetit.

180 454 86 65 VI.
229 454 99 65 Quia
291 454 111 65 finis
365 454 148 65 Decalogi
476 454 86 65 est
525 454 148 65 charitas
636 454 74 65 ex
673 454 99 65 puro
735 454 111 65 corde
809 454 62 65 &
821 454 136 65 conscien-

156 499 63 42 ta
187 499 84 42 bona
240 499 53 42 &
261 499 84 42 fide
313 499 74 42 non
355 499 105 42 ficta,
429 499 63 42 1.
460 499 84 42 Tim.
513 499 63 42 1.
544 499 63 42 v.
565 499 42 42 6.

190 533 108 39 VII.
258 533 108 39 Quia
326 533 162 39 Decalogi
447 533 189 39 observatio
596 533 95 39 est
650 533 203 39 testimonium
812 533 149 39 nostrae
906 533 68 39 cum

163 556 85 52 Deo
211 556 194 52 communionis,
369 556 73 52 1.
405 556 97 52 Joh.
466 556 73 52 1.
502 556 73 52 v.
538 556 73 52 6,
575 556 73 52 7.
611 556 73 52 Si
647 556 157 52 dixerimus
768 556 85 52 nos
805 556 169 52 communionem.

150 598 119 48 hubere
233 598 83 48 cum
281 598 83 48 eo,
328 598 59 48 &
352 598 71 48 in
387 598 142 48 tenebris
494 598 166 48 incedimus,
624 598 142 48 mentimur
731 598 83 48 nec
778 598 130 48 sincere
861 598 107 48 agimus.

157 635 90 40 Quod
213 635 68 40 si
247 635 68 40 in
281 635 90 40 luce
338 635 158 40 incedimus,
462 635 102 40 sicut
530 635 90 40 ipse
586 635 79 40 est
632 635 68 40 in
666 635 102 40 luce,
733 635 170 40 communionem
858 635 113 40 habemus.

156 669 83 36 cum
204 669 71 36 eo
239 669 130 36 mutuam,
334 669 59 36 &
357 669 130 36 sanguis
452 669 95 36 Iesu
511 669 130 36 Christi
606 669 107 36 Filii
677 669 95 36 eius
736 669 118 36 purgat
819 669 83 36 nos
866 669 71 36 ab
890 669 83 36 omni-

152 705 130 41 peccato,
249 705 54 41 &
271 705 76 41 cap
314 705 65 41 2.
347 705 140 41 versicul.
455 705 65 41 3,
487 705 65 41 5,
519 705 65 41 6.
552 705 65 41 Et
584 705 76 41 per
627 705 76 41 hoc
670 705 119 41 scimus,
757 705 86 41 quod
811 705 97 41 ipsum
865 705 97 41 novimus

147 736 71 39 si
183 736 130 39 mandata
277 736 118 39 ipsius
360 736 177 39 observamus.
501 736 83 39 Qui
548 736 106 39 autem
619 736 118 39 servat
702 736 142 39 sermonem
808 736 106 39 eius,
879 736 94 39 vere
926 736 47 39 in

168 774 73 43 noc
209 774 125 43 charitas
303 774 73 43 Dei
344 774 135 43 adimpleta
448 774 83 43 est:
500 774 73 43 per
541 774 73 43 hoc
583 774 104 43 scimus
655 774 73 43 nos
697 774 62 43 in
728 774 83 43 ipso
780 774 93 43 esse.
842 774 73 43 Qui
884 774 93 43 dicit
935 774 42 43 se

150 804 61 34 in
180 804 61 34 ro
211 804 132 34 habitare,
313 804 102 34 debet,
384 804 92 34 sicut
445 804 82 34 ille
496 804 132 34 incessit,
598 804 71 34 ita
639 804 51 34 &
659 804 82 34 ipse
700 804 112 34 incedere.

194 830 106 51 IIX.
260 830 106 51 Quia
326 830 158 51 Decalogo
444 830 92 51 non
497 830 171 51 observato
629 830 132 51 mendax
721 830 92 51 est
774 830 158 51 quisquis
880 830 92 51 dicit

163 861 67 52 se
196 861 101 52 nosse
264 861 101 52 Deum,
331 861 67 52 1.
365 861 90 52 Joh.
421 861 67 52 2.
454 861 67 52 v.
488 861 67 52 4.
522 861 78 52 Qui
566 861 112 52 dicit,
645 861 90 52 novi
701 861 90 52 eum,
757 861 56 52 &
779 861 123 52 mandata
869 861 90 52 eius
914 861 56 52 non

154 904 120 42 servat,
241 904 109 42 mendax
318 904 76 42 est
361 904 55 42 &
383 904 65 42 in
416 904 65 42 eo
449 904 120 42 veritas
536 904 76 42 non
569 904 65 42 est?

194 937 95 42 IX.
249 937 108 42 Quia
316 937 176 42 Decalogus
452 937 122 42 nihil
533 937 95 42 est
588 937 122 42 aliud
669 937 108 42 quam
737 937 68 42 a
764 937 95 42 Deo
818 937 108 42 post
873 937 108 42 lapsum

152 958 139 52 hominis
253 958 151 52 repetita
367 958 113 52 summa
442 958 113 52 Legis
518 958 176 52 naturalis,
656 958 101 52 quam
719 958 113 52 omnes
795 958 139 52 homines
883 958 88 52 oblis

156 1006 153 51 gantur,
268 1006 125 51 Rom.1
351 1006 70 51 &
365 1006 42 51 2

197 1038 129 36 Contra
287 1038 129 36 negant
378 1038 168 36 Antinomi,
507 1038 168 36 Decalogum
636 1038 77 36 ad
674 1038 193 36 Christianos
816 1038 155 36 pertinere.

157 1069 112 43 atque
231 1069 75 43 ad
269 1069 100 43 suam
331 1069 162 43 opinionem
456 1069 200 43 stabiliendam
618 1069 150 43 torquent
731 1069 100 43 loca
793 1069 100 43 Rom.
856 1069 75 43 3.
881 1069 87 43 vers.

169 1106 80 40 20.
214 1106 149 40 Propterea
329 1106 69 40 ex
363 1106 137 40 operibus
466 1106 103 40 Legis
535 1106 103 40 nulla
604 1106 252 40 carajustificabitur
821 1106 69 40 in
844 1106 126 40 conspecti

163 1138 95 34 cius:
227 1138 74 34 per
269 1138 95 34 legem
332 1138 85 34 enim
385 1138 116 34 agnitio
470 1138 116 34 peccati
554 1138 85 34 Gal.
607 1138 63 34 2.
639 1138 63 34 v.
671 1138 74 34 16.
713 1138 127 34 Scientes
808 1138 74 34 non
840 1138 137 34 justificare

161 1174 111 39 homine
238 1174 66 39 ex
272 1174 133 39 operibus
371 1174 111 39 Legis,
449 1174 55 39 n
471 1174 66 39 si
504 1174 77 39 per
548 1174 100 39 fidem
615 1174 89 39 Iesu
670 1174 133 39 Christi:
770 1174 100 39 etiam
836 1174 77 39 nos
880 1174 66 39 in
903 1174 77 39 Chri-

170 1208 86 35 stum
224 1208 97 35 Irsum
289 1208 162 35 credidimus,
418 1208 65 35 ut
451 1208 194 35 iustificaremur
613 1208 65 35 ex
645 1208 86 35 fide
699 1208 130 35 Christi,
796 1208 54 35 &
818 1208 76 35 non
861 1208 65 35 ex
883 1208 86 35 aperi-

160 1244 78 35 bus
204 1244 111 35 Legis:
282 1244 144 35 propterea
393 1244 89 35 quod
448 1244 78 35 non
493 1244 200 35 iustificabitur
659 1244 67 35 ex
693 1244 133 35 operibus
792 1244 100 35 Legis
859 1244 89 35 ulla
903 1244 67 35 caro

160 1279 95 35 Rom.
220 1279 72 35 4.
255 1279 72 35 v.
291 1279 83 35 13.
339 1279 83 35 Non
387 1279 95 35 enim
446 1279 83 35 per
494 1279 107 35 Legem
566 1279 155 35 promissio
685 1279 119 35 cessit
768 1279 155 35 Abrahamo,
888 1279 83 35 aut
923 1279 60 35 se-

176 1308 80 37 mini
226 1308 90 37 eius,
286 1308 60 37 ut
316 1308 100 37 haeres
385 1308 90 37 esset
445 1308 100 37 mundi,
515 1308 70 37 sed
555 1308 70 37 per
594 1308 130 37 iustitiam
694 1308 100 37 fidei.
764 1308 60 37 Et
794 1308 60 37 c.
824 1308 60 37 6.
853 1308 60 37 v.
883 1308 70 37 14.
913 1308 60 37 Peo.

169 1337 104 41 catum
239 1337 104 41 vobis
308 1337 81 41 non
354 1337 185 41 dominabitur:
505 1337 81 41 non
551 1337 93 41 enim
609 1337 104 41 estis
678 1337 81 41 sub
725 1337 104 41 Lege,
794 1337 81 41 sed
840 1337 81 41 sub
875 1337 104 41 Gratia-

174 1371 61 39 Et
204 1371 81 39 cap.
255 1371 61 39 7.
285 1371 61 39 v.
316 1371 61 39 4.
346 1371 152 39 Mortificati
467 1371 91 39 estis
528 1371 81 39 Legi
578 1371 61 39 in
609 1371 111 39 corpore
690 1371 111 39 Christi
771 1371 61 39 ut
801 1371 111 39 essetis
872 1371 101 39 alterius

170 1412 91 31 eius
226 1412 147 31 videlicet
340 1412 79 31 qui
385 1412 68 31 ex
419 1412 125 31 mortuis
510 1412 159 31 suscitatus
635 1412 91 31 est.
691 1412 68 31 Et
725 1412 136 31 versicul
827 1412 68 31 6.
861 1412 91 31 Nunc
907 1412 79 31 autem

165 1440 141 38 liherati
271 1440 106 38 sumus
342 1440 59 38 a
365 1440 106 38 Lege,
436 1440 118 38 mortuo
518 1440 71 38 eo
553 1440 71 38 in
588 1440 82 38 quo
635 1440 188 38 detinebamur,
788 1440 71 38 ut
823 1440 153 38 serviamus
929 1440 47 38 il

176 1477 126 37 novitate
271 1477 137 37 Spiritus,
377 1477 63 37 ac
408 1477 74 37 non
450 1477 63 37 in
482 1477 137 37 vetustate
587 1477 126 37 literae.
682 1477 63 37 2.
714 1477 126 37 Corinth.
809 1477 63 37 3.
840 1477 63 37 v.
872 1477 63 37 6.
904 1477 74 37 Qui
935 1477 53 37 et-

175 1509 74 38 iam
218 1509 95 38 fecit
281 1509 63 38 ut
312 1509 105 38 idonet
386 1509 116 38 essemus
470 1509 126 38 ministri
564 1509 84 38 novi
617 1509 126 38 federis,
711 1509 74 38 non
753 1509 126 38 literae,
848 1509 74 38 sed
879 1509 116 38 Spiritus:

176 1539 78 42 nam
220 1539 111 42 litera
298 1539 134 42 occidit,
399 1539 134 42 Spiritus
499 1539 100 42 autem
566 1539 156 42 vivificat.
688 1539 89 42 Gal.
744 1539 67 42 3.
777 1539 67 42 v.
811 1539 78 42 10.
855 1539 134 42 Quotquot
944 1539 45 42 ex

179 1573 130 43 operibus
277 1573 97 43 Legis
342 1573 97 43 sunt,
406 1573 76 43 sub
450 1573 173 43 exsecratione
590 1573 97 43 sunt:
655 1573 130 43 Scriptum
753 1573 76 43 est
796 1573 97 43 enim,
850 1573 130 43 Exsecrabi.

176 1607 73 41 lis
217 1607 73 41 est
259 1607 125 41 quisquis
353 1607 73 41 non
395 1607 125 41 manserit
488 1607 63 41 in
520 1607 115 41 omnibs.
603 1607 83 41 quae
655 1607 115 41 scripta
739 1607 83 41 sunt
791 1607 63 41 in
822 1607 94 41 libro
885 1607 104 41 Legis,
947 1607 42 41 ut

175 1637 109 44 faciat
251 1637 76 44 ea.
295 1637 54 44 &
317 1637 76 44 24.
360 1637 76 44 25.
404 1637 109 44 Itaque
480 1637 76 44 Lex
523 1637 152 44 paedagogus
643 1637 109 44 noster
719 1637 87 44 fuit
773 1637 65 44 in
806 1637 131 44 Christum
893 1637 87 44 respi-

176 1676 109 40 ciens,
252 1676 65 40 ut
285 1676 65 40 ex
318 1676 87 40 fide
372 1676 207 40 justificaremur.
546 1676 65 40 At
579 1676 131 40 postquam
677 1676 87 40 veni
732 1676 109 40 fides,
808 1676 76 40 non
851 1676 120 40 amplius
928 1676 54 40 sub

178 1709 141 40 paedagogo
287 1709 108 40 sumus.
362 1709 65 40 Et
395 1709 87 40 cap.
449 1709 65 40 4.
482 1709 141 40 versicul.
590 1709 65 40 3,
623 1709 65 40 4,
655 1709 65 40 5,
688 1709 76 40 21.
731 1709 76 40 Ita
774 1709 54 40 &
796 1709 87 40 nos,
850 1709 87 40 quum
893 1709 98 40 essemus

171 1738 153 44 infantes,
289 1738 82 44 sub
336 1738 153 44 elementis
454 1738 106 44 munde
524 1738 118 44 eramus
607 1738 71 44 in
642 1738 165 44 servitutem
771 1738 141 44 redacti:
877 1738 71 44 At
901 1738 82 44 post.

173 1780 104 36 quam
238 1780 117 36 venit
316 1780 130 36 plenum
407 1780 143 36 tempus,
511 1780 117 36 misit
589 1780 104 36 Deus
654 1780 130 36 Filium
745 1780 104 36 suum
810 1780 130 36 factum
901 1780 78 36 ex
927 1780 65 36 mu-

173 1803 113 44 liere,
252 1803 113 44 factum
331 1803 91 44 Legi
388 1803 159 44 subjectum;
513 1803 68 44 Vt
547 1803 79 44 eos
592 1803 79 44 qui
638 1803 91 44 Legi
694 1803 102 44 erant
762 1803 136 44 subiecti
853 1803 136 44 redimeret,

174 1839 70 42 ut
209 1839 163 42 adoptionem
337 1839 186 42 acciperemus.
488 1839 116 42 Dicite
569 1839 93 42 mihi
627 1839 81 42 qui
674 1839 81 42 sub
720 1839 93 42 Lege
778 1839 116 42 vultis
860 1839 105 42 esse,
918 1839 81 42 Legem

179 1870 77 39 non
223 1870 132 39 auditis?
322 1870 66 39 Et
355 1870 88 39 cap.
410 1870 66 39 5.
443 1870 143 39 versicul.
553 1870 66 39 1.
586 1870 66 39 In
619 1870 143 39 libertate
729 1870 110 39 igitur
806 1870 77 39 qua
850 1870 132 39 Christus
938 1870 55 39 non

178 1905 158 43 liberavit,
302 1905 147 43 perstate,
415 1905 56 43 &
438 1905 68 43 ne
471 1905 181 43 regredientes
618 1905 169 43 implicamini
754 1905 158 43 servitutis
878 1905 102 43 ingo.
946 1905 68 43 Et

172 1940 139 37 versicul
276 1940 81 37 23.
323 1940 139 37 Adversus
426 1940 139 37 eiusmodi
530 1940 81 37 non
576 1940 81 37 est
623 1940 92 37 Lex.
680 1940 69 37 1.
715 1940 92 37 Tim.
773 1940 69 37 1.
807 1940 139 37 versicul
911 1940 69 37 9.
934 1940 58 37 Hoc

183 1973 115 35 ciens,
264 1973 104 35 nempe
333 1973 104 35 Legem
403 1973 104 35 iusto
472 1973 127 35 positam
564 1973 81 35 non
610 1973 104 35 esse,
680 1973 81 35 sed
726 1973 104 35 Legis
795 1973 208 35 contemtoribus,
956 1973 35 35 &

184 2007 65 40 is
217 2007 76 40 qui
260 2007 120 40 subiici
348 2007 120 40 nolunt,
435 2007 109 40 impiis
511 2007 55 40 &
533 2007 185 40 peccatoribus,
686 2007 131 40 nefariis
784 2007 55 40 &
806 2007 142 40 profanis,
915 2007 55 40 &
925 2007 55 40 pa-

184 2035 130 46 tricidis
282 2035 54 46 &
303 2035 163 46 matricidis.
423 2035 130 46 homicidis.

219 2061 78 49 Ex
258 2061 117 49 istis
336 2061 130 49 primum
427 2061 182 49 argumentum
570 2061 78 49 in
609 2061 104 49 hunc
674 2061 117 49 modum
752 2061 195 49 exstruendum
895 2061 91 49 erit:

222 2110 154 37 Quicunque
341 2110 83 37 non
388 2110 202 37 iustificantur
554 2110 59 37 &
578 2110 190 37 promissionem
732 2110 83 37 non
780 2110 154 37 accipiunt
898 2110 83 37 per
934 2110 59 37 Le-

177 2139 88 45 gem,
232 2139 66 45 ad
265 2139 99 45 illos
331 2139 77 45 Lex
375 2139 77 45 non
419 2139 143 45 pertinet:
529 2139 154 45 Christiant
650 2139 77 45 non
694 2139 187 45 iustificantur
848 2139 55 45 &
859 2139 132 45 promissio-

175 2178 88 32 nem
226 2178 88 32 non
276 2178 163 32 accipiunt
401 2178 88 32 per
451 2178 113 32 Lgem:
526 2178 100 32 Rom.
589 2178 75 32 3.
626 2178 75 32 20
664 2178 100 32 Gal.
726 2178 75 32 2.
764 2178 88 32 16.
814 2178 100 32 Rom.
877 2178 75 32 4.
914 2178 75 32 v.
939 2178 63 32 13.

176 2204 96 44 Ergo
236 2204 72 44 ad
272 2204 180 44 Christianos
416 2204 84 44 non
452 2204 120 44 pertinet

215 2223 151 60 RESPON.
325 2223 123 60 Major
407 2223 192 60 propositio
558 2223 96 60 est
612 2223 219 60 distinguenda
790 2223 82 60 ac
818 2223 164 60 limitanda,

177 2263 164 45 Quicunque
303 2263 88 45 non
354 2263 214 45 justificantur
530 2263 88 45 per
580 2263 126 45 Legem,
668 2263 113 45 nempe
743 2263 101 45 nisi
806 2263 101 45 alii
869 2263 101 45 sint
920 2263 75 45 usus

178 2297 100 49 Legis
244 2297 100 49 illis
311 2297 166 49 necessarii,
443 2297 66 49 ad
476 2297 100 49 illos
543 2297 77 49 Lex
587 2297 77 49 non
631 2297 144 49 pertinet.
742 2297 66 49 At
775 2297 88 49 sunt
830 2297 88 49 alii
886 2297 88 49 usus
930 2297 55 49 Le-

188 2331 82 52 gis
235 2331 105 52 inque
305 2331 176 52 necessatii,
446 2331 152 52 videlicet
563 2331 70 52 ut
598 2331 105 52 omnes
668 2331 140 52 homines,
773 2331 105 52 atque
844 2331 82 52 ita
890 2331 59 52 &
902 2331 82 52 Chri-

180 2365 122 46 stiani
265 2365 85 46 per
314 2365 85 46 eam
362 2365 134 46 discant
460 2365 158 46 agnoscere
581 2365 158 46 peccatum,
703 2365 61 46 &
727 2365 97 46 quae
788 2365 85 46 sit
837 2365 146 46 voluntas
934 2365 49 46 DE

189 2397 111 59 grata
263 2397 99 59 illa
324 2397 111 59 atque
398 2397 148 59 accepta,
509 2397 74 59 ut
546 2397 86 59 per
595 2397 111 59 Legem
669 2397 185 59 impellantur
817 2397 74 59 ad
841 2397 148 59 quaerendam

184 2437 177 46 justitiam
320 2437 68 46 &
347 2437 149 46 salutem
456 2437 163 46 aeternam
578 2437 82 46 in
619 2437 163 46 CHRISTO,
741 2437 95 46 qui
796 2437 122 46 finis
877 2437 95 46 est
918 2437 68 46 Le-

181 2465 101 57 gis,
245 2465 76 57 ut
283 2465 76 57 de
320 2465 152 57 pluribus
434 2465 89 57 jam
485 2465 89 57 non
535 2465 152 57 dicatur.
649 2465 89 57 Lex
700 2465 126 57 igitur
788 2465 76 57 ad
826 2465 114 57 illos
889 2465 89 57 perta

182 2518 57 35 net.

221 2533 153 45 Secundum:
339 2533 153 45 Quicunque
457 2533 82 45 non
504 2533 94 45 sunt
563 2533 82 45 sub
610 2533 106 45 Lege,
680 2533 82 45 sed
727 2533 82 45 sub
774 2533 129 45 gratia,
869 2533 71 45 ad
904 2533 82 45 eos
939 2533 59 45 Lex

177 2565 81 47 non
224 2565 151 47 pertinet:
340 2565 163 47 Christiani
468 2565 81 47 non
515 2565 93 47 sunt
573 2565 81 47 sub
620 2565 105 47 Lege,
689 2565 81 47 sed
736 2565 81 47 sub
783 2565 128 47 gratia:
876 2565 116 47 Roman.
945 2565 47 47 6.

192 2610 136 40 versicul.
286 2610 52 40 14.

223 2647 97 41 Ergo,
277 2647 54 41 &c.

218 2653 188 59 RESPONSIO:
365 2653 161 59 Fallacia
486 2653 161 59 struitur
607 2653 81 59 ex
648 2653 161 59 ambiguo:
769 2653 94 59 nam
822 2653 94 59 non
876 2653 108 59 esse
930 2653 67 59 sub

183 2705 93 40 Lege
241 2705 105 40 Paulo
311 2705 139 40 Apostolo
416 2705 81 40 non
462 2705 93 40 est,
520 2705 81 40 non
567 2705 116 40 teneri
648 2705 163 40 obedientia
776 2705 116 40 Legis,
857 2705 81 40 sed
892 2705 93 40 libera

185 2732 90 47 tum
237 2732 103 47 esse
301 2732 65 47 a
327 2732 206 47 maledictione
495 2732 65 47 &
521 2732 168 47 coactione
650 2732 129 47 Legis:
740 2732 194 47 quemadmodum
882 2732 116 47 subgra-

187 2764 74 52 tia
230 2764 96 52 esse,
294 2764 74 52 est
336 2764 106 52 gratia
411 2764 117 52 Christi
496 2764 96 52 justi
559 2764 117 52 ficatum
644 2764 53 52 &
666 2764 159 52 regeneratum
783 2764 74 52 esse.

227 2796 131 48 Tertium:
326 2796 153 48 Christiani
446 2796 98 48 mort:
512 2796 109 48 ficati
588 2796 88 48 sunt
643 2796 98 48 Legi,
709 2796 77 48 Rom
752 2796 66 48 7.
785 2796 66 48 v.
818 2796 66 48 4.
851 2796 88 48 Ergo
906 2796 66 48 ad
927 2796 77 48 illos

193 2842 83 42 Lex
241 2842 83 42 non
276 2842 131 42 pertinet.

215 2862 121 52 RESP.
295 2862 161 52 Deceptio
416 2862 94 52 sit
470 2862 81 52 ex
510 2862 161 52 ambiguo.
631 2862 94 52 Nam
685 2862 188 52 Christiani
819 2862 175 52 mortificat,

192 2894 95 53 sunt
251 2894 95 53 Legi
310 2894 71 53 ex
346 2894 154 53 sententia
464 2894 106 53 Pauli
535 2894 71 53 Ap
570 2894 118 53 stoli,
653 2894 83 53 non
700 2894 95 53 quod
760 2894 118 53 exemti
842 2894 95 53 sint
901 2894 59 53 a
913 2894 83 53 Legis

192 2932 182 49 obedientia,
337 2932 85 49 sed
386 2932 97 49 quod
447 2932 146 49 liberati
556 2932 97 49 sint
617 2932 61 49 a
641 2932 194 49 maledictione
799 2932 61 49 &
811 2932 194 49 condemnatione.

192 2965 106 53 Legis
263 2965 59 53 &
286 2965 59 53 a
310 2965 129 53 peccati
404 2965 165 53 iritatione
533 2965 94 53 quam
592 2965 82 53 Lex
639 2965 129 53 efficit
733 2965 71 53 in
769 2965 153 53 hominibus
875 2965 129 53 corruptis

195 2999 57 50 &
217 2999 79 50 non
263 2999 136 50 renatis.
364 2999 158 50 Christiani
488 2999 124 50 Christo
579 2999 113 50 uniti,
658 2999 90 50 sunt
715 2999 170 50 mortificati
850 2999 102 50 Legi,
918 2999 79 50 dum
952 2999 45 50 in

195 3032 103 56 ipsis
263 3032 172 56 mortificata
401 3032 80 56 est
447 3032 149 56 corruptio
561 3032 115 56 nativa
642 3032 92 56 quae
699 3032 103 56 vires
768 3032 160 56 atripiebat
894 3032 69 56 ex
917 3032 80 56 Lege,

194 3065 71 51 ut
230 3065 106 51 sicut
300 3065 130 51 matitus
394 3065 130 51 uxorem,
489 3065 82 51 ira
536 3065 106 51 ipsos
606 3065 141 51 arbitrio
712 3065 82 51 suo
759 3065 130 51 regeret
854 3065 59 51 &
877 3065 71 51 ad
901 3065 94 51 pecca-

192 3172 237 50 regenerationis
389 3172 184 50 flectentem
534 3172 119 50 corda
614 3172 145 50 ipsorum
719 3172 92 50 non
772 3172 79 50 ad
811 3172 119 50 odium
890 3172 119 50 Legis
956 3172 66 50 quo

191 3102 77 50 ta
230 3102 154 50 gignenda
345 3102 192 50 impelleret:
498 3102 128 50 habent
588 3102 77 50 in
626 3102 141 50 Christo
729 3102 128 50 plenam
805 3102 205 50 satisfactionem

198 3138 86 50 pro
247 3138 160 50 peccatis,
370 3138 135 50 propter
468 3138 98 50 quae
530 3138 86 50 Lex
579 3138 111 50 ipsos
653 3138 197 50 condemnabat:
813 3138 123 50 habent
887 3138 123 50 Spiritum

196 3200 98 66 ante
257 3200 220 66 regenerationem
440 3200 159 66 ardebant,
562 3200 86 66 sed
611 3200 73 66 ad
648 3200 183 66 obedientiae
794 3200 61 66 &
819 3200 159 66 justitiae
929 3200 73 66 stu

176 3249 96 37 dium

1039 203 149 61 Quartum:
1151 203 149 61 Liberati
1263 203 112 61 sumus
1337 203 62 61 a
1362 203 112 61 Lege,
1437 203 125 61 mortuo
1524 203 75 61 eo
1562 203 75 61 in
1599 203 87 61 quo
1649 203 199 61 detinebamur,

1005 236 97 54 Rom.
1065 236 73 54 7.
1102 236 73 54 6.
1138 236 97 54 Ergo
1199 236 85 54 Lex
1247 236 73 54 ad
1283 236 85 54 nos
1332 236 85 54 non
1368 236 133 54 pertinet.

1039 278 207 59 RESPONSIO:
1202 278 192 59 Processus
1350 278 104 59 est
1409 278 89 59 ex
1453 278 177 59 ambiguo.
1586 278 177 59 Liberati
1719 278 118 59 sunt
1779 278 44 59 a

1015 311 107 53 Lege,
1086 311 71 53 in
1122 311 119 53 quibus
1205 311 143 53 peccatum
1312 311 131 53 mortuum
1408 311 95 53 est,
1467 311 95 53 quod
1527 311 119 53 instar
1610 311 131 53 mariti,
1705 311 143 53 occasio

1016 356 71 40 ne
1052 356 59 40 a
1075 356 95 40 Lege
1135 356 142 40 accepta,
1241 356 83 40 non
1289 356 107 40 Legis
1360 356 83 40 sed
1407 356 130 40 ipsorum
1502 356 107 40 vitio
1573 356 71 40 in
1609 356 107 40 illis
1680 356 119 40 fiebat
1751 356 71 40 sum-

1014 388 76 46 me
1052 388 140 46 peccans
1154 388 114 46 atque
1230 388 89 46 eos
1281 388 76 46 ad
1319 388 165 46 peccandum
1446 388 190 46 impellebat.
1598 388 190 46 Justificati
1738 388 89 46 autem

1009 421 93 45 per
1062 421 159 45 Christum
1181 421 66 45 &
1207 421 185 45 regenerati
1353 421 93 45 per
1406 421 159 45 Spiritum
1525 421 146 45 Sanctum
1631 421 93 45 hoc
1670 421 159 45 beneficium

1011 455 100 43 sunt
1073 455 188 43 consequuti,
1223 455 75 43 ut
1261 455 150 43 peccatum
1373 455 75 43 in
1411 455 113 43 illis
1486 455 88 43 sit
1536 455 150 43 mortuum,
1648 455 63 43 &
1673 455 88 43 non
1711 455 113 43 amplius

1004 490 125 40 vivat,
1091 490 112 40 sicut
1166 490 100 40 ante
1228 490 249 40 justifitcationem
1440 490 62 40 &
1465 490 237 40 regenerationem:
1664 490 87 40 Qua
1714 490 137 40 propter

1018 522 106 38 etiam
1089 522 59 38 a
1112 522 106 38 Legis
1183 522 153 38 servitute
1300 522 94 38 sunt
1358 522 153 38 manumissi
1476 522 59 38 &
1499 522 59 38 a
1523 522 117 38 rigida
1605 522 94 38 ejus
1663 522 153 38 exactione
1769 522 47 38 at

1021 554 87 49 que
1070 554 62 49 a
1095 554 199 49 maledictione
1257 554 137 49 soluti,
1357 554 137 49 Spiritu
1457 554 125 49 Sancto
1544 554 112 49 illos
1619 554 125 49 agente
1706 554 62 49 &
1718 554 100 49 ducen-

1012 592 74 47 te
1049 592 74 47 ut
1086 592 74 47 in
1123 592 99 47 viis
1185 592 87 47 DEI
1235 592 149 47 ambulent
1346 592 62 47 &
1371 592 149 47 mandatis
1482 592 112 47 Legis
1557 592 186 47 delecientur
1693 592 124 47 illisque

1015 620 174 52 voluntatie
1151 620 199 52 obtemperent.
1313 620 87 52 Lex
1363 620 124 52 igitur
1450 620 87 52 DEI
1499 620 112 52 illos
1574 620 137 52 obligat
1673 620 75 52 ad
1698 620 112 52 obedien

992 646 87 42 tiam

1045 685 146 48 Quintum:
1155 685 146 48 Apostoli
1265 685 61 48 &
1289 685 98 48 alii
1350 685 159 48 praecones
1472 685 110 48 verbi
1545 685 85 48 Dei
1594 685 73 48 in
1631 685 98 48 Novo
1692 685 61 48 T
1704 685 122 48 siamento

1009 721 75 54 non
1052 721 85 54 sunt
1105 721 128 54 ministri
1201 721 128 54 literae,
1297 721 64 54 id
1329 721 85 54 est,
1382 721 106 54 Legis,
1456 721 75 54 sed
1499 721 138 54 Spiritus,
1605 721 64 54 id
1637 721 75 54 est
1680 721 149 54 Evangelii,
1786 721 43 54 2.

1024 747 85 56 Cor.
1078 747 64 56 3.
1110 747 64 56 v.
1142 747 64 56 6.
1174 747 85 56 Ergo
1227 747 75 56 lex
1270 747 64 56 ad
1302 747 160 56 Christianos
1430 747 75 56 non
1462 747 107 56 pertinet

1041 796 120 40 RESP.
1121 796 147 40 Negatur
1228 796 214 40 consequentia
1401 796 147 40 omissae
1508 796 227 40 propositionis
1682 796 147 40 connexae-

1013 818 90 53 Nam
1065 818 142 53 etiamsi
1168 818 155 53 Apostoli
1284 818 64 53 &
1310 818 103 53 alii
1374 818 168 53 praecones
1503 818 116 53 verbi
1580 818 90 53 Dei
1632 818 77 53 in
1670 818 103 53 Novo
1722 818 103 53 Testa-

1012 862 101 48 mento
1079 862 79 48 non
1124 862 90 48 sint
1180 862 135 48 ministri
1282 862 135 48 literae,
1383 862 79 48 sed
1428 862 146 48 spiritus:
1540 862 101 48 tamen
1607 862 90 48 inde
1664 862 79 48 non
1709 862 135 48 sequitur

1019 896 115 42 Legem
1096 896 76 42 ad
1134 896 191 42 Christianos
1287 896 89 42 non
1338 896 178 42 pertinere;
1478 896 89 42 sed
1528 896 89 42 hoc
1579 896 140 42 tantum,
1681 896 165 42 Apostolos
1796 896 38 42 &

1028 930 103 47 alios
1096 930 103 47 fidos
1164 930 148 47 Evangelii
1279 930 148 47 praecones
1393 930 80 47 non
1438 930 91 47 esse
1495 930 137 47 inutiles
1598 930 160 47 ministros,
1723 930 80 47 sed
1758 930 68 47 quo-

1025 968 86 45 rum
1074 968 183 45 ministerium
1220 968 171 45 efficacius
1355 968 61 45 &
1379 968 171 45 salutatius
1513 968 86 45 sit
1562 968 73 45 in
1599 968 147 45 cordibus
1697 968 134 45 fidelium,

1018 999 99 44 quam
1079 999 185 44 ministerium
1227 999 111 44 Legis
1301 999 99 44 fuit
1363 999 74 44 in
1400 999 123 44 veteri
1474 999 160 44 Testamento.

1060 1027 118 48 Sextum:
1146 1027 64 48 Si
1178 1027 64 48 ad
1210 1027 160 48 Christianos
1338 1027 75 48 lex
1381 1027 139 48 pertinet,
1488 1027 75 48 tum
1531 1027 86 48 illi
1584 1027 86 48 sunt
1638 1027 75 48 sub
1670 1027 160 48 exsecratione;

1024 1060 86 42 Gal.
1078 1060 65 42 3.
1110 1060 65 42 v.
1143 1060 75 42 10.
1186 1060 65 42 At
1218 1060 151 42 Christiani
1337 1060 75 42 non
1380 1060 86 42 sunt
1434 1060 75 42 sub
1477 1060 183 42 exsecratione:
1628 1060 86 42 Ergo
1682 1060 65 42 ad
1714 1060 97 42 illos
1768 1060 54 42 lex

1029 1095 72 44 non
1060 1095 113 44 pertinet.

1057 1134 124 47 RESP.
1140 1134 151 47 Negatur
1250 1134 151 47 connexi
1360 1134 234 47 consequentia:
1552 1134 96 47 tum
1607 1134 110 47 enim
1676 1134 137 47 essent
1758 1134 69 47 sub

1020 1181 199 34 exsecratione,
1184 1181 70 34 si
1219 1181 70 34 ex
1254 1181 140 34 operibus
1359 1181 105 34 Legis
1429 1181 128 34 essent.
1523 1181 82 34 Non
1569 1181 93 34 enim
1628 1181 105 34 dicit
1698 1181 128 34 Paulus,
1780 1181 58 34 eos

1025 1207 69 36 ad
1060 1207 93 36 quos
1118 1207 81 36 Lex
1164 1207 150 36 pertinet,
1280 1207 69 36 sd
1315 1207 81 36 eos
1361 1207 81 36 qui
1407 1207 69 36 ex
1442 1207 139 36 operibus
1546 1207 104 36 Legis
1615 1207 104 36 sunt,
1685 1207 93 36 esse
1742 1207 81 36 sub
1777 1207 58 36 ex-

1032 1244 164 35 pecratione.
1164 1244 88 35 Iili
1218 1244 99 35 autem
1284 1244 88 35 sunt
1339 1244 77 35 sub
1383 1244 132 35 oporilus
1481 1244 110 35 Leois,
1558 1244 77 35 qui
1602 1244 66 35 ex
1635 1244 175 35 praestatione
1766 1244 66 35 ope-

1029 1277 82 38 rum
1076 1277 106 38 Legis
1147 1277 153 38 aestimant
1264 1277 153 38 justitiam
1382 1277 59 38 &
1405 1277 106 38 vitam
1476 1277 94 38 sibi
1535 1277 176 38 pollicentur
1664 1277 129 38 aeternam.

1060 1306 148 48 Septimum:
1174 1306 160 48 Christiant
1299 1306 80 48 non
1345 1306 125 48 amplius
1436 1306 91 48 sunt
1493 1306 80 48 jub
1539 1306 160 48 paedagogo;
1664 1306 91 48 Gal.
1721 1306 68 48 3.
1755 1306 68 48 v.
1778 1306 57 48 24,

1037 1340 72 41 25.
1078 1340 82 41 Ergo
1129 1340 62 41 ad
1160 1340 92 41 illos
1222 1340 72 41 lex
1263 1340 72 41 non
1293 1340 103 41 pertinet

1059 1368 105 43 RESP
1124 1368 118 43 Primo
1203 1368 79 43 ex
1242 1368 105 43 loco
1308 1368 209 43 impertinente
1478 1368 105 43 ista
1543 1368 209 43 argumentatio
1700 1368 131 43 exstrui-

1038 1406 82 37 ur:
1085 1406 94 37 quia
1144 1406 105 37 locus
1214 1406 94 37 iste
1273 1406 105 37 Pauli
1343 1406 82 37 non
1390 1406 94 37 agit
1448 1406 117 37 tantum
1530 1406 70 37 de
1566 1406 94 37 Lege
1624 1406 129 37 Morali,
1718 1406 82 37 sed
1753 1406 82 37 etiam

1038 1445 174 30 teremoniali
1178 1445 58 30 &
1201 1445 140 30 forensi:
1306 1445 70 30 at
1341 1445 81 30 nos
1387 1445 81 30 jam
1434 1445 70 30 de
1469 1445 128 30 udorali
1562 1445 116 30 tantum
1643 1445 93 30 lege
1701 1445 151 30 loquimur.

1035 1472 134 45 Deinde
1128 1472 147 45 negatur
1236 1472 215 45 consequenna:
1410 1472 107 45 Etsi
1477 1472 107 45 enim
1544 1472 94 45 non
1598 1472 121 45 simus
1678 1472 147 45 amplius
1772 1472 67 45 sub

1036 1509 165 42 paedagogo,
1166 1509 106 42 sicut
1237 1509 130 42 fideles
1332 1509 130 42 veteris
1426 1509 165 42 Testamenti
1556 1509 83 42 sub
1604 1509 95 42 Lege
1663 1509 142 42 fuerunt:
1757 1509 83 42 tamen

1027 1536 158 44 obligatio
1149 1536 73 44 ad
1185 1536 183 44 obedientiam
1331 1536 110 44 Legis
1404 1536 122 44 minime
1490 1536 85 44 est
1526 1536 122 44 sublata.

1068 1573 142 45 Octavum:
1174 1573 83 45 Qui
1222 1573 59 45 a
1245 1573 177 45 subiectione
1387 1573 106 45 Legis
1458 1573 94 45 sunt
1516 1573 130 45 redemti
1611 1573 59 45 &
1634 1573 83 45 non
1682 1573 94 45 sunt
1741 1573 83 45 sub
1776 1573 59 45 Le-

1035 1615 75 46 ge,
1078 1615 65 46 ad
1111 1615 75 46 eos
1154 1615 65 46 Lx
1186 1615 75 46 non
1229 1615 140 46 pertinet:
1336 1615 151 46 Christiant
1455 1615 54 46 a
1476 1615 161 46 subiectione
1605 1615 97 46 Legis
1670 1615 86 46 sunt
1723 1615 118 46 redemti
1799 1615 32 46 &

1030 1653 70 40 non
1070 1653 80 40 sunt
1120 1653 70 40 sub
1160 1653 90 40 Lege,
1220 1653 80 40 Gal.
1270 1653 60 40 4.
1301 1653 90 40 vers.
1361 1653 60 40 4.
1391 1653 60 40 5,
1421 1653 70 40 21.
1461 1653 90 40 Ergo,
1511 1653 50 40 &c.

1064 1684 116 49 RESP.
1141 1684 167 49 Processus
1270 1684 90 49 est
1321 1684 64 49 a
1347 1684 116 49 dicto
1424 1684 154 49 secundum
1540 1684 103 49 quid
1604 1684 77 49 ad
1642 1684 128 49 dictum
1719 1684 116 49 simpli-

1038 1721 118 42 citer.
1121 1721 166 42 Christiani
1251 1721 95 42 enim
1310 1721 130 42 redemti
1405 1721 95 42 sunt
1464 1721 59 42 a
1488 1721 178 42 subjectione
1630 1721 107 42 Legis
1701 1721 59 42 &
1725 1721 83 42 non
1760 1721 71 42 sun-

1033 1758 86 42 sub
1082 1758 110 42 Lege,
1155 1758 86 42 non
1204 1758 196 42 simpliciter,
1364 1758 110 42 quasi
1437 1758 123 42 nullam
1523 1758 135 42 amplius
1621 1758 184 42 obedientiam
1756 1758 74 42 Leg.

1042 1789 148 38 debeant;
1152 1789 86 38 sed
1202 1789 148 38 secundum
1312 1789 111 38 quid,
1386 1789 111 38 nempe
1460 1789 148 38 quatenus
1570 1789 86 38 non
1620 1789 135 38 amplius
1706 1789 135 38 tenentur.

1039 1824 207 49 perfectissime
1209 1824 73 49 in
1246 1824 85 49 hac
1295 1824 97 49 vita
1356 1824 134 49 implere
1453 1824 110 49 Legem
1526 1824 97 49 Dei,
1587 1824 97 49 quam
1648 1824 146 49 Christus
1758 1824 85 49 pro
1794 1824 49 49 i-

1046 1856 77 45 psis
1094 1856 115 45 implevit

1073 1883 112 44 Nonum:
1151 1883 156 44 Christiani
1274 1883 134 44 perstare
1374 1883 112 44 debent
1452 1883 67 44 in
1486 1883 145 44 libertate
1598 1883 78 44 qua
1642 1883 134 44 Christus
1743 1883 78 44 nos
1776 1883 56 44 li-

1030 1917 126 52 beravit
1121 1917 57 52 &
1144 1917 80 52 non
1190 1917 183 52 regredientes
1338 1917 149 52 implicare
1452 1917 160 52 servitutis
1578 1917 103 52 iugo,
1647 1917 91 52 Gal.
1704 1917 69 52 5.
1738 1917 69 52 1.
1761 1917 80 52 Ergo,

1032 1952 47 39 &c.

1068 1994 119 42 RESP.
1147 1994 145 42 Alienum
1252 1994 66 42 a
1279 1994 171 42 proposito
1410 1994 198 42 testimonium
1568 1994 184 42 allegatur:
1713 1994 92 42 Nam
1766 1994 79 42 in
1792 1994 53 42 eo

1032 2030 115 39 agitur
1113 2030 69 39 de
1148 2030 150 39 libertate
1263 2030 58 39 a
1286 2030 173 39 caeremoniis
1424 2030 92 39 Lege
1482 2030 127 39 Mofaica
1574 2030 173 39 praeceptis,
1712 2030 115 39 quarum
1781 2030 58 39 ob-

1038 2070 176 38 servationem
1179 2070 153 38 exigebant
1297 2070 106 38 quasi
1367 2070 164 38 necessaria
1496 2070 223 38 pseudoapostoli:
1684 2070 70 38 at
1720 2070 94 38 nunc
1767 2070 70 38 quae

1037 2096 89 43 stio
1092 2096 78 43 est
1137 2096 67 43 de
1170 2096 89 43 Lege
1225 2096 122 43 morali,
1314 2096 55 43 a
1336 2096 100 43 cujus
1403 2096 155 43 obedientia
1525 2096 78 43 nos
1569 2096 133 43 Christus
1669 2096 78 43 non
1713 2096 122 43 solvit:

1062 2124 140 43 Decimum:
1167 2124 140 43 Adversus
1272 2124 93 43 quos
1330 2124 82 43 non
1377 2124 82 43 est
1424 2124 93 43 Lex,
1482 2124 70 43 ad
1517 2124 82 43 eos
1563 2124 82 43 non
1610 2124 151 43 pertinet.
1715 2124 128 43 Adversus.

1027 2159 164 41 Christianos
1158 2159 77 41 non
1202 2159 77 41 est
1246 2159 87 41 Lex:
1300 2159 87 41 Gal.
1355 2159 66 41 5.
1388 2159 77 41 23.
1432 2159 98 41 Ergo,
1486 2159 55 41 &c.

1065 2190 119 44 RESP.
1144 2190 119 44 Major
1224 2190 146 44 negatur
1330 2190 132 44 Deinde
1422 2190 119 44 minor
1502 2190 93 44 est
1555 2190 225 44 restringenda.
1727 2190 119 44 Etiamsi

1039 2235 89 31 enim
1094 2235 133 31 adversus
1194 2235 167 31 Christianos
1328 2235 78 31 non
1372 2235 78 31 sit
1417 2235 89 31 Lex,
1472 2235 67 31 id
1506 2235 89 31 est,
1561 2235 78 31 non
1606 2235 111 31 teneat
1672 2235 167 31 conscientias.

1039 2263 109 37 eorum
1112 2263 85 37 sub
1160 2263 122 37 reatu;
1245 2263 85 37 non
1294 2263 158 37 condemnet
1416 2263 97 37 eos;
1476 2263 85 37 nec
1525 2263 109 37 cogat
1598 2263 73 37 ad
1634 2263 146 37 facienda
1744 2263 97 37 bona
1792 2263 49 37 o-

1043 2293 102 39 pera,
1111 2293 91 39 quum
1168 2293 136 39 Spiritus
1270 2293 114 39 Sancti
1349 2293 114 39 gratia
1429 2293 102 39 ultro
1497 2293 125 39 faciant
1588 2293 91 39 quae
1645 2293 80 39 Lex
1690 2293 136 39 imperat:
1781 2293 57 39 ta-

1038 2332 82 38 men
1085 2332 82 38 Lex
1132 2332 70 38 ad
1167 2332 82 38 eos
1214 2332 152 38 pertinet,
1331 2332 141 38 quatenus
1437 2332 94 38 illa
1495 2332 141 38 officium
1601 2332 94 38 suum
1659 2332 117 38 facere
1741 2332 82 38 non
1776 2332 59 38 de-

1034 2356 121 45 sinit,
1118 2356 133 45 docendo
1215 2356 60 45 &
1239 2356 169 45 exhortando
1359 2356 157 45 Christianos

1078 2388 162 45 Indecimum:
1206 2388 116 45 Quibus
1287 2388 81 45 Lex
1333 2388 81 45 non
1379 2388 81 45 est
1426 2388 127 45 posita,
1518 2388 69 45 ad
1553 2388 81 45 eos
1599 2388 81 45 non
1646 2388 151 45 pertinet:
1750 2388 81 45 Chri-

1037 2424 114 42 stianis
1120 2424 73 42 lex
1161 2424 73 42 non
1203 2424 73 42 est
1244 2424 114 42 posita,
1328 2424 135 42 quianusto
1431 2424 73 42 non
1473 2424 73 42 est
1515 2424 73 42 lex
1556 2424 104 42 posita
1629 2424 62 42 1.
1660 2424 114 42 Timoth.
1743 2424 62 42 1.
1774 2424 62 42 9.
1795 2424 52 42 Er-

1034 2462 86 51 go,
1071 2462 61 51 &c.

1063 2488 115 45 RESP.
1140 2488 128 45 Quibus
1230 2488 90 45 Lex
1281 2488 90 45 non
1332 2488 90 45 est
1383 2488 141 45 posita,
1486 2488 115 45 nempe
1562 2488 102 45 ullo
1626 2488 115 45 modo,
1703 2488 77 45 ad
1742 2488 90 45 eos
1780 2488 64 45 non

1051 2532 144 34 ertinet.
1159 2532 72 34 At
1195 2532 180 34 Christianis
1339 2532 84 34 lex
1387 2532 84 34 non
1435 2532 84 34 est
1484 2532 132 34 posita,
1580 2532 108 34 nempe
1652 2532 144 34 duntaxat
1748 2532 96 34 aliquo

1029 2556 118 40 modo:
1107 2556 91 40 non
1160 2556 91 40 est
1212 2556 105 40 enim
1277 2556 91 40 eis
1329 2556 131 40 posita
1421 2556 157 40 duntaxat
1538 2556 118 40 quoad
1617 2556 235 40 condemnationem
1800 2556 39 40 &

1033 2597 187 45 ceactionem.
1182 2597 87 45 Sed
1232 2597 112 45 quoad
1306 2597 199 45 obligationem
1468 2597 75 45 ad
1505 2597 199 45 obedientiam,
1667 2597 87 45 est
1717 2597 124 45 posita
1791 2597 50 45 o-

1033 2622 135 44 mnibus
1115 2622 162 44 hominibus.

1069 2654 122 44 Maneat
1154 2654 122 44 igitur
1239 2654 134 44 firmum,
1337 2654 85 44 De:
1385 2654 122 44 alugum
1471 2654 73 44 ad
1507 2654 183 44 Christianos
1641 2654 146 44 pertinere.

1080 2684 142 52 SECUNDO
1184 2684 168 52 quaeritur
1313 2684 78 52 de
1352 2684 220 52 distributione
1520 2684 129 52 Decalogi

1072 2721 181 43 Distribu:tur
1219 2721 68 43 in
1253 2721 136 43 exordium
1354 2721 57 43 &
1377 2721 113 43 certas
1445 2721 113 43 tabulas.

1070 2741 151 54 Exordium
1184 2741 151 54 Decalogi
1297 2741 176 54 continetur
1435 2741 88 54 his
1486 2741 138 54 verbis:
1586 2741 88 54 Ego
1637 2741 88 54 sum
1687 2741 126 54 Iehova
1763 2741 76 54 Deus

1034 2787 103 41 tuus,
1102 2787 80 41 qui
1148 2787 103 41 eduxi
1216 2787 68 41 te
1250 2787 57 41 e
1273 2787 103 41 terra
1342 2787 137 41 AEgypti,
1444 2787 57 41 e
1467 2787 91 41 domo
1524 2787 148 41 servorum.
1638 2787 80 41 Hoc
1684 2787 137 41 exordium
1775 2787 57 41 est

1038 2818 97 41 vice
1099 2818 146 41 prooemii
1208 2818 146 41 cujusdam
1317 2818 73 41 in
1353 2818 109 41 totum
1426 2818 170 41 Decalogum,
1560 2818 97 41 cont
1621 2818 97 41 nens
1681 2818 182 41 descriptio

1035 2850 87 44 nem
1084 2850 210 44 Legislatoris,
1257 2850 87 44 tum
1307 2850 74 44 ut
1344 2850 74 44 ne
1381 2850 136 44 vagemur
1480 2850 99 44 hinc
1541 2850 99 44 inde
1603 2850 136 44 meiibus
1702 2850 136 44 nostris
1789 2850 49 44 in

1054 2884 167 47 quaerendo
1183 2884 206 47 Legislatore,
1350 2884 64 47 &
1375 2884 90 47 Deo
1427 2884 103 47 quem
1491 2884 154 47 colamus,
1607 2884 103 47 neve
1671 2884 116 47 nobis
1735 2884 103 47 temere

1043 2916 156 45 fingamus
1160 2916 117 45 novum
1238 2916 143 45 aliquem
1341 2916 104 45 Deum
1406 2916 169 45 detelicto
1536 2916 91 45 Deo
1588 2916 117 45 vero,
1665 2916 91 45 sed
1717 2916 78 45 ut
1743 2916 91 45 certe

1050 2949 118 45 sciamus
1136 2949 86 45 quis
1190 2949 75 45 sit
1232 2949 96 45 verus
1297 2949 86 45 ille
1350 2949 96 45 Deus:
1414 2949 75 45 tum
1457 2949 64 45 ut
1489 2949 118 45 sciamus
1575 2949 139 45 perfectae
1682 2949 139 45 justitiae
1778 2949 54 45 re-

1059 2984 107 48 qulam
1130 2984 59 48 a
1154 2984 83 48 Deo
1201 2984 107 48 nobis
1272 2984 154 48 traditam,
1391 2984 83 48 nec
1438 2984 154 48 praecepta
1557 2984 118 48 cultus
1640 2984 83 48 Dei
1687 2984 59 48 &
1711 2984 107 48 morum
1770 2984 71 48 alia

1047 3018 168 48 quaerenda,
1179 3018 96 48 quam
1239 3018 96 48 quae
1300 3018 60 48 a
1324 3018 84 48 Deo
1372 3018 96 48 ipso
1432 3018 168 48 emanarunt;
1564 3018 84 48 tum
1612 3018 72 48 ut
1649 3018 132 48 aeterna
1733 3018 96 48 conci-

1042 3047 122 57 lietur
1127 3047 147 57 Decalogo
1237 3047 171 57 autoritas,
1372 3047 98 57 quae
1433 3047 86 57 nos
1482 3047 73 57 ad
1518 3047 159 57 perpetuum
1640 3047 159 57 obsequium
1750 3047 98 57 valide

1060 3093 153 42 permoveat.

1071 3117 134 43 Quatuor
1168 3117 110 43 autem
1242 3117 171 43 argumentis
1376 3117 171 43 Legislator
1510 3117 73 43 se
1546 3117 171 43 describit,
1680 3117 98 43 quae
1729 3117 110 43 totidem

1032 3156 102 38 sunt
1096 3156 204 38 obligationes
1262 3156 77 38 ad
1301 3156 192 38 obedientiam
1454 3156 64 38 &
1479 3156 217 38 observationem
1658 3156 166 38 Decalogi:
1773 3156 77 38 Pri-

1045 3180 81 56 mum
1092 3180 92 56 est,
1149 3180 92 56 quod
1207 3180 81 56 sit
1253 3180 127 56 JEHOVA,
1346 3180 69 56 id
1381 3180 92 56 est,
1438 3180 81 56 qui
1485 3180 104 56 solus
1554 3180 92 56 vere
1612 3180 58 56 &
1635 3180 127 56 proprie
1727 3180 92 56 est,
1785 3180 81 56 qui

1040 3220 71 49 ab
1076 3220 130 49 aeterno
1170 3220 71 49 in
1205 3220 141 49 aeternum
1311 3220 94 49 est,
1370 3220 59 49 a
1394 3220 82 49 quo
1441 3220 106 49 omnia
1511 3220 94 49 quae
1570 3220 106 49 sunt,
1641 3220 118 49 habent
1723 3220 94 49 quod
1770 3220 71 49 sunt
